4090 6426
91 288 153 350 35³3

145 475 311 600 Episcopo
331 517 391 600 (a),
408 520 442 582 cl
462 519 608 594 captum
627 521 843 580 lucdunensi.

394 707 530 770 QtPUT
551 708 591 769 11.

138 885 346 964 Significavit
373 885 468 948 nobis
492 889 532 948 R.
562 881 743 946 canonicus
770 883 894 945 virdu-

94 985 223 1057 nensis,
249 984 334 1062 quod
363 999 463 1062 quum
492 983 571 1044 olim
597 999 671 1043 cum
697 981 894 1059 quibusdam

96 1083 175 1144 aliis
190 1080 360 1144 canonicis
383 1081 515 1152 vestris,
537 1080 696 1142 intrasset
711 1077 894 1155 primicerii

95 1180 202 1242 vestri
216 1179 359 1251 domum,
374 1178 407 1240 et
427 1177 500 1255 ipso
524 1177 714 1254 primicerio
734 1177 770 1236 in
787 1191 892 1246 coena,

96 1293 167 1338 una
196 1292 270 1338 cum
298 1276 393 1337 bonae
425 1276 594 1336 memoriae
622 1276 663 1334 H.
692 1273 895 1335 Virdunensi

98 1375 261 1436 canonico
284 1373 467 1446 residente,
494 1372 600 1433 dictus
628 1375 668 1434 R.
697 1373 731 1432 et
753 1371 812 1432 alii
839 1371 895 1448 qui

99 1489 176 1533 cum
187 1487 226 1532 eo
237 1471 443 1532 intraverant
457 1469 600 1531 ludendo
611 1468 788 1546 coepissent
799 1469 897 1530 alter·

100 1573 176 1632 utro
196 1569 283 1630 inter
293 1584 328 1629 se
337 1571 451 1645 jacere
462 1568 597 1628 nucleos
608 1567 813 1644 persicorum
824 1563 870 1646 (l)
886 1583 894 1622 ε

98 1667 245 1738 tandem,
265 1664 343 1727 ludo
366 1664 545 1737 crescente,
568 1679 689 1742 aquam
712 1668 745 1726 et
767 1677 896 1725 coenum

95 1767 211 1841 jacere
223 1762 446 1839 incoeperunt;
463 1762 551 1824 idem
574 1761 677 1838 igitur
695 1763 734 1824 R.
757 1775 897 1839 parvum

100 1861 242 1939 projecit
259 1860 410 1938 lapillum
433 1849 548 1922 contra
567 1875 636 1932 eos,
659 1873 726 1920 non
746 1857 894 1932 credens,

101 1957 188 2036 quod
217 1957 275 2019 illo
304 1957 426 2035 aliquis
453 1956 531 2019 laedi
557 1955 681 2034 posset,
711 1971 773 2017 nec
797 1956 898 2018 etiam

100 2057 181 2118 tunc
200 2053 328 2117 audivit
350 2055 494 2131 aliquem
516 2069 590 2115 esse
614 2054 756 2114 laesum:
781 2069 898 2115 verum

102 2152 261 2230 praelatus
276 2151 531 2214 archidiaconus
554 2151 612 2214 illo
627 2149 691 2213 ruit
700 2150 798 2230 Juxta
818 2168 900 2214 ocu-

101 2250 184 2323 lum,
214 2249 314 2328 prout
334 2249 518 2323 videbatur,
546 2247 665 2312 leviter
690 2249 896 2323 vulneratus,

103 2347 162 2426 qui
173 2348 293 2410 vulnus
307 2346 497 2425 hujusmodi
520 2346 729 2425 vilipendens
743 2347 900 2410 continue

104 2445 254 2523 sequenti
269 2445 334 2518 die,
349 2460 388 2506 ac
406 2444 505 2506 tertio
528 2443 699 2523 equitavit,
720 2445 754 2506 et
773 2443 822 2506 sic
840 2459 901 2524 per

103 2543 305 2605 incautelam
321 2545 393 2620 ejus
406 2541 513 2618 capite
524 2541 728 2602 tumescente
748 2555 814 2602 non
827 2541 900 2618 post

103 2641 244 2701 multum
273 2639 434 2716 temporis
454 2638 541 2699 diem
563 2637 682 2700 clausit
703 2637 898 2701 extremum.

105 2737 200 2798 Unde
215 2735 322 2797 dictus
336 2738 376 2797 R.
392 2733 488 2795 nobis
503 2733 675 2796 humiliter
690 2733 898 2814 supplicavit,

103 2837 274 2906 utsecum,
287 2832 343 2909 qui
354 2831 475 2908 praeter
484 2830 631 2893 dolorem
644 2847 741 2910 quem
752 2831 903 2912 concepit

102 2933 147 2993 de
162 2929 267 2992 morte
291 2928 518 2990 archidiaconi
536 2929 722 3004 memorati,
743 2929 783 2994 de
806 2933 902 3009 cujus

104 3026 244 3104 speciali
255 3024 402 3087 amicitia
412 3024 597 3098 laetabatur,
610 3027 681 3103 jam
693 3042 752 3104 per
762 3026 904 3105 quatuor

106 3140 213 3187 annos
228 3123 414 3201 etamplius
430 3123 467 3183 in
480 3123 701 3185 amaritudine
711 3123 902 3200 penitentiae

105 3223 210 3284 vitam
226 3220 330 3292 duxit,
345 3219 608 3282 misericordiam
621 3220 731 3282 lacere
746 3220 904 3298 dignare-

107 3335 192 3380 mur.
207 3320 285 3396 Ejus
304 3317 408 3394 igitur
428 3317 723 3395 supplicationibus
738 3317 901 3392 inclinati,

108 3415 192 3477 disc.
213 3433 244 3476 v.
265 3432 308 3476 m.
330 3414 492 3492 quatenus
513 3416 554 3476 de
580 3416 810 3478 misericordia
831 3432 904 3494 quaa

109 3512 336 3590 superexaltat
358 3513 532 3589 judicium,
566 3511 692 3574 tructus
719 3513 905 3590 praebendae

109 3627 180 3674 suae
195 3610 349 3672 tribuatis
359 3609 478 3680 eidem,
494 3609 527 3670 et
541 3609 645 3670 sacris
656 3609 720 3670 sibi
735 3607 906 3671 ordinibus

109 3706 307 3779 interdictis,
321 3707 430 3782 ipsum
442 3704 639 3782 permittatis
660 3707 696 3766 11
710 3705 858 3781 psalmis,
869 3706 908 3768 et

109 3803 251 3866 canticis
292 3803 521 3880 spiritualibus
559 3803 699 3865 Domino
738 3803 905 3876 famulari,

110 3900 288 3962 dummodo
298 3901 434 3975 gravari
444 3898 636 3962 scandalum
648 3915 716 3961 non
727 3901 906 3978 contingat.

200 4083 378 4154 Episcopo,
402 4079 435 4141 et
454 4079 603 4153 capituto
629 4081 819 4142 Venetenst.

406 4257 543 4318 CAPUT
564 4257 620 4317 111.

155 4419 302 4480 loannes
332 4416 488 4478 sacerdos
506 4415 624 4478 humili
648 4416 743 4479 nobis
757 4417 912 4480 insinua-

153 4653 196 4727 (o)
214 4655 352 4724 Episcopo
378 4652 561 4710 Vtrduncuti.
583 4652 685 4709 loanni
711 4653 912 4723 Despremont,

114 4729 162 4808 vel
177 4724 345 4784 successori.
362 4721 511 4795 Radulpho
526 4719 562 4778 de
576 4723 756 4804 Toretaqui,
773 4721 913 4779 referente

115 4791 731 4997 pertitinaciterttttttvt
744 4793 914 4922 1111111

128 4953 197 4996 rens
208 4952 224 4993 1
237 4953 256 4993 r.

155 5031 346 5092 Homicidium
365 5031 525 5089 inconsulto
545 5028 650 5088 lactum
669 5029 788 5104 dignum
804 5037 848 5088 est
863 5045 912 5104 pc·

117 5105 255 5170 nitentia,
277 5117 342 5160 can.
365 5103 476 5170 clerico,
498 5101 534 5159 50
556 5099 693 5170 distinct,
719 5101 786 5158 lieet
807 5101 915 5158 crimen

118 5173 268 5234 homicidii
282 5187 341 5230 nou
359 5173 528 5240 incurratur,
540 5186 604 5245 cap.
619 5173 703 5239 tator,
717 5169 772 5229 boc
783 5173 825 5228 tit.
841 5173 915 5243 apud

119 5249 240 5319 Gregor.
264 5246 300 5302 Et
321 5243 377 5301 hoc
396 5249 511 5316 propter
532 5241 650 5300 humani
673 5242 824 5316 sanguinis
847 5241 916 5301 eilu-

119 5319 243 5384 sionem‚
266 5329 330 5387 quta
353 5329 467 5386 semper
495 5313 608 5384 culpam
637 5311 752 5386 ingerit,
779 5312 846 5370 licet
876 5314 917 5370 rei

119 5390 206 5446 licite
224 5385 289 5458 quis
304 5384 459 5452 vacaverit,
482 5391 510 5440 et
522 5383 699 5458 diligentiam
723 5385 916 5442 necessariam

121 5457 291 5526 adhibuerit,
305 5471 370 5528 cap.
384 5469 444 5526 seq.
457 5461 485 5510 et
499 5469 562 5526 cap.
575 5456 635 5519 ult,
649 5453 712 5511 eod.
729 5455 917 5512 Distinctione

119 5538 219 5587 tamen
234 5527 347 5597 habita;
363 5541 430 5583 nam
450 5531 498 5581 aut
512 5525 586 5584 inest
601 5526 656 5582 latu
678 5525 759 5610 culpa
776 5532 804 5583 et
823 5526 914 5598 negli-

122 5601 233 5674 gentia,
257 5598 300 5656 vel
323 5597 480 5668 levissima,
497 5611 561 5668 quaa
583 5595 629 5652 vir
644 5596 794 5668 praevrderi
807 5604 901 5670 potest
908 5612 917 5670 ;

311 5766 426 5810 ruram.
446 5764 520 5808 rous
539 5751 561 5807 l.

592 281 749 358 QUINTA
769 281 1032 344 committo.
1060 281 1184 344 L1BER
1204 281 1244 344 V.

1680 287 1738 348 354

946 444 1036 506 tione
1054 443 1260 515 monstravit,
1286 441 1372 520 quod
1399 453 1499 520 quum
1521 445 1575 507 die
1597 447 1738 524 quadam

946 542 1095 619 pulsaret
1103 556 1292 618 campanas,
1307 541 1343 602 ut
1357 541 1451 616 signo
1462 541 1538 604 dato
1549 545 1741 606 conveniret

948 639 1088 717 populus
1103 639 1250 701 fidelium
1270 639 1311 700 ad
1331 638 1455 712 divina,
1479 639 1602 702 cadens
1624 642 1742 704 tintin-

947 737 1104 799 nabulum
1143 736 1308 814 percussit
1341 737 1514 813 quemdam
1553 741 1742 801 manentem

947 851 1087 914 puerum
1108 851 1220 896 coram
1248 850 1298 907 eo,
1315 833 1372 912 qui
1392 834 1471 896 licet
1487 835 1680 898 vulneratus
1706 836 1742 900 ‘tn

948 933 1056 1009 capite
1070 947 1131 1010 per
1151 947 1297 993 mensem
1313 947 1426 994 curam
1448 933 1574 1010 recepit
1595 933 1744 995 medico-

948 1045 1034 1103 rum,
1050 1031 1125 1107 post
1138 1045 1286 1092 mensem
1301 1030 1424 1102 tamon,
1441 1031 1519 1107 quia
1533 1030 1654 1093 vulnus
1671 1033 1743 1094 erat

948 1127 1099 1198 mortale,
1111 1127 1267 1190 decessit:
1278 1127 1364 1190 unde
1376 1127 1471 1188 nobis
1484 1127 1655 1190 humiliter
1669 1145 1745 1206 sup-

949 1223 1096 1303 plicavit,
1110 1225 1146 1286 11
1155 1224 1415 1286 misericorditer
1426 1225 1562 1300 agentes
1571 1241 1646 1286 cum
1655 1226 1740 1302 ipso,

949 1324 1214 1400 permitteremus
1229 1321 1292 1382 sibi
1311 1322 1448 1398 exsequi
1464 1315 1609 1384 oldciudr
1631 1337 1745 1386 sacer-

950 1421 1046 1482 dotis.
1063 1421 1131 1482 Nos
1144 1419 1247 1495 igitur
1259 1417 1465 1480 attendentes
1484 1418 1570 1495 quod
1586 1419 1673 1480 dicto
1688 1435 1745 1480 sa-

951 1518 1075 1580 cerdoti
1101 1517 1158 1596 qui
1183 1515 1284 1578 dabat
1308 1531 1442 1593 operam
1464 1516 1515 1577 rei
1537 1515 1638 1577 licitae
1660 1516 1745 1578 nihil

951 1615 1057 1694 potuit
1079 1613 1247 1690 imputari,
1277 1614 1307 1674 si
1328 1627 1425 1674 casus
1449 1627 1563 1674 omnes
1591 1611 1744 1675 fortuitos

951 1728 1017 1773 non
1031 1711 1195 1789 praevidit,
1212 1709 1293 1772 disc.
1309 1727 1341 1770 v.
1357 1725 1401 1770 m.
1417 1711 1592 1786 quatenus,
1610 1709 1638 1770 si
1651 1709 1745 1771 vobis

951 1806 1137 1871 constiterit
1150 1807 1280 1870 remita
1292 1823 1377 1878 esse,
1390 1807 1513 1868 dictum
1526 1807 1742 1880 sacerdotem,

951 1907 980 1970 si
993 1903 1083 1969 aliud
1094 1904 1291 1970 canonicum
1302 1920 1370 1966 non
1381 1903 1524 1977 obsistit,
1541 1903 1746 1966 sacerdotale

952 2005 1109 2077 osticium,
1137 2001 1266 2065 sublato
1285 2001 1462 2078 cujuslibet
1488 1999 1609 2080 appell.
1635 1999 1746 2064 obsta-

953 2103 1038 2176 culo,
1054 2100 1193 2179 exsequi
1204 2098 1413 2177 permittatis.

1026 2399 1178 2474 Pelopia,
1192 2396 1281 2457 dicto
1292 2395 1452 2456 serotino
1461 2394 1673 2470 presbytera.

1246 2613 1381 2676 CAPUT
1400 2611 1455 2674 IV.

995 2835 1281 2902 Petitiotuanobis
1291 2835 1439 2899 exhibita
1450 2833 1648 2908 continebat,
1663 2835 1750 2914 quod

956 2953 1056 3016 quum
1081 2934 1210 2997 inimici
1235 2933 1344 2994 crucis
1371 2931 1563 3005 Dominicae,
1593 2948 1633 2995 ac
1660 2930 1751 2994 blas·
1779 2979 1783 2990 ,

956 3033 1068 3112 pheml
1095 3029 1240 3093 nominis
1264 3029 1451 3102 christiani,
1479 3029 1624 3092 castrum
1645 3029 1752 3106 quod-

957 3131 1032 3196 dam
1046 3131 1082 3192 11
1096 3145 1161 3206 quo
1175 3125 1360 3190 morabaris
1375 3125 1523 3204 graviter
1538 3126 1749 3200 invasissent,

957 3225 1155 3291 exeuntibus
1167 3225 1244 3287 inde
1254 3223 1509 3296 habitatoribus,
1523 3225 1591 3286 tam
1606 3225 1749 3299 clericis,

958 3342 1056 3404 quam
1070 3323 1179 3396 laicis
1205 3321 1321 3384 contra
1336 3338 1392 3383 eos
1416 3321 1449 3384 et
1467 3322 1611 3384 invicem
1634 3321 1754 3384 conili-

958 3421 1121 3500 gentibus,
1151 3419 1231 3480 binc
1266 3419 1344 3479 inde
1381 3418 1484 3480 occisi
1518 3418 1753 3496 quamplurimi

960 3517 1150 3581 extiterunt.
1178 3516 1272 3578 Unde
1295 3531 1395 3591 quum
1430 3530 1480 3587 eo,
1513 3515 1600 3590 quod
1624 3513 1753 3591 aliquos

960 3613 1153 3694 percussisti
1183 3610 1462 3686 irregularitatem
1493 3611 1612 3672 metuis
1640 3612 1756 3673 incur·

960 3714 1057 3785 risse,
1082 3709 1178 3772 nobis
1197 3706 1367 3769 humiliter
1391 3705 1595 3784 supplicasti,
1618 3707 1754 3786 utquid

962 3824 1062 3886 agere
1075 3805 1264 3869 debeastibi
1274 3804 1420 3866 scribere
1435 3803 1658 3881 dignaremur.
1674 3807 1757 3877 Quo-

962 3905 1141 3974 circadisc.
1157 3905 1181 3966 t.
1196 3919 1239 3964 m.
1250 3902 1423 3980 quatenus,
1438 3902 1467 3963 si
1477 3901 1517 3963 de
1526 3902 1756 3966 interlectione

963 4007 1158 4084 quusquam
1172 4002 1208 4062 in
1222 3999 1280 4062 illo
1295 3999 1452 4062 conflictu
1474 4000 1532 4062 tua
1553 4001 1757 4064 conscientia

962 4103 995 4166 te
1015 4098 1192 4172 remordet,
1209 4113 1229 4158 1
1250 4097 1436 4160 ministerio
1451 4097 1567 4160 altaris
1589 4097 1758 4160 abstineas

962 4198 1165 4270 reverenter,
1189 4211 1288 4273 quum
1311 4195 1355 4257 sit
1374 4195 1556 4257 consultius
1582 4195 1618 4256 in
1637 4196 1758 4274 hujus-

964 4296 1053 4359 modi
1079 4294 1178 4356 dubio
1203 4293 1385 4364 abstinere,
1425 4308 1524 4371 quam
1551 4293 1675 4356 temere
1703 4310 1759 4356 ce-

965 4392 1106 4456 lebrare
1157 4431 1161 4440 1

958 4652 1023 4709 boc
1034 4663 1104 4706 casu
1117 4645 1214 4702 mitius
1232 4647 1336 4718 agitur,
1357 4658 1443 4716 quum
1468 4641 1525 4710 illo,
1548 4655 1583 4697 ex
1606 4643 1640 4698 I).
1664 4639 1760 4697 Basilii

968 4719 1118 4786 sententia,
1135 4730 1201 4773 can.
1214 4713 1599 4782 1611111111111111.,11
1612 4717 1644 4772 et
1653 4709 1761 4780 optime

968 4789 1116 4863 distinguit
1127 4787 1260 4844 Balsumo
1272 4783 1308 4842 ad
1320 4799 1384 4841 can.
1400 4785 1445 4850 91,
1460 4777 1561 4855 synodi
1571 4781 1599 4848 d,
1612 4780 1640 4836 in
1655 4779 1759 4836 Trullo.

968 4866 1001 4922 11
1016 4875 1084 4920 casu
1100 4865 1194 4915 eutem
1210 4854 1294 4928 hujus
1310 4869 1373 4926 cap.
1390 4852 1466 4909 11111
1488 4851 1547 4908 lere
1565 4849 1762 4932 1111111111

969 4941 1146 4992 1111111111
1161 4925 1353 4999 penitentiam
1374 4921 1560 4996 quadriennio
1579 4929 1649 4993 egit,
1670 4935 1704 4978 ac
1718 4934 1760 4976 m-

969 5005 1050 5062 terim
1066 4995 1226 5074 praebendae
1241 4993 1377 5052 fructibus
1395 4994 1495 5050 caruit.
1513 4990 1704 5049 Homicidium
1723 4990 1761 5048 iu

970 5075 1067 5132 bonet
1079 5068 1216 5134 Ecclesia,
1239 5073 1270 5124 ut
1291 5065 1479 5122 minutissima
1504 5062 1638 5120 animalia
1657 5059 1692 5118 ab
1705 5059 1763 5116 hoc

970 5144 1089 5203 crimine
1102 5154 1160 5199 uon
1172 5139 1287 5204 eximat,
1304 5136 1386 5193 sicuti
1400 5134 1435 5191 de
1451 5133 1551 5207 apibus
1572 5131 1683 5201 dicitur,
1699 5145 1764 5214 quaa⁸

969 5215 1080 5274 homini
1094 5217 1216 5269 mortem
1227 5208 1390 5275 intulerant,
1406 5219 1478 5277 quas
1493 5203 1658 5262 festinanter
1672 5201 1763 5260 occidi

968 5287 1048 5359 jubet
1066 5298 1129 5341 111.
1149 5280 1185 5337 ot
1207 5279 1319 5337 concilii
1338 5275 1575 5356 llormaciensisg¹
1591 5282 1619 5334 ct
1640 5274 1676 5331 dc
1689 5271 1763 5355 bove

972 5361 1068 5415 namat
1081 5357 1238 5412 Pausanias
1253 5350 1283 5406 in
1302 5349 1421 5415 Eliadis,
1441 5361 1475 5403 cu
1491 5361 1523 5403 us
1537 5359 1646 5403 crimen
1665 5359 1761 5416 expra-

971 5435 1045 5486 runt.
1059 5425 1128 5483 Rlael
1143 5437 1178 5479 eo
1189 5423 1243 5478 ritu
1255 5435 1310 5492 quo
1325 5419 1442 5470 ἀκούσιον
1458 5435 1473 5482 p
1487 5435 1541 5476 νον,
1566 5415 1594 5473 id
1608 5423 1653 5472 est
1666 5415 1761 5472 incon·

970 5499 1076 5558 tultam
1093 5494 1201 5564 codem,
1215 5505 1339 5564 purgare
1351 5495 1568 5546 consueverant.

1008 5593 1049 5670 (l)
1069 5593 1187 5666 Noycux
1199 5589 1234 5646 de
1249 5585 1366 5661 peches.

1528 5731 1571 5790 tt.
