4090 6426
551 265 707 340 Qurrt'ht
737 259 989 322 comprimo
1031 256 1109 328 LIB.
1133 257 1189 316 111.
1637 254 1696 314 314

42 281 100 341 313
165 301 168 308 ·

44 439 201 508 mentum,
225 433 316 496 tante
341 427 516 492 sollicitius
542 425 662 490 vestris
685 431 842 488 volumus
897 419 986 492 cilio,
1003 418 1044 479 de
1059 431 1123 495 quo
1137 414 1228 502 nulla
1243 411 1368 474 mentio
1384 412 1483 474 estin
1498 411 1618 474 litteris
1633 427 1696 473 an-

45 535 218 616 providere
234 529 434 610 profectibus
454 528 486 588 et
511 522 761 602 gravaminibus
778 519 841 581 ob·
896 515 1037 586 tedicus,
1054 508 1228 591 postulasti
1246 509 1359 570 nostro
1374 507 1506 568 edoceri
1521 523 1692 586 responso,

46 637 138 697 viare
156 655 162 692 :
180 647 220 692 ea
244 628 388 707 propter,
414 621 526 686 dilecti
552 623 588 684 in
614 619 753 684 Domino
769 617 840 688 filii,

46 733 165 796 restris
201 724 479 806 postulationibus
503 721 699 792 annuentes,
729 716 844 778 aucto-

47 831 144 894 ritate
160 825 380 906 praesentium
404 819 553 889 districte
574 816 773 887 inhibemus
802 829 843 874 ne

49 930 120 1008 quis
140 941 200 1004 pro
222 940 272 996 eo,
304 921 390 1000 quod
417 917 614 998 quandoque
635 917 671 976 in
695 908 843 990 grangiis

48 1025 165 1089 vestris
193 1021 316 1101 ponitis
344 1019 473 1094 aliquos
503 1018 632 1077 vestros
663 1008 844 1072 mona'chos

50 1121 246 1192 sacerdotes,
264 1118 320 1198 qui
335 1115 503 1179 celebrent
516 1113 552 1175 in
567 1110 704 1189 capellis
721 1107 844 1169 ibidem

51 1218 315 1289 consistentibus
334 1230 448 1276 curam
470 1229 537 1273 non
557 1207 755 1272 habentibus
770 1205 846 1269 ani-

51 1336 189 1390 marum,
213 1314 334 1377 audeat
356 1329 375 1373 a
396 1310 490 1372 vobis
513 1307 765 1386 procurationes
785 1319 844 1383 pro

51 1418 129 1495 ipsis
142 1413 292 1494 grangiis
303 1411 502 1487 extorquere
519 1404 579 1487 (1).

236 1567 402 1640 Episcopo
420 1560 579 1622 Verretea.
604 1554 616 1635 (
640 1555 665 1636 ).

350 1713 487 1774 CAPUT
508 1711 549 1771 11.

90 1858 138 1916 Ex
149 1852 243 1930 parte
253 1852 310 1912 tua
321 1846 385 1909 fuit
396 1843 601 1924 propositum
612 1855 724 1902 coram
739 1835 845 1908 nobis,

54 1952 136 2030 quod
164 1943 443 2025 conquerentibus
470 1941 549 2002 olim
574 1937 620 2018 (b)
649 1935 777 2006 abbate,
807 1948 847 1994 ac

54 2050 216 2114 conventu
232 2044 369 2108 Rivensi
383 2040 499 2104 venet.
523 2035 687 2108 dioecesis,
712 2029 797 2111 quod
812 2031 848 2092 tu

54 2148 249 2225 compellere
264 2140 455 2204 moliebaris
477 2135 619 2207 eosdem,
644 2134 680 2194 ut
694 2131 850 2193 institue-

54 2248 125 2309 rent
160 2243 207 2325 (c)
243 2242 355 2320 plures
384 2236 563 2299 monachos
591 2233 626 2293 in
653 2228 848 2309 quibusdam

55 2346 121 2406 suis
143 2339 346 2421 prioratibus
370 2337 436 2398 tuae
460 2331 625 2402 dioecesis,
649 2329 685 2389 in
709 2341 849 2406 quorum

56 2441 193 2518 singulis
229 2435 353 2514 singuli
379 2430 534 2494 monachi
560 2428 720 2490 hactenus
749 2423 851 2485 stete-

55 2540 137 2610 rant,
153 2532 419 2615 quampluribus
441 2527 616 2590 facultates
639 2541 707 2586 non
722 2536 848 2598 suppe-

55 2639 123 2700 tant
138 2633 341 2697 eorumdem.
358 2631 426 2690 Nos
437 2625 486 2706 (d)
501 2624 611 2686 abbati
622 2617 850 2682 sanctihlbini

55 2735 266 2810 andegaven.
299 2729 333 2790 et
364 2725 501 2800 collegis
536 2725 608 2799 ejus
635 2733 694 2797 per
721 2717 850 2778 litteras

55 2835 185 2894 nostras
205 2827 355 2890 dedimus
379 2824 414 2884 in
435 2818 612 2890 mandatis
638 2816 674 2877 ut
699 2815 739 2875 de
760 2814 852 2891 ipso-

55 2949 126 2991 rum
152 2928 305 2988 locorum
333 2916 544 2982 facultatibus
571 2913 787 2991 inquirentes,
816 2911 851 2970 in

57 3043 169 3089 eorum
192 3021 333 3098 singulis
354 3017 502 3080 facerent
514 3014 625 3091 plures
636 3009 765 3072 institui
779 3024 853 3069 rno-

57 3125 191 3194 nachos
209 3120 238 3180 si
252 3116 402 3196 pluribus
415 3114 549 3174 illorum
565 3107 731 3170 sufiiciunt
745 3105 852 3166 facul-

58 3226 156 3294 tates;
180 3216 328 3294 alioquin
342 3213 402 3276 tibi
422 3207 618 3272 auctoritate
637 3203 850 3283 praesentium

57 3316 254 3387 inhiberent,
272 3325 313 3374 ne
330 3310 481 3372 abbatem
504 3307 536 3368 et
554 3302 751 3366 conventum
764 3317 852 3378 prae-

58 3419 161 3480 dictos
176 3411 369 3476 molestares
393 3421 493 3484 super
510 3400 720 3464 instituendis
740 3397 851 3475 pluri-

57 3517 117 3578 bus
132 3516 167 3576 in
177 3511 319 3574 eisdem:
337 3505 424 3566 unde
435 3503 536 3565 iidem
548 3498 649 3560 abbas
660 3499 692 3558 et
708 3511 853 3558 conven-

58 3615 108 3674 tus
122 3608 297 3673 occasione
303 3599 491 3680 hujusmodi
503 3596 689 3658 litterarum
700 3590 853 3654 asserunt

60 3711 121 3772 sibi
136 3723 210 3770 esse
226 3715 430 3770 concessum,
447 3695 532 3756 utin
550 3690 690 3767 singulis
705 3690 852 3750 locorum

60 3811 206 3885 ipsorum
224 3797 348 3874 singuli
374 3791 537 3880 monachi
553 3786 808 3858 commorentur,
824 3784 853 3846 si

60 3904 209 3984 pluribus
229 3894 403 3960 facultates
430 3906 495 3952 non
527 3885 703 3964 suppetant
721 3899 855 3945 eorum-

61 4005 142 4066 dem.
160 4003 266 4071 Quum
289 3989 447 4054 autemid
473 3985 584 4048 obviet
605 3984 757 4045 Lateran.
774 3996 855 4043 con-

61 4192 137 4266 litani
152 4190 315 4258 comitatus,
332 4186 411 4244 titulo
422 4184 477 4241 inei
500 4183 540 4252 ni,
557 4182 584 4238 S.
602 4177 719 4238 Thorace
739 4176 855 4234 familiae

62 4263 211 4334 gentilitio,
230 4261 297 4317 alirn
312 4257 439 4324 celebris,
461 4198 545 4312 8111111
556 4252 604 4308 lib.
621 4253 687 4308 lllll
704 4267 711 4306 ;

158 4335 248 4402 Atque
262 4329 333 4386 viris
348 4329 444 4398 inperia
459 4323 587 4381 excurrit
596 4322 751 4392 Aqaiaam.

98 4403 137 4476 tl)
158 4407 197 4460 La
213 4401 334 4474 grangia
353 4397 421 4455 etait
439 4409 472 4453 ce
494 4409 549 4466 que
570 4407 643 4448 nous
667 4389 856 4463 appellerions

63 4489 116 4532 une
125 4478 214 4546 serrae
226 4475 412 4544 appartenant
425 4483 460 4524 au
469 4471 593 4522 couvent
606 4462 657 4520 des
670 4462 782 4518 moines
793 4460 853 4516 cul·

66 4547 208 4613 tivateurs,
224 4540 315 4599 sttude
328 4545 449 4597 souvent
463 4535 479 4593 11
494 4535 568 4592 deux
582 4549 620 4591 ou
634 4534 702 4590 trois
717 4533 807 4590 lieues
818 4530 856 4587 du

65 4623 194 4679 convent,
210 4621 295 4686 ayant
307 4627 338 4669 sa
359 4609 488 4682 chapelle
509 4620 612 4688 propre
633 4613 661 4660 et
681 4602 803 4660 formant
817 4616 856 4658 un

66 4690 131 4758 petit
146 4682 308 4744 rnonast'ere
324 4697 433 4754 pourvu
446 4678 497 4736 des
516 4679 669 4734 bitrments
687 4673 722 4730 de
736 4675 854 4730 culture.

100 4757 140 4830 (a)
151 4758 287 4827 Episcopo
305 4749 534 4809 Veneteasiblale
550 4749 578 4804 in
594 4744 764 4818 quibusdam
777 4744 855 4802 MSS.

67 4836 94 4884 ct
111 4831 139 4885 iu
152 4827 299 4900 impressis
313 4823 501 4882 Nannetensi.

101 4901 245 4972 totalitate
265 4896 378 4953 lliuensi
397 4895 465 4950 llaec
480 4891 592 4948 abbatia
611 4893 728 4944 vocatur
755 4885 784 4941 S.
801 4885 857 4941 Gil-

68 4969 145 5040 dasii,
160 4970 206 5026 vel
219 4965 318 5032 Gilda,
332 4965 441 5021 ordinis
453 4979 476 5019 s.
491 4959 637 5019 Benedicti
652 4959 680 5012 in
694 4955 785 5012 insula
797 4956 858 5012 sive

68 5041 188 5109 ltivensi,
200 5041 262 5095 sive
277 5036 408 5108 Ripensi;
423 5035 514 5091 salaci
527 5032 625 5088 Gildas
637 5029 670 5084 de
679 5030 769 5098 llaps.

102 5115 138 5186 (a)
158 5112 259 5168 Pieres
273 5107 430 5164 morracios.
452 5104 550 5160 Tutius
568 5099 741 5158 existimavit
759 5099 856 5154 llono·

68 5183 122 5240 rius
133 5184 226 5256 plures
237 5177 395 5236 monachos
408 5176 554 5232 instituere
569 5173 598 5228 iu
610 5169 791 5244 prioratibus,
807 5183 859 5226 seu

68 5253 242 5321 obedientiis,
257 5265 341 5322 quam
354 5261 443 5304 unum
456 5261 462 5300 ε
477 5245 566 5302 satius
581 5256 649 5298 vero
660 5253 724 5297 esse
739 5239 857 5313 presby·

897 611 1006 673 utrum
1030 610 1152 671 nostrae
1176 605 1371 668 intentionis
1383 604 1484 666 fuerit
1503 619 1562 682 per
1576 604 1696 680 hujus-

897 709 986 771 modi
998 708 1137 778 litteras,
1153 721 1227 766 cum
1241 703 1369 774 abbate,
1386 702 1418 765 et
1428 702 1592 764 conventu
1607 717 1696 779 prae-

898 806 996 868 dictis
1016 805 1131 866 contra
1155 803 1263 879 ipsum
1289 800 1467 862 concilium
1489 799 1694 876 dispensare.

900 906 968 965 Nos
986 919 1065 978 erge
1087 901 1110 961 f.
1132 900 1156 962 t.
1179 899 1325 960 breviter
1343 897 1593 973 respondemus,
1609 895 1696 973 quod

898 1001 1024 1063 tenoris
1046 997 1236 1076 hujusmodi
1259 997 1388 1057 litteras
1412 1010 1479 1055 non
1497 994 1697 1056 credimusa

900 1099 984 1160 Sede
998 1097 1189 1175 Apostolica
1204 1109 1397 1168 emanasse3
1417 1092 1503 1170 quod
1518 1092 1547 1152 si
1562 1107 1622 1170 per
1640 1107 1700 1152 oc·

901 1195 1109 1274 cupationem
1131 1192 1271 1254 forsitan
1286 1189 1525 1261 emanaverint,
1542 1188 1697 1250 nolumus

895 1309 959 1372 per
973 1293 1036 1355 hoc
1051 1291 1206 1367 derogari
1218 1288 1359 1351 concilio
1376 1286 1576 1365 supradicto.

999 1427 1250 1502 Bardcpatcnsi
1264 1424 1517 1496 archiepiscopo
1533 1416 1546 1499 (
1568 1419 1592 1500 ).

1192 1589 1328 1652 CAPUT
1349 1588 1403 1650 111.

939 1719 988 1780 Ad
1015 1715 1217 1778 audientiam
1250 1714 1397 1774 nostram
1429 1713 1462 1773 te
1489 1711 1698 1788 significante

901 1814 1063 1893 pervenit,
1086 1813 1172 1890 quod
1195 1811 1345 1873 nonnulli
1360 1809 1516 1871 monachi
1539 1809 1612 1885 lege
1636 1805 1697 1870 tibi

902 1913 1089 1974 dioecesana
1104 1910 1255 1988 subjecti,
1271 1909 1307 1970 in
1327 1907 1523 1985 quibusdam
1538 1905 1697 1983 priorati-

901 2010 963 2071 bus
977 2008 1128 2070 habitant
1140 2006 1294 2078 solitarii,
1311 2005 1426 2066 contra
1437 2002 1595 2066 statutum
1608 2004 1698 2064 Gon-

903 2108 973 2170 cilii
1000 2105 1189 2182 generalis:
1219 2103 1359 2180 ideoque
1383 2100 1406 2162 f.
1430 2101 1455 2162 t.
1489 2099 1697 2172 mandamus,

904 2205 1065 2283 quatenus
1096 2203 1244 2278 ipsorum
1279 2200 1517 2260 monachorum
1550 2197 1697 2274 abbates

904 2319 964 2364 seu
982 2302 1122 2379 priores,
1139 2299 1175 2360 ut
1191 2296 1244 2359 vel
1266 2298 1356 2374 ipsos
1371 2295 1413 2357 ad
1431 2294 1613 2357 claustrum
1639 2310 1698 2357 re-

903 2399 1031 2470 vocent,
1048 2396 1207 2458 facientes
1223 2395 1258 2456 in
1273 2394 1356 2472 ipsis
1371 2393 1522 2456 ecclesiis
1535 2391 1699 2454 deserviri

904 2515 964 2576 per
978 2495 1117 2558 clericos
1135 2493 1322 2568 seculares3
1346 2492 1401 2553 vel
1417 2492 1501 2552 alios
1520 2491 1700 2552 monachos

904 2595 1030 2657 eisdem
1045 2592 1212 2654 associent
1224 2607 1299 2652 cum
1314 2588 1433 2667 quibus
1449 2589 1552 2651 vitam
1573 2587 1701 2666 possint

904 2692 1025 2754 ducere
1036 2689 1235 2766 regularem,
1256 2685 1437 2748 monitione
1445 2685 1629 2763 praemissa,
1641 2700 1702 2762 per

906 2804 1064 2850 censuras
1078 2785 1322 2848 ecclesiasticas
1338 2783 1561 2861 appellatione
1573 2769 1701 2844 remota

906 2885 1106 2964 compellas:
1123 2883 1256 2962 proviso
1279 2881 1366 2959 quod
1381 2881 1422 2944 ad
1436 2880 1606 2958 exemptos
1624 2897 1700 2940 ma-

906 3001 984 3045 num
1002 2983 1176 3046 occasione
1191 2979 1338 3041 mandati
1350 2979 1540 3057 hujusmodi
1559 2994 1626 3039 non
1641 2994 1703 3038 ex·
1739 3047 1741 3052 ,

905 3083 1033 3146 tendas.

1125 3219 1339 3308 TITULUS
1367 3219 1478 3306 XXII

1065 3390 1108 3436 un
1129 3387 1213 3434 runc
1235 3385 1454 3433 paraeneses
1481 3368 1541 3450 (t).

945 3493 993 3551 M.
1009 3491 1179 3564 attondeat
1194 3487 1410 3561 irnperairici
1426 3485 1664 3547 Constantine-

1186 3579 1414 3661 politanam.

1214 3725 1350 3784 CAPUT
1372 3725 1398 3783 Ι.

948 3867 1067 3929 Audito
1081 3865 1196 3942 perte,
1216 3881 1255 3926 ac
1275 3864 1360 3925 alios
1375 3863 1439 3926 fide
1461 3863 1589 3940 dignos,
1615 3863 1701 3940 quod

908 3963 1149 4028 monasterium
1169 3962 1407 4023 Pacinaciense
1423 3964 1612 4022 Graecarum
1632 3977 1707 4022 mo-

909 4173 1022 4230 semper
1031 4159 1187 4218 Concilium
1197 4158 1333 4232 gencrale
1343 4163 1458 4214 vocetur
1469 4153 1505 4212 ad
1515 4153 1706 4212 differentiam

910 4230 1112 4287 lateranensis
1124 4230 1177 4286 sub
1189 4229 1350 4286 Alexandro
1362 4227 1414 4285 lll.

930 4299 988 4383 iti)
1004 4300 1104 4357 Abbati
1115 4302 1142 4357 S.
1168 4301 1275 4356 Albini.
1298 4297 1415 4360 Celebre
1434 4296 1640 4354 monasterium
1656 4312 1702 4354 or-

910 4369 984 4428 dturs
999 4386 1022 4428 s.
1043 4371 1188 4428 Benedicti
1202 4373 1230 4428 in
1243 4371 1312 4428 urbe
1328 4368 1540 4440 andegavensi,
1562 4367 1590 4423 in
1613 4368 1705 4425 hono*

911 4456 972 4524 rem
991 4442 1143 4525 1111111111,
1160 4442 1333 4498 sanctissimi
1359 4439 1443 4512 hujus
1469 4438 1546 4496 sedis
1568 4439 1707 4512 episcopi,

911 4515 1048 4579 Britanni,
1062 4511 1194 4569 dioecesis
1211 4511 1388 4572 venetensis.
1404 4508 1473 4570 Vide
1488 4509 1637 4566 historiam
1651 4525 1708 4566 me-

911 4583 1079 4640 morandam
1093 4583 1129 4640 dc
1145 4585 1320 4654 protectione
1335 4581 1420 4654 hujus
1436 4579 1557 4637 abbatiae
1568 4595 1617 4651 per
1627 4595 1708 4637 sane·

911 4662 972 4738 turn
995 4662 1146 4726 patronum
1171 4669 1253 4711 suum
1274 4653 1348 4725 apud
1365 4655 1506 4710 ioannem
1535 4651 1708 4708 llonaohum

911 4725 999 4853 Ἠ,
1022 4726 1157 4782 historice
1179 4725 1316 4796 (leufridi
1334 4723 1414 4780 aiacis
1433 4723 1574 4780 Narman.
1598 4727 1623 4778 et
1637 4735 1706 4778 com.

991 4811 1055 4866 pao.

948 4863 986 4992 (9
1011 4867 1148 4936 Episcopo
1167 4865 1382 4936 Bardcpalcasi.
1403 4861 1563 4936 Gaiiicima
1579 4862 1634 4929 vel,
1657 4864 1707 4918 Ge·

911 4939 960 4994 rat
980 4953 995 4991 o
1019 4936 1054 4993 de
1076 4937 1258 5000 blademario,
1285 4950 1357 5008 quos
1384 4935 1486 4992 ambos
1508 4937 1562 5000 sub
1591 4934 1709 4992 Honorii

914 5008 1003 5066 nostri
1016 5007 1181 5080 pontificatu
1194 5005 1303 5063 sedisse
1316 5013 1425 5062 certum
1440 5010 1494 5064 est.
1650 5021 1655 5032 ·

950 5094 990 5168 (1)
1005 5097 1042 5154 Ce
1052 5096 1121 5178 titre!
1132 5102 1175 5151 cst
1190 5096 1215 5152 le
1230 5095 1283 5152 -33θ
1298 5094 1374 5151 dela
1391 5096 1558 5166 compilatio
1570 5096 1668 5168 prima
1682 5101 1711 5152 et

912 5169 939 5227 le
954 5169 1002 5225 38θ
1015 5166 1066 5223 des
1079 5167 1237 5222 Decretatcs
1250 5165 1461 5236 Grc'perienacs.

950 5238 988 5313 (s)
1010 5240 1047 5296 ll.
1063 5238 1202 5308 quendam
1222 5237 1399 5306 imperatrici
1415 5239 1627 5307 constantinop.
1642 5237 1709 5294 Cre·

68 5331 139 5382 teres
154 5324 297 5381 seculares
317 5318 491 5377 constituere
511 5315 558 5387 qui
573 5318 753 5370 sacramenta
771 5325 856 5382 pries-
914 5309 1012 5367 dorem
1037 5307 1111 5364 hanc
1130 5307 1337 5380 imperatricem
1358 5323 1422 5364 esse
1440 5307 1569 5375 llariarn,
1593 5321 1712 5364 uxorem

67 5404 123 5452 tent
140 5397 166 5452 in
179 5409 233 5466 cap
257 5394 283 5459 i,
295 5393 328 5446 dc
341 5393 418 5446 stata
437 5387 574 5452 1111111111,
593 5397 780 5465 (111111111111111
795 5397 857 5438 rno-
914 5380 1045 5439 Balduini
1061 5379 1154 5451 primi,
1173 5379 1387 5450 tlorrstantinop.
1411 5379 1591 5450 imperatoris
1607 5378 1709 5446 Latini,

69 5467 187 5522 nochum
220 5461 345 5521 ostendit
373 5475 435 5530 cap.
469 5461 656 5529 sequensei
684 5468 713 5509 rn
737 5467 772 5510 eo
801 5454 861 5510 vult
915 5450 1127 5510 diiamllenrici
1141 5449 1288 5518 Liberalis,
1304 5449 1416 5506 comitis
1431 5451 1603 5521 Campaniae,
1617 5451 1714 5506 erbla-

69 5539 171 5594 servari
191 5533 346 5594 Concilium
362 5529 506 5612 generale,
524 5527 599 5608 qrrod
617 5523 663 5582 hic
678 5531 759 5581 vocat
776 5525 857 5580 Late·
914 5524 976 5592 rice,
996 5522 1062 5579 stlta
1078 5518 1213 5578 ludovici
1225 5523 1287 5588 Vll,
1303 5521 1381 5603 regis
1398 5522 1582 5588 Francorum,
1599 5519 1654 5576 nisi
1669 5520 1710 5577 le·

69 5622 206 5677 mnensc;
227 5621 290 5664 raro
310 5611 404 5661 tantan
428 5615 467 5656 stc
495 5603 666 5664 nominetur,
690 5609 776 5668 quum
802 5593 860 5653 lere
915 5592 1064 5667 gissemin
1077 5591 1421 5662 Chronicabcipicerllam
1434 5592 1581 5650 inGrercia
1596 5591 1710 5661 obiisse,
