4090 6426
109 253 174 315 273
633 228 791 306 QUINTA
812 220 1076 288 COMPILATIO.
1100 215 1178 277 LIB.
1202 209 1259 271 111.

113 391 913 522 ecclesia(a)SanctiMartiniTuron.inquaprae·
1155 393 1322 463 Mem,-
1345 377 1571 464 epgscoposp),

115 509 302 590 posituram
331 499 481 571 eamdem
507 494 636 558 obtmes
654 486 912 568 juramentum:

116 605 267 688 praestito
279 603 416 678 insuper
421 592 611 674 juramento
623 586 818 668 promittens
828 577 915 660 quod
1263 557 1398 624 CAPUT
1414 555 1470 616 lll.

88 791 90 796 Δ
118 705 272 768 homines
284 698 317 762 et
324 701 404 776 jura
416 690 520 773 ipsius
530 686 757 768 praepositurae
769 679 917 743 manute-

119 819 202 866 neas
218 800 250 862 et
262 795 430 860 delendas.
445 794 551 864 Quum
563 787 673 848 autem
688 775 917 860 prosequendo
1011 735 1061 800 Ad
1086 725 1290 795 andienfiam
1318 717 1466 782 ¹¹⁰⁵is³m
1493 710 1526 772 Ῐθ
1558 695 1767 780 Significante

972 831 1133 915 pertenit,
1147 822 1234 906 quod
1253 835 1353 900 quum
1376 816 1411 876 in
1437 803 1599 874 Meldensi
1625 793 1768 860 ecclesia

119 895 350 980 praepositurae
367 894 445 970 iura
463 885 610 950 residere
628 878 795 943 interdum
812 875 847 935 in
862 887 919 934 eo-

973 931 1124 1012 quaedam
1156 925 1200 986 sit
1227 912 1418 982 constitutio
1453 906 1548 976 inita,
1576 891 1768 980 juramento

121 997 226 1061 olesia
265 989 447 1056 memorata
489 999 556 1046 non
600 978 719 1059 possis,
751 975 792 1035 de
821 974 920 1050 jnra-

123 1095 235 1160 mento
259 1103 360 1168 super
379 1087 453 1164 ipsa
476 1078 657 1146 residentia
679 1071 828 1153 ppaesfflo
850 1083 921 1130 me,
973 1030 1110 1098 vallata,
1126 1027 1159 1087 et
1170 1015 1366 1085 auctoritate
1377 997 1677 1080 SedisApostolicae
1686 1005 1770 1052 con-

123 1199 233 1264 tuens,
249 1185 416 1268 provideri
434 1181 495 1244 tibi
512 1193 613 1256 super
628 1175 693 1236 hoc
710 1187 730 1234 a
750 1168 845 1231 nobis
862 1167 922 1226 ltu·
975 1127 1124 1200 firmata;
1141 1122 1177 1184 ut
1190 1112 1345 1182 lidelmi
1357 1112 1428 1187 ejus
1443 1096 1606 1167 0³1¹0¹¹i⁰is
1630 1091 1686 1170 qui
1712 1100 1772 1166 1¹0¹*

125 1291 250 1354 militer
270 1281 456 1365 postulasti.
481 1279 550 1340 Nos
571 1289 651 1338 vero
673 1270 816 1332 dicimus
835 1261 921 1342 quod
976 1245 1037 1290 ⁸⁰¹
1058 1236 1189 1286 ¹¹¹01¹S⁰³
1201 1231 1269 1278 1¹⁰ss
1293 1202 1478 1273 resederint
1492 1201 1527 1262 in
1542 1194 1668 1263 Oadems
1690 1200 1772 1246 ⁸1¹³·

127 1392 158 1452 si
179 1391 211 1452 te
231 1401 298 1448 non
317 1367 577 1444 absentandos„
594 1369 745 1432 fraudem
766 1361 925 1442 ppaeposi,
976 1341 1051 1422 rum
1063 1318 1235 1400 priventur
1249 1306 1408 1373 fructibus
1425 1293 1688 1380 praebendarum,
1705 1281 1773 1344 illis

126 1489 213 1550 turae
229 1485 295 1546 tuae
308 1483 387 1559 jura
412 1473 554 1538 fideliter
574 1462 799 1548 prosequaris,
823 1473 924 1538 quum
978 1419 1139 1486 duntaxat
1164 1409 1422 1490 exceptisque
1443 1393 1619 1460 infirmitas
1647 1379 1775 1462 proprii

129 1602 175 1648 ex
196 1585 259 1644 hoc
280 1575 411 1642 censeri
429 1571 549 1635 debeas
570 1559 720 1630 residens
741 1556 925 1638 perjurium
980 1518 1128 1597 corporis
1156 1506 1343 1578 excusaret,
1372 1501 1443 1562 sive
1471 1493 1513 1556 ad
1550 1481 1775 1564 apostolicam

715 1669 718 1674 ·
981 1618 1100 1683 sedem
1112 1608 1281 1680 accedere,
1295 1602 1349 1664 rel
1360 1600 1397 1660 in
1406 1598 1480 1674 ejus
1494 1585 1629 1652 servitio
1640 1577 1775 1641 contin-

130 1699 197 1746 non
209 1691 519 1874 Incums⁸0apumo
532 1789 681 1854 Mam
981 1714 1073 1794 geret
1085 1707 1242 1780 detineri,
1260 1712 1407 1781 quosque
1428 1677 1707 1772 peregrinationis
1721 1673 1777 1734 la-

684 1831 691 1848 '
981 1815 1053 1887 bor,
1067 1811 1125 1874 aut
1139 1805 1248 1869 studia
1261 1793 1434 1864 traherent
1447 1789 1633 1852 litterarum
1650 1799 1658 1838 z
1675 1774 1778 1835 deca-

434 1925 572 1992 CAPUT
593 1924 636 1985 11·
984 1929 1047 1976 nus
1075 1909 1108 1973 et
1133 1903 1268 1985 quidam
1293 1895 1354 1959 alii
1387 1883 1541 1953 canonici
1582 1875 1780 1942 meldenses,

1025 2008 1160 2072 casione
1172 1990 1417 2065 constitutionis
1434 1975 1622 2062 hujusmodi
1638 1967 1780 2035 canoni-

135 2155 260 2227 noster,
290 2145 469 2212 canonicus
500 2137 650 2202 ecclesiae
677 2131 750 2196 uest
1246 2095 1303 2158 'tio
1314 2080 1569 2153 commorantes
1582 2065 1781 2152 praebenda-

136 2252 232 2316 nobis
255 2247 382 2327 jugiter
408 2236 580 2317 impendat
604 2229 775 2308 obsequia,
804 2225 838 2287 et
865 2237 933 2284 non
987 2223 1061 2270 rum
1076 2213 1211 2264 suarum
1230 2193 1364 2272 privare
1389 2178 1550 2246 fructibus
1574 2166 1780 2233 moliuntur:

138 2352 260 2420 minus,
288 2344 317 2406 si
337 2341 380 2404 sit
398 2338 519 2400 absens
538 2347 637 2412 quam
653 2339 812 2406 praesens,
826 2320 934 2382 eidem
989 2303 1076 2366 unde
1090 2313 1191 2377 quum
1203 2292 1264 2356 tibi
1278 2286 1457 2367 plurimum
1475 2269 1632 2352 expediat
1653 2263 1782 2340 aliquos

138 2445 291 2512 ecclesiae
302 2439 394 2504 utilis
406 2432 580 2504 habeatur,
592 2423 842 2490 universitatem
854 2433 934 2480 ves·
990 2399 1226 2467 canonicorum
1244 2389 1392 2466 ipsorum
1406 2380 1442 2440 in
1462 2377 1519 2438 tuo
1539 2365 1676 2430 servitio
1697 2357 1783 2422 reti-

899 2529 937 2575 er
990 2515 1082 2572 nere,
1098 2492 1194 2558 nobis
1211 2482 1383 2549 humiliter
1400 2466 1605 2553 supplicasti,
1625 2462 1663 2523 ut
1686 2469 1786 2534 super

141 2935 205 2998 tim
220 2915 223 2920 ’
241 2928 367 2992 fructus
409 2916 595 3002 praebendae
628 2927 698 2974 suaa
731 2905 940 2984 integraliter
993 2895 1081 2965 tam,
1118 2887 1155 2948 ut
1189 2880 1277 2943 dicta

144 3025 335 3106 assignetis,
361 3014 605 3084 satisfacientes
633 3009 697 3071 sibi
721 3020 867 3082 congrue
900 3001 941 3063 de
996 3006 1039 3054 ex
1066 2984 1193 3053 eadem,
1228 2978 1261 3040 et
1282 2975 1330 3047 tu,
1359 2983 1419 3049 per

150 3613 309 3694 gaudere,
323 3622 422 3687 quam
434 3601 582 3666 restrum
597 3592 721 3671 singuli
736 3602 875 3668 quorum
887 3601 949 3646 ne-
1056 3637 1059 3642 ,

151 3713 244 3791 gotia
258 3723 318 3786 per
329 3706 421 3782 ipsos
435 3697 560 3776 saepius
574 3687 820 3772 promoventur.

153 3853 203 3983 tlpti
215 3863 247 3908 se
262 3849 393 3906 Romano
409 3833 538 3898 Pontidcl
557 3832 659 3907 ligium
674 3825 843 3903 spopondit:
854 3829 893 3906 'et
913 3818 950 3878 da
1004 3804 1144 3868 cardinati
1156 3797 1254 3886 clerici
1266 3794 1411 3879 dicuntur,
1428 3780 1505 3841 unde
1523 3784 1553 3835 et
1574 3762 1800 3846 cardinalesdc

1128 3874 1208 3940 altas,
1223 3885 1272 3940 por
1290 3861 1486 3928 assedurtctem
1503 3851 1614 3914 debent,
1628 3849 1660 3900 ut
1678 3841 1803 3918 loquitur

180 3922 279 3981 oberto
293 3929 363 3988 rege
389 3909 502 3977 Sicilie,
529 3901 701 3963 cremaretur
717 3895 885 3970 pastoralia,
910 3893 951 3948 De
1005 3879 1109 3955 quibus

1116 3945 1167 4004 der
1181 3943 1233 4010 lli,
1248 3939 1279 3996 in
1293 3949 1372 4007 cap,
1388 3927 1425 3987 ad
1438 3925 1503 3983 boc.
1521 3921 1554 3977 de
1568 3911 1710 3974 Proebend.
1732 3908 1805 3965 Aius

154 3985 403 4058 caramancio.
413 3975 654 4057 Quidamligium,
671 3985 737 4030 cum
763 3963 951 4037 adscriptitia,
1006 3953 1114 4013 Alexan
1154 4001 1495 4072 dicunturmmw
1515 4005 1571 4049 can
1601 3985 1635 4045 ,5
1657 3978 1748 4055 synod
1776 3978 1791 4034 7

157 4063 268 4130 assisio,
283 4055 417 4120 vassallo,
433 4058 462 4108 et
476 4049 539 4108 aliis
550 4043 680 4120 ejusdem
699 4039 815 4114 generis
829 4032 950 4094 conlun-
1006 4017 1135 4084 collocuti

1304 4077 1336 4134 Μ
1371 4077 1382 4130 t
1416 4071 1547 4128 iToroe.
1574 4062 1641 4118 llaec
1666 4047 1804 4116 ennodi,

156 4136 237 4203 dunt,
253 4127 328 4204 quod
353 4133 450 4183 tamen
468 4120 576 4194 optime
595 4114 694 4174 Glossa
720 4105 903 4182 reprehendit
923 4103 953 4160 in
1045 4090 1086 4166 (a)
1099 4086 1226 4147 Ecclesia
1251 4083 1279 4138 S.
1335 4090 1370 4131 ar
1384 4074 1414 4130 in

1028 4169 1072 4222 ost
1092 4163 1125 4218 D.
1148 4152 1263 4215 Martini
1287 4144 1477 4207 transitumn
1502 4141 1534 4198 Β.
1561 4133 1701 4200 Perpetuo
1777 4126 1785 4174 t

157 4205 277 4264 dictoca
302 4243 309 4258 .
331 4192 504 4262 Postoralie3
528 4185 604 4262 quod
618 4185 648 4243 hi
662 4183 734 4241 tales
754 4177 868 4254 plurimi
889 4189 953 4234 osse
1008 4181 1158 4295 guronicoe
1185 4224 1263 4283 sedis
1277 4216 1402 4348 Froesule
1429 4211 1568 4270 ffidffifflta
1609 4206 1638 4257 et
1652 4192 1794 4266 corpusl)

1198 4304 1277 4353 trans
1289 4298 1379 4358 atum3
1401 4282 1544 4341 referente
1559 4276 1665 4333 severo
1687 4261 1806 4336 Sulpitio

1232 4365 1314 4422 busta
1324 4365 1383 4417 est:
1399 4354 1513 4414 tandem
1523 4359 1599 4408 anuo
1610 4335 1808 4407 ll75,nobilos

198 4215 383 4342 saiutpligius
396 4269 507 4324 tantum
524 4273 607 4327 unus,
623 4263 653 4313 et
669 4253 772 4311 dicitur
784 4249 869 4332 unica
884 4259 955 4302 voce

180 4339 343 4430 omoligius,
360 4351 412 4396 sau
425 4332 637 4413 bomoleugtus,
656 4338 742 4454 ¹thuano
764 4319 953 4400 CuJaciusse-
1009 4301 1123 4385 Martini
1138 4313 1173 4356 eo

161 4419 317 4478 mtlatmam
338 4416 367 4467 et
380 4419 506 4481 graeeam
522 4399 589 4460 iacit
601 4413 630 4456 m
643 4397 664 4454 lr
684 4411 724 4452 ns
733 4393 857 4466 faudem,
872 4388 919 4446 elo
939 4401 954 4444 a
1009 4377 1156 4434 multoties
1167 4381 1231 4426 com

161 4486 267 4571 Graecis
278 4451 429 4540 deductam
444 4475 552 4543 volunt
567 4469 687 4554 ὂμςλογρς
706 4466 785 4522 enim
800 4461 955 4526 addictum,
1011 4452 1174 4518 Burgenses
1189 4440 1256 4512 igne
1270 4436 1427 4492 crematam
1442 4433 1472 4482 et
1485 4423 1573 4482 nimia
1589 4416 1730 4474 vetustate
1742 4419 1808 4464 con·

161 4559 331 4632 obligatum,
345 4564 397 4608 seu
412 4544 571 4622 professum
590 4539 735 4613 significat
751 4552 758 4593 :
775 4541 805 4594 ut
823 4529 899 4604 apud
911 4528 956 4602 iu·
1011 4517 1115 4576 lectam
1127 4509 1313 4574 edificarunt,
1327 4509 1356 4559 et
1366 4498 1453 4556 nobili
1468 4493 1583 4554 iastioio
1593 4494 1733 4544 renovare
1747 4491 1807 4535 coe·

162 4626 349 4688 riscousultos
377 4616 502 4695 prolessi
519 4615 661 4680 dicuntur,
688 4608 736 4682 qui
753 4605 869 4664 uomina
894 4615 956 4668 sua,
1031 4593 1115 4671 erunt
1124 4586 1153 4641 in
1170 4581 1306 4638 Tractoto
1315 4575 1347 4631 de
1356 4573 1424 4644 cest.
1439 4567 1523 4640 episc.
1563 4575 1646 4620 orote.
1669 4559 1695 4612 et
1716 4549 1809 4606 abbat.

162 4712 293 4768 uxorum,
314 4693 481 4772 liberorum,
493 4692 522 4744 et
534 4695 686 4764 sertorum·
697 4675 817 4752 professi
832 4679 914 4731 erant
929 4672 958 4727 in
1012 4606 1117 4731 {loton
1131 4654 1252 4714 blonust.

163 4774 184 4856 l.
210 4771 238 4839 2,
288 4769 352 4838 port
375 4761 488 4844 decade,
514 4757 556 4814 lte
579 4767 652 4834 orep.
671 4766 734 4821 ptr.
760 4743 841 4828 Unde
858 4756 959 4800 servus
1050 4729 1090 4804 (b)
1104 4725 1242 4794 scriptor.
1268 4715 1348 4776 idem

165 4850 362 4971 mageda,
378 4841 415 4960 [stt]
425 4841 569 4954 ιῃρθηῗιε,
592 4838 641 4950 qur
658 4825 771 4878 nonest
790 4827 959 4899 incensum
1015 4797 1192 4882 scriniarius,
1206 4791 1256 4863 qui
1277 4783 1465 4844 adhibebatur
1488 4777 1524 4835 od
1548 4765 1734 4849 describenda
1750 4765 1812 4816 octa
1876 4793 1879 4800 -

165 4907 692 5064 g,mptmpgssess}⁰1,{⁰‘J1³25,¹1⁰,{¹J
703 4894 903 5024 (timi'tlragoglolss,
921 4885 962 5010 gg
1015 4838 1812 5013 gagga&{tguffiuffigrlrlpggoasdseoarpbffieufflauesoagtgm

165 5057 311 5138 dot-roam.
322 5060 449 5105 ammom
462 5040 511 5100 ltb.
528 5039 579 5097 lll.
595 5035 705 5100 Orestis
719 5047 778 5087 aaut
791 5033 896 5085 vocant
916 5024 964 5081 ba·
1015 5030 1068 5089 pro
1082 5012 1161 5068 dome
1175 5021 1229 5063 sua
1244 5020 1252 5060 :
1269 5000 1370 5058 Scribe
1381 4995 1430 5067 pai
1441 4992 1584 5049 nobiscum
1598 4985 1629 5041 in
1643 4975 1814 5038 rationibus,

167 5127 258 5192 silica,
274 5128 303 5179 et
314 5116 431 5178 Novella
443 5113 504 5172 128.
518 5112 573 5169 Pro
587 5103 751 5164 domesticis
772 5107 800 5157 et
814 5096 961 5155 familiari·
1016 5079 1254 5148 monumentoque
1277 5068 1397 5144 publicis
1419 5065 1582 5122 vocamur.
1597 5052 1679 5114 Unde
1699 5055 1727 5106 et
1751 5049 1814 5102 acta

166 5197 221 5284 bus
239 5193 345 5266 saepius
355 5187 417 5261 ligii
428 5182 537 5254 accepti
548 5181 676 5245 luerunt,
701 5187 773 5247 quos
784 5171 881 5231 titicus,
903 5167 963 5224 sive
1018 5158 1064 5216 illa
1077 5150 1219 5213 Honorius
1227 5145 1334 5215 scripta
1343 5143 1441 5198 ttcstru
1448 5139 1532 5192 vocnt
1546 5131 1576 5186 in
1587 5141 1651 5198 cup.
1663 5121 1738 5187 tait.
1753 5129 1814 5185 seo.

168 5265 385 5323 orartomvoeant
406 5257 521 5383 glossae,
545 5257 574 5309 ct
587 5245 865 5328 Nicetastinlocunc
885 5239 964 5296 Gom·
1055 5225 1094 5312 tc)
1113 5217 1249 5283 Mettensi
1265 5215 1408 5286 episcopo:
1428 5207 1461 5262 dc
1476 5205 1590 5262 Meaoc.
1607 5193 1768 5257 odilieno,
1782 5185 1817 5242 59

167 5353 251 5422 aeuo,
265 5339 291 5392 et
304 5332 409 5412 Mortua
421 5343 444 5396 e,
460 5325 508 5382 lrb.
522 5323 592 5407 yn.
609 5322 651 5378 Ex
666 5315 769 5397 quibus
788 5325 845 5369 nen
861 5311 965 5367 mirum
1020 5308 1155 5372 episcopo
1166 5305 1214 5374 'ex‘
1235 5293 1352 5345 cantore
1367 5274 1521 5339 Parisiensi
1537 5284 1612 5329 anuo
1630 5265 1698 5324 tart
1712 5272 1817 5319 conse·

170 5416 215 5468 est
229 5423 254 5465 st
268 5407 413 5463 Honorius
428 5412 444 5454 a
461 5395 565 5453 clerieo
580 5389 664 5448 valde
677 5387 813 5446 adstricto
838 5389 866 5440 et
882 5393 963 5437 man-
1020 5376 1108 5436 orato,
1125 5379 1174 5436 qut
1188 5361 1259 5420 vixit
1273 5368 1364 5428 usque
1379 5349 1415 5408 ad
1432 5357 1540 5405 annum
1560 5340 1640 5409 iata,
1655 5335 1702 5393 vel
1717 5329 1815 5391 Amal·

171 5482 267 5562 cipeto
281 5470 423 5560 ecclesie,
434 5467 535 5548 ligiam
549 5461 731 5520 residentiam
752 5454 829 5513 nollo
845 5451 901 5534 alio
915 5464 965 5508 ne·
1020 5443 1090 5508 rico,
1106 5434 1301 5519 eoepiscopo
1320 5425 1368 5554 (ἓί
1383 5432 1485 5495 parum
1499 5414 1578 5483 vixit,
1603 5416 1651 5468 out
1661 5410 1756 5468 Petro,
1770 5400 1818 5467 bl,

172 5559 252 5626 gotio
283 5547 450 5616 interposito
475 5551 520 5595 ext
545 5540 584 5602 at,
610 5539 641 5588 ut
661 5529 697 5588 de
721 5525 844 5585 vassallo
865 5522 967 5579 dicitur
1021 5513 1069 5586 qui
1082 5507 1156 5592 sedit
1169 5504 1205 5562 ab
1217 5499 1323 5560 arnol
1362 5495 1496 5564 susque
1509 5484 1545 5544 ad
1559 5495 1669 5542 aunum
1686 5475 1764 5543 1252,
1774 5471 1823 5528 rol

173 5637 236 5696 cap.
253 5620 280 5688 8,
294 5616 349 5674 boe
364 5613 406 5671 tit.
423 5606 498 5684 apud
538 5614 645 5678 rogor,
661 5608 690 5658 et
707 5595 782 5673 apud
800 5600 914 5655 nostres
927 5592 967 5650 in·
1023 5581 1156 5655 amplius.

1371 4709 1491 4768 fortasse
1517 4700 1594 4778 quod
1611 4694 1749 4760 notarius,
1766 4685 1813 4742 vel

1381 5533 1390 5566 i
