4076 6420
1765 57 1775 92 1

355 187 401 260 713
434 251 438 261 .
806 172 1526 250 0000011111010111.-000110000.
1945 177 2001 236 son

347 343 454 424 audii
467 343 635 406 Romanus
647 339 802 404 Pontifex
812 341 874 404 fuit
884 342 1049 415 inventor,
1061 340 1139 420 quia
1194 335 1262 402 sint
1288 331 1774 412 100000010000000001,10
1803 331 2002 398 confusione

341 443 412 521 ipse
431 442 530 506 bodie
546 455 657 502 rosam
680 455 816 502 auream
836 439 988 502 fidelibus
1009 439 1140 516 populls
1193 433 1306 497 tamen
1320 432 1396 495 sunt
1411 431 1659 508 cogitationum,
1675 431 1824 494 volentes
1850 431 1914 492 sed
1936 447 2002 494 non

341 539 568 618 repraesentat,
592 539 626 600 et
646 538 799 600 induitur
824 537 900 599 aliis
921 535 1137 608 vestimentis,
1195 530 1343 594 valentes
1357 529 1489 591 oculum
1502 529 1625 590 mentis
1640 529 1682 590 ad
1703 529 1824 590 coelum
1840 529 2000 605 dirigere,

341 640 375 702 et
388 637 488 699 habet
499 637 631 699 mitram
645 636 719 696 auri
734 635 913 712 frigiatam.
927 634 1081 696 Pontifex
1090 635 1142 695 te-
1194 628 1273 691 licet
1281 628 1379 690 inviti
1391 643 1450 706 per
1464 627 1579 688 inania
1591 625 1830 688 distrahantur.
1844 626 2002 690 Flumina

340 735 520 798 natricem
541 733 673 795 Christi.
690 734 805 795 Vestes
827 732 1017 808 significant
1038 747 1139 792 mun-
1194 723 1999 802 ergoeabylonissuntperversaeconsuetunines,

342 833 404 896 das
418 831 629 910 operationes
643 830 697 890 vel
718 829 869 891 laetitiam
888 828 1018 891 mentis,
1041 829 1140 891 Mitra
1195 838 1268 900 quse
1308 822 1386 883 dum
1428 820 1607 884 occurrunt
1645 821 1816 883 memoria
1862 822 2000 894 nostrae,

341 928 565 1005 aurifrigiata
580 927 788 990 estcoalestis
803 927 899 1003 regni
918 926 1036 1001 gloria.
1195 919 1333 982 currunt
1359 920 1471 980 tamen
1496 919 1529 980 et
1553 933 1637 996 quos
1658 918 1820 980 seducunt
1842 918 1880 980 in
1910 934 2001 980 mare

380 1028 419 1088 In
445 1026 509 1088 hoc
536 1040 615 1102 ergo
642 1024 852 1101 significatur
877 1023 963 1101 quod
989 1023 1139 1085 christus
1195 1016 1321 1079 saeculi.
1343 1018 1380 1077 In
1402 1017 1456 1078 bis
1476 1015 1669 1077 fluminibus
1694 1016 1852 1077 oriuntur
1865 1015 2000 1088 salices,

339 1122 482 1185 mundus
502 1122 566 1184 fuit
586 1121 622 1184 in
644 1137 754 1199 opere,
780 1121 877 1184 laetus
893 1121 985 1183 venit
1001 1119 1042 1182 ad
1057 1135 1140 1198 pas·
1194 1114 1291 1188 idest,
1314 1112 1440 1175 debiles
1465 1113 1499 1176 et
1523 1112 1738 1174 infructuosae
1766 1112 2000 1189 cogitationes,

340 1220 479 1294 sionem,
496 1219 529 1282 et
542 1218 659 1281 babuit
674 1219 910 1296 repromissam
928 1217 992 1280 sibi
1006 1234 1027 1280 a
1041 1217 1141 1280 Patre
1194 1211 1230 1274 in
1245 1207 1454 1290 quibusdum
1469 1226 1528 1289 per
1544 1209 1659 1272 inania
1674 1209 1910 1284 distendimur,
1927 1227 2002 1271 sus-

340 1317 508 1380 coelestem
521 1317 674 1394 gloriam.
688 1316 913 1394 Aliterzquod
926 1315 1082 1378 Pontifex
1091 1316 1142 1377 est
1194 1309 1368 1387 pendimus
1389 1323 1409 1370 a
1435 1308 1533 1370 laude
1558 1307 1618 1369 Dei
1644 1307 1746 1370 corda
1770 1307 1902 1381 nostra,
1929 1324 2000 1386 quac

341 1415 479 1477 indutus
494 1414 648 1492 pretiosis
667 1413 881 1486 indumentis,
901 1415 935 1475 et
952 1413 1051 1476 mitra
1066 1411 1141 1476 auri
1195 1421 1321 1483 organa
1335 1405 1444 1468 laudis
1458 1405 1536 1468 ante
1546 1405 1758 1484 conspectum
1767 1403 1827 1468 Dei
1838 1422 2001 1469 resonare

341 1512 474 1588 frigiata
512 1512 706 1583 coronatur,
741 1511 804 1574 hoo
835 1511 1019 1587 significat,
1050 1510 1141 1596 'quod
1196 1502 1365 1566 deberent

340 1609 491 1671 Christus
506 1608 541 1668 in
553 1608 680 1670 coelesti
694 1608 881 1671 Jerusalem
893 1607 1066 1670 convinxit
1077 1606 1140 1668 sibi
1235 1602 1303 1663 Deo
1323 1602 1434 1662 autern
1453 1599 1590 1676 gratias,
1607 1599 1664 1678 qui
1678 1599 1768 1662 dedit
1780 1599 1879 1664 nobis
1895 1600 2002 1663 victo-

341 1721 456 1768 omnes
471 1707 605 1767 sanctos
626 1707 661 1766 et
679 1705 827 1782 angelos,
850 1705 1005 1782 quisunt
1027 1703 1142 1766 mundi
1195 1697 1280 1760 riam
1302 1713 1362 1775 per
1382 1697 1558 1760 Dominum
1581 1697 1730 1760 nostrum
1748 1699 1865 1762 Jesum
1885 1698 1999 1760 Chris·

342 1803 384 1866 ab
399 1803 490 1865 omni
502 1802 643 1864 macula.
657 1802 698 1863 Et
709 1801 759 1863 est
772 1802 880 1878 gloria
896 1801 1069 1864 ethonore
1084 1818 1143 1864 co·
1195 1796 1275 1857 tum.
1286 1794 1371 1867 Quia
1378 1795 1408 1856 si
1415 1796 1569 1872 ingerant
1576 1811 1612 1857 se
1621 1794 1717 1857 mala
1725 1795 1997 1870 consuetudines,

341 1901 490 1969 ronatus,
515 1898 593 1976 quia
617 1899 690 1976 ipse
716 1900 766 1961 est
791 1900 864 1961 Rex
884 1914 1000 1974 regum
1019 1899 1052 1960 et
1070 1901 1140 1961 Ilo-
1195 1908 1262 1954 non
1286 1894 1397 1956 tamen
1430 1892 1613 1954 insedimus
1648 1893 1705 1955 sed
1742 1893 1998 1970 supersedemus

340 1997 452 2060 minus
472 1995 724 2059 dominantium.
747 1996 805 2057 Est
827 1995 927 2058 etiarn
946 1995 1139 2071 aliacausa,
1195 1989 1389 2052 fluminibus
1410 1989 1600 2068 Babylonis,
1625 1991 1704 2068 fluia
1727 1991 1899 2053 dulcedini
1922 1993 1997 2054 Viiae

339 2094 420 2173 quia
434 2095 522 2156 Deus
536 2094 608 2156 vult
619 2093 785 2155 consolari
799 2109 862 2155 nos
881 2093 918 2155 in
939 2093 1012 2171 ipso
1027 2093 1141 2156 labore
1197 2087 1381 2157 saecularis,
1397 2087 1430 2150 et
1444 2087 1625 2166 alloquenti
1645 2087 1809 2151 obmutuit
1822 2089 1952 2161 anima,
1967 2089 1997 2150 et

336 2191 458 2270 jejrmii
486 2191 527 2252 de
552 2206 696 2268 superna
721 2191 1002 2264 remuneratione,
1031 2192 1067 2253 nt
1093 2191 1142 2252 si·
1196 2184 1369 2248 obsurduit
1378 2186 1559 2258 revocanti,
1569 2184 1817 2263 blandientique
1836 2185 1996 2247 induruit.

340 2304 414 2352 mus
439 2288 523 2350 certi
546 2287 633 2366 quod
656 2286 871 2364 regnabimus
899 2303 974 2350 cum
997 2287 1139 2360 Christo,
1195 2282 1256 2344 His
1285 2281 1389 2357 igitur
1415 2281 1617 2346 vanitatibus
1656 2281 1824 2359 impediti.
1853 2298 1924 2345 non
1949 2283 1997 2345 est

340 2385 398 2463 qui
413 2385 510 2446 modo
523 2384 703 2461 affligimus
715 2400 855 2462 corpora
868 2385 1138 2462 nostrajejuniis.
1195 2379 1316 2441 mirum
1338 2379 1368 2440 si
1388 2379 1506 2441 bemus
1535 2379 1749 2442 recordantes
1779 2379 1872 2453 Sion,
1901 2381 1994 2452 idest,

290 2542 297 2548 .
342 2482 996 2560 11010100010100081000ραί100νεί
1014 2497 1140 2545 coarc-
1195 2477 1237 2540 ad
1250 2477 1443 2538 memoriam
1457 2475 1653 2540 reducentes
1676 2476 1770 2538 illam
1786 2477 1993 2551 suavitatem,

339 2563 522 2656 potabimus
545 2576 758 2659 (Rom.',v111,
779 2577 844 2660 17).
860 2579 952 2652 Quod
972 2595 1141 2657 exponens
1195 2574 1343 2653 illudque
1364 2575 1494 2651 saporis
1514 2573 1791 2637 oblectamentum
1806 2575 1897 2652 quod
1913 2592 1996 2653 prae-

340 2676 421 2740 alibi
436 2676 537 2740 dicit:
553 2677 648 2740 Strui
664 2680 749 2740 accit
760 2680 963 2753 0000100000
976 2678 1075 2750 astte,
1092 2681 1142 2740 stc
1195 2672 1330 2748 gustant
1350 2672 1574 2750 speculatores
1589 2672 1654 2744 illi,
1670 2673 1727 2751 qui
1747 2673 1900 2736 revelata
1914 2673 1995 2735 facie

267 2807 271 2817 ·
339 2773 1141 2855 critisetconrobzttonum(llcor.1,17).Lo-
1195 2769 1365 2832 merentur
1378 2769 1522 2846 spectari
1543 2770 1686 2846 gloriam
1700 2771 1771 2832 Dei.
1790 2774 1924 2846 Inscita
1937 2786 1995 2847 coo

340 2887 416 2934 cum
438 2872 652 2934 considerare
669 2871 837 2944 debemus,
854 2873 933 2949 quia
947 2872 1012 2934 ista
1027 2872 1142 2934 Eccle-
1194 2871 1418 2942 1000010010
1444 2881 1500 2929 rna
1527 2869 1683 2930 liberabit
1703 2869 1745 2929 dc
1762 2871 1852 2945 jugo
1873 2871 1996 2930 orariis

341 2969 392 3029 sia
409 2985 482 3047 quaa
495 2968 617 3029 dicitur
633 2969 749 3030 sancta
760 2968 957 3043 Jerusalem,
975 2968 1142 3045 significat
1194 2967 1299 3038 110100
1312 2960 1421 3044 (Rom.
1437 2979 1497 3037 vn,
1513 2962 1579 3044 24).
1599 2964 1665 3026 Aut
1688 2964 1820 3042 quando
1835 2965 1995 3026 insultare

340 3064 434 3127 illam
453 3064 1142 3143 00010010011000010100,ου001010000010-
1195 3061 1319 3138 possim
1344 3060 1581 3124 insultantibus
1610 3061 1706 3123 modo
1734 3061 1816 3122 mibi
1846 3061 1995 3123 hostibus

339 3161 395 3225 tur
407 3161 493 3224 sisio
504 3161 607 3238 pacis,
624 3160 702 3238 quia
714 3161 761 3223 ibi
776 3162 827 3223 est
840 3178 908 3239 pax
924 3162 996 3223 sine
1010 3162 1141 3224 discor·
1195 3159 1291 3231 meis,
1302 3158 1431 3236 quibus,
1441 3158 1651 3236 exigentibus
1658 3159 1893 3236 iniquitatibus
1901 3160 1993 3230 meis,

340 3257 408 3330 dia,
424 3257 471 3319 ibi
486 3260 535 3320 est
548 3256 619 3318 dies
640 3257 712 3319 sine
731 3258 839 3331 nocte,
855 3258 902 3319 ibi
924 3259 1053 3321 estvita
1068 3259 1141 3321 sine
1195 3256 1305 3333 posuit
1326 3272 1378 3318 me
1401 3259 1489 3318 Deus
1509 3257 1545 3318 in
1567 3255 1839 3319 subsanationem
1858 3258 1892 3318 et
1908 3257 1996 3318 deri-

340 3356 458 3428 morle,
472 3355 512 3416 de
526 3371 590 3432 qua
605 3354 686 3416 dicit
697 3356 875 3432 Apostolus
892 3377 899 3417 ι
916 3359 979 3418 Illo
991 3359 1139 3420 Jerusa-
1195 3369 1279 3427 sum,
1305 3354 1486 3416 humilians
1509 3369 1562 3416 1110
1587 3355 1623 3416 in
1646 3354 1719 3417 1000
1741 3353 1946 3424 afflictionis,
1962 3355 1995 3416 in

338 3457 407 3516 tem
420 3468 497 3528 pura
510 3467 653 3515 sursum
667 3454 720 3515 est
731 3457 848 3527 libera,
864 3469 941 3528 quae
958 3455 1010 3516 est
1027 3457 1142 3518 nsoter
1195 3467 1260 3530 quo
1275 3451 1446 3530 cooperuit
1457 3468 1511 3514 me
1522 3451 1639 3513 umbra
1654 3453 1792 3514 mortist

338 3551 461 3612 costra
475 3547 612 3628 (Galat,
628 3565 675 3623 nv,
689 3547 754 3629 ab),
770 3550 848 3628 quia
861 3550 947 3614 sicut
958 3551 1039 3613 dicit
1050 3556 1142 3629 Apo-
1237 3547 1272 3610 Si
1296 3549 1384 3611 enim
1406 3549 1596 3612 carnalibus
1618 3549 1788 3612 distrahor
1808 3548 1994 3623 desideriis,

339 3647 443 3708 stolus
458 3669 466 3708 ι
479 3650 559 3710 Non
569 3649 734 3710 babemus
744 3651 799 3710 1110
808 3649 1006 3711 manantem
1015 3650 1141 3712 clotta-
1194 3646 1228 3708 et
1250 3645 1329 3719 illis,
1346 3646 1432 3724 quod
1454 3646 1551 3720 absit,
1572 3647 1755 3721 consentio,
1779 3647 1815 3708 in
1837 3650 1995 3725 quantum

339 3731 1137 3821 1000001010000010001010100(Ηο10.,οιιι,
1193 3757 1328 3820 possum
1356 3744 1500 3821 quidem,
1525 3744 1561 3806 in
1586 3745 1691 3808 morte
1719 3760 1814 3821 sum3
1845 3747 1996 3808 mortuus

340 3839 404 3921 11).
420 3841 460 3903 st
479 3841 515 3902 in
534 3840 593 3902 illa
613 3841 799 3904 Jerusalem
823 3842 950 3904 ooelesti
973 3843 1141 3906 ridebitur
1194 3840 1309 3918 ntique
1332 3841 1366 3904 et
1387 3842 1628 3919 consequenter
1647 3841 1859 3919 sepeliendus
1881 3843 1917 3904 in
1939 3843 1995 3903 in-

338 3953 416 4015 pax,
431 3937 1138 4018 11001110001000100οο(110111000101000
1193 3935 1335 3999 fernum.
1344 3938 1379 4000 Si
1389 3939 1500 4000 autem
1509 3939 1656 4002 assultus
1666 3955 1782 4002 eorum
1790 3941 1940 4002 assentio
1949 3937 1994 4019 (1)

338 4037 418 4110 Ipse
440 4035 492 4097 cst
514 4050 591 4110 pac
622 4036 765 4108 nostro,
795 4039 854 4110 qul
882 4038 964 4112 fecit
991 4039 1140 4112 uimque
1193 4049 1260 4097 non
1284 4035 1319 4096 in
1345 4036 1528 4110 morte,sed
1556 4037 1592 4098 in
1619 4037 1737 4099 umbra
1763 4037 1882 4099 mortis
1905 4054 1992 4108 sum,

337 4127 571 4208 onumfflpb..
588 4146 626 4199 ιι,
641 4128 704 4210 14).
727 4133 774 4192 De
793 4139 858 4208 qua
879 4148 961 4210 pace
978 4132 1140 4196 (11011110-
1194 4131 1271 4192 dum
1298 4132 1449 4194 inanium
1476 4133 1612 4212 pulvere
1639 4133 1879 4210 cogitationum
1907 4135 1995 4196 cali·

337 4224 1139 4300 01101101000100101010100,01000οω0110
1192 4230 1273 4306 gant
1295 4229 1384 4292 oculi
1414 4230 1498 4302 mei,
1523 4230 1557 4293 et
1581 4230 1760 4293 revocatur
1784 4230 1950 4294 memoria
1977 4247 1996 4292 a

337 4323 375 4383 10
389 4321 544 4383 torribus
559 4323 627 4384 tots
638 4319 706 4401 (Ps.
724 4325 793 4397 121,
809 4323 850 4395 7).
863 4325 979 4386 Turris
996 4339 1138 4404 namque
1192 4325 1369 4389 dulcedine
1394 4327 1454 4390 Dei
1473 4327 1551 4389 mei.
1574 4330 1614 4390 st
1635 4329 1754 4391 autam
1773 4331 1995 4392 0000000000

335 4415 518 4480 fortissima
542 4419 594 4482 est
616 4418 785 4496 Christus,
809 4421 850 4482 ad
874 4437 949 4482 eam
970 4421 1139 4500 confugiet
1192 4425 1230 4485 10
1242 4427 1354 4488 medio
1372 4428 1506 4488 umbros
1523 4426 1648 4488 mortis
1668 4441 1738 4488 000
1757 4427 1895 4499 limace,
1913 4441 1996 4500 000-

332 4516 445 4594 justus
460 4517 493 4577 et
507 4515 701 4579 salvabitur.
717 4518 810 4580 Unde
824 4519 860 4579 in
875 4517 935 4579 illo
950 4519 1078 4595 psalmo
1092 4522 1139 4584 lo·
1193 4523 1289 4584 atam
1309 4523 1348 4584 tu
1367 4537 1503 4584 mecum
1522 4537 1560 4586 cs
1582 4520 1652 4603 (Ps.
1673 4523 1724 4596 22,
1747 4521 1791 4602 1).
1816 4523 1910 4585 Unde
1933 4523 1995 4584 boc

336 4613 449 4690 quitur
461 4612 566 4675 David
580 4613 622 4674 ad
636 4615 822 4676 Jerusalem
841 4615 1020 4690 coelestem,
1043 4621 1137 4696 cujus
1192 4634 1327 4695 sperare
1350 4633 1530 4698 praesumo,
1556 4620 1634 4698 quia
1656 4620 1752 4696 virga
1775 4621 1842 4684 1000
1856 4637 1993 4684 correc-

335 4709 442 4773 virtus
464 4711 514 4773 est
533 4713 631 4772 Dens.
648 4713 721 4773 Pax
735 4712 800 4774 erit
816 4713 1002 4776 Jerusalem
1017 4715 1138 4778 invir-
1191 4716 1292 4779 tionis
1319 4717 1353 4780 et
1379 4716 1534 4780 baculum
1555 4719 1622 4780 tuae
1643 4717 1895 4780 sustentationis
1921 4718 1995 4796 ipsa

335 4808 406 4870 tute
416 4823 488 4881 sua,
498 4809 576 4886 qnia
586 4809 651 4872 erit
660 4825 736 4871 cum
746 4809 885 4872 Domino
894 4812 1134 4876 unarcluntas.
1191 4831 1244 4876 me
1259 4799 1484 4878 consolantur.
1507 4815 1547 4878 nt
1568 4815 1597 4877 si
1617 4815 1706 4878 enim
1720 4815 1873 4892 corrigas
1885 4817 1919 4878 et
1932 4817 1995 4878 de-

375 4905 550 4968 civitatem
582 4920 663 4982 ergo
697 4908 846 4972 sanctam
883 4907 1069 4971 Jerusalem
1103 4911 1136 4972 in
1191 4913 1315 4990 primas
1347 4913 1537 4990 superbiam
1572 4929 1698 4986 meam,
1732 4912 1922 4976 reducendo
1960 4913 1993 4976 in

336 5000 467 5064 inferno
492 5001 697 5078 paupertatis
729 5002 837 5066 adhuc
869 5006 1137 5082 peregrinantem
1191 5009 1360 5088 pulverem
1379 5011 1508 5080 mortis,
1526 5009 1619 5073 foves
1638 5011 1748 5074 tamen
1762 5011 1868 5072 vitam
1884 5027 1992 5073 meam

336 5098 527 5162 consolatur
538 5099 705 5174 Propheta
716 5098 849 5168 dicens:
862 5101 939 5164 Noli
952 5105 1043 5178 flere,
1059 5105 1136 5182 quia
1190 5108 1381 5170 sustentans
1395 5124 1459 5178 me,
1471 5123 1514 5170 00
1526 5123 1680 5171 corruam
1692 5108 1728 5170 in
1740 5107 1849 5170 lacum
1862 5110 1992 5172 mortis.

336 5197 402 5259 cito
425 5195 538 5258 veniet
561 5195 652 5256 salus
665 5195 733 5258 tua.
750 5197 891 5260 Etenim
912 5203 1050 5276 :Super
1069 5203 1137 5274 110-

334 5296 432 5354 mlna
458 5296 641 5366 Babylonis
665 5296 741 5356 saw
754 5297 908 5358 sedimus
926 5298 959 5360 ρ)
977 5299 1136 5370 flevimus
1227 5281 1268 5356 (l)
1289 5285 1330 5342 110
1350 5283 1428 5342 liss.
1449 5281 1525 5354 cod,
1543 5283 1591 5342 ubi
1614 5291 1710 5342 lamen
1729 5282 1850 5342 verbum
1869 5286 1991 5342 essentia

335 5395 417 5452 00
440 5393 709 5454 moos
731 5392 794 5465 a
816 5395 898 5455 se
913 5391 982 5474 os·
1003 5397 1071 5470 0,
1089 5394 1154 5476 o.
1190 5355 1542 5498 cassinatus
1553 5355 1994 5501 0011110110111

335 5487 500 5565 Babylon,
523 5487 689 5566 confusio;
713 5489 846 5568 quidam
874 5491 963 5554 enirn
985 5493 1047 5556 etsi
1069 5511 1135 5558 non
1190 5495 1355 5556 1001011000.
