4108 6418
158 173 217 234 177
685 178 842 248 QUINTA
864 180 1127 246 contributio.
1150 187 1229 246 LIB.
1254 187 1278 246 1.
1746 189 1802 250 178
1903 273 1906 280 Ι

156 327 292 390 ordines
315 344 336 390 a
361 345 427 392 non
456 331 526 392 suis
550 332 714 411 episcopis
743 343 950 415 receperunt
1008 343 1148 406 niendus
1164 343 1207 405 sit
1221 340 1268 423 (b)
1288 343 1526 418 Neoportensis
1548 344 1801 407 archidiaconus

155 425 291 505 quidam
315 426 416 490 etiarn
439 431 715 493 excommunicati
737 433 953 498 celebrantia
1008 441 1064 518 qui
1078 440 1275 518 quibusdam
1289 439 1390 501 eundi
1410 455 1484 500 cum
1500 440 1664 500 mercibus
1678 442 1712 502 in
1725 442 1804 504 Ale-

155 521 308 584 ecclesiis
320 523 515 597 interdictis,
532 527 565 587 et
579 528 702 590 Graecis
718 530 835 592 ritibus
850 534 955 609 perti·
1007 537 1182 598 nandriam
1192 537 1307 598 contra
1319 537 1476 598 statutum
1487 536 1627 597 concilii
1636 539 1802 611 generalis

154 621 285 682 nacitor
299 619 510 694 inhaerentes,
528 623 563 683 in
578 624 670 686 nullo
689 626 805 697 volunt
819 628 953 692 obedire
1007 633 1175 695 licentiam
1186 633 1226 695 de
1236 633 1323 696 tacto
1334 632 1481 694 tribuere
1496 648 1562 694 non
1572 634 1716 709 expavit.
1734 637 1801 698 Nos

155 718 303 794 praelatis
319 719 457 780 Latinis.
472 721 639 782 Praeterea
653 722 786 799 qnidam
799 726 906 787 Graeci
921 728 954 789 et
1007 746 1085 806 ergo
1101 730 1199 791 discr.
1228 729 1295 791 tuae
1321 728 1466 790 breviter
1493 729 1740 806 respondemus,
1767 732 1803 792 ut

155 815 265 876 Latini
294 815 441 892 episcopi
468 818 735 880 consecrationes
766 821 892 884 iaciunt
917 825 951 885 in
1006 844 1106 904 quum
1129 829 1208 906 jura
1237 827 1397 888 canonica
1424 828 1458 888 et
1489 827 1601 887 civilia
1624 826 1712 888 edita
1736 827 1803 888 sint

154 912 400 990 episcopatibus
415 911 751 986 alienis,etdecimas
766 921 953 997 percipiunt
1006 941 1106 1002 super
1132 923 1284 986 omnibus
1310 923 1379 984 lere
1408 923 1557 984 articulis
1587 923 1799 1000 praenotatis,

153 1009 191 1072 in
205 1009 342 1082 eisdem,
358 1009 394 1070 in
409 1011 638 1088 episcoporum
653 1016 842 1078 eorumdem
860 1018 952 1079 loco-
1006 1021 1164 1098 procedas
1183 1021 1217 1082 in
1233 1020 1285 1082 his
1301 1037 1400 1099 quum
1416 1035 1551 1081 necesse
1566 1019 1666 1081 fuerit
1680 1035 1802 1082 secun-

153 1123 229 1168 rum
253 1107 482 1184 praejudicium
506 1108 539 1170 et
558 1123 749 1186 gravamen,
766 1113 844 1176 licet
862 1115 952 1192 epis·
1005 1119 1082 1179 dum
1098 1118 1275 1180 canonicas
1288 1119 1321 1180 et
1332 1117 1497 1193 legitimas
1519 1117 1718 1178 sanctiones.
1735 1121 1802 1178 Ρο-

153 1205 230 1281 copi
242 1207 443 1276 Graecorum,
459 1221 521 1268 neo
535 1208 706 1286 percipere
718 1209 873 1284 decimas,
890 1229 951 1274 nec
1004 1217 1086 1279 teris
1110 1216 1210 1278 etiam
1234 1214 1275 1276 ad
1304 1214 1565 1290 componendum
1588 1213 1800 1290 interponere
1835 1249 1839 1256 -

153 1301 422 1364 consecrationes
437 1303 626 1380 huiusmodi
647 1308 882 1371 consueverint
895 1325 952 1370 ce-
1005 1313 1116 1390 partes
1139 1313 1214 1375 tuas
1241 1312 1274 1373 et
1301 1309 1467 1372 interdum
1486 1310 1610 1386 aliquid
1630 1311 1801 1372 severitati

153 1398 296 1460 lebrare.
318 1399 368 1460 Ad
392 1399 455 1460 hoc
480 1399 558 1462 laici
587 1403 694 1464 Graeci
723 1420 844 1465 uxores
872 1422 951 1467 suas
1004 1409 1190 1482 detrahere,
1212 1408 1311 1486 prout
1329 1409 1416 1470 statu
1431 1407 1563 1484 imperii
1578 1407 1611 1468 et
1634 1406 1800 1469 exceden-

152 1494 347 1557 secundum'
362 1497 486 1558 motum
512 1499 655 1574 propriae
688 1500 869 1563 voluntatis
894 1503 949 1564 di·
1004 1508 1086 1570 tium
1101 1505 1310 1567 multitudine
1323 1505 1460 1582 provida
1470 1503 1708 1564 deliberatione
1719 1521 1801 1580 pen-

150 1593 293 1665 mittere,
311 1593 343 1655 et
357 1593 442 1654 alias
456 1595 678 1671 superducere
693 1613 759 1658 non
781 1600 947 1672 verentur,
1004 1604 1095 1676 satis,
1124 1603 1248 1662 videris
1272 1600 1444 1678 expedire;
1470 1600 1617 1676 exceptis
1641 1599 1799 1661 nimirum

151 1705 192 1752 ao
205 1690 519 1766 operaridominicis
530 1692 563 1752 et
572 1691 699 1756 festivis
710 1694 824 1755 diebus
835 1712 951 1772 quem·
1004 1699 1147 1772 casibus,
1163 1698 1219 1776 qui
1234 1697 1482 1774 compositionis
1503 1713 1563 1758 seu
1578 1695 1801 1773 dispensatio-

150 1787 327 1849 admodum
357 1785 408 1867 (a)
436 1788 471 1849 in
500 1788 666 1866 profestis.
690 1793 794 1854 Porro
815 1793 948 1869 quidam
1003 1797 1056 1856 nis
1071 1793 1251 1856 remedium
1267 1809 1333 1854 non
1348 1792 1535 1864 admittunt,
1554 1792 1667 1870 utpote
1682 1794 1800 1870 conju-

150 1884 295 1946 barones
310 1885 344 1948 et
356 1885 490 1958 milites,
506 1886 573 1948 tam
589 1887 698 1949 Latini
713 1903 811 1965 quam
827 1890 946 1962 Graeci,
1003 1891 1050 1968 gii
1073 1891 1326 1961 sacramentum,
1357 1889 1443 1965 quod
1467 1904 1568 1966 quum
1596 1904 1662 1948 non
1691 1888 1798 1948 solum

151 1980 313 2055 abbatias,
330 1983 363 2044 et
377 1981 535 2044 ecclesias
550 1983 646 2056 alias,
663 2000 738 2046 cum
759 1985 949 2048 hominibus
1002 1988 1089 2066 apud
1104 1987 1239 2049 Latinos
1267 1987 1301 2048 et
1327 1989 1470 2056 Graecos,
1498 1985 1556 2044 sed
1584 1985 1685 2044 etiam
1711 1985 1798 2070 apud

151 2078 186 2140 et
210 2078 305 2140 bonis
329 2079 405 2140 aliis
427 2080 628 2153 earumdem,
652 2083 766 2144 contra
783 2084 948 2161 justitiam
1003 2084 1117 2146 ssdeles
1132 2085 1164 2146 et
1177 2083 1328 2144 infideles
1342 2080 1475 2151 existat,
1495 2081 1584 2141 circa
1599 2079 1680 2140 illud
1703 2096 1723 2141 a
1744 2096 1800 2142 se-

152 2176 349 2248 detinentes,
374 2177 518 2238 decimas
531 2194 597 2240 non
613 2178 799 2252 exsolvunt,
816 2181 850 2242 et
863 2181 948 2242 alios
1002 2180 1142 2242 veritate
1165 2177 1326 2239 canonica
1345 2176 1501 2237 recedere
1524 2192 1590 2236 non
1615 2174 1746 2236 licebit.
1760 2178 1797 2236 ln

153 2274 283 2336 solvere
297 2275 489 2336 recusantes
503 2275 539 2335 in
554 2291 613 2338 sno
629 2291 742 2338 errore
757 2275 947 2349 defendunt,
1002 2277 1158 2338 hisvero
1185 2289 1285 2351 super
1309 2272 1428 2349 quibus
1452 2274 1510 2348 jus
1537 2288 1603 2356 non
1629 2272 1800 2333 invenitur

96 2420 101 2428 .
153 2371 187 2432 et
199 2371 227 2431 si
239 2385 298 2447 pro
313 2371 377 2442 his,
394 2373 453 2432 aut
465 2371 541 2432 aliis
556 2372 747 2433 excessibus
766 2373 836 2434 suis
859 2373 950 2435 fera·
1003 2389 1207 2450 expressum,
1233 2371 1392 2448 procedas
1415 2369 1568 2446 aequitate
1590 2369 1722 2430 servata
1743 2385 1799 2429 se·

152 2467 208 2528 tur
222 2467 573 2530 excommunicationis
583 2469 745 2531 sententia
758 2469 793 2530 in
804 2470 946 2541 eosdem,
1004 2468 1146 2532 cundum
1167 2469 1253 2547 quod
1277 2481 1435 2544 personas
1459 2467 1492 2528 et
1515 2481 1643 2538 causas,
1670 2465 1742 2526 loca
1766 2466 1799 2528 et

153 2579 227 2624 eain
251 2564 286 2624 in
310 2564 496 2624 animarum
525 2581 660 2625 suarum
688 2565 888 2642 periculum,
917 2569 960 2632 et,
1002 2567 1151 2642 tempora
1162 2563 1286 2626 rideris
1299 2563 1477 2640 postulare,
1490 2578 1620 2639 semper
1632 2563 1666 2622 in
1679 2562 1798 2623 huma-

153 2660 296 2722 aliorum
327 2660 519 2722 scandalum
547 2661 788 2738 vilipendunt:
815 2662 901 2723 unde
929 2678 949 2724 a
1003 2663 1130 2725 niorem
1145 2661 1283 2738 partem,
1295 2660 1438 2720 maxime
1449 2659 1585 2736 propter
1599 2659 1719 2722 statum
1734 2660 1798 2720 im-

153 2757 250 2819 nobis
267 2757 437 2828 desideras
451 2757 594 2828 edoceri,
618 2758 695 2834 quid
710 2758 771 2819 tibi
785 2759 948 2834 agendum
1002 2759 1088 2839 perii
1101 2759 1210 2820 adhuc
1224 2757 1376 2830 debilem,
1392 2756 1600 2820 declinando.

152 2854 246 2915 sitin
261 2852 413 2914 omnibus
429 2869 528 2931 supra
550 2853 658 2928 dictis,
684 2855 716 2916 et
731 2854 873 2933 qualiter
886 2873 950 2936 pu-

153 3071 333 3133 hntiochcno
348 3085 412 3130 cen.
430 3071 463 3130 {3
476 3079 503 3130 et
520 3074 565 3143 22,
577 3080 605 3130 et
619 3074 682 3132 aliis
697 3075 814 3147 passim.
830 3075 947 3133 hlulmm
1003 3070 1050 3127 nio
1065 3071 1141 3128 enim
1176 3077 1307 3143 ostquam
1326 3069 1390 3128 haec
1411 3070 1525 3143 scripsit
1537 3069 1680 3136 Balsama,
1694 3077 1798 3148 nempe

153 3145 259 3202 laboris
273 3143 412 3216 impendit
433 3145 618 3201 Innocentius
631 3147 671 3203 lll
694 3152 723 3202 et
742 3146 836 3217 plures
860 3145 949 3203 edidit
1002 3155 1078 3198 anno
1096 3087 1175 3211 120AE
1198 3141 1458 3214 Constantinopolis
1478 3147 1560 3212 capta
1582 3145 1626 3196 est
1646 3153 1661 3195 a
1680 3139 1797 3203 Latinis,

154 3215 289 3288 epistolas
310 3213 446 3297 adversus
470 3214 595 3283 Graecos,
610 3215 774 3272 Latinorum
798 3216 861 3289 jura
888 3224 945 3274 tur·
1002 3219 1030 3267 et
1049 3211 1101 3268 sub
1116 3211 1276 3284 patriarcha
1299 3213 1400 3269 Latino
1415 3211 1541 3278 redacta,
1557 3209 1695 3267 Balduino
1712 3209 1796 3264 Flan-

154 3286 265 3368 hantes,
278 3291 307 3342 ut
318 3286 407 3356 Epist.
423 3283 485 3343 ote.
500 3284 561 3342 hib.
576 3287 599 3353 1,
614 3291 643 3342 et
656 3286 700 3355 58,
711 3287 790 3353 thet
804 3293 946 3358 sequent,
1002 3281 1052 3339 dra
1065 3281 1148 3364 duce,
1171 3281 1224 3365 sub
1247 3284 1415 3342 innocentio
1427 3285 1478 3349 ιιι,
1515 3295 1549 3336 ua
1573 3279 1609 3336 de
1623 3295 1654 3336 re
1666 3278 1799 3358 Balsama

155 3355 216 3438 Lib.
245 3358 282 3432 ll,
311 3362 408 3411 contra
433 3355 551 3440 abbates
581 3356 705 3426 Graecos,
731 3357 789 3438 qui·
803 3357 948 3415 Corinthio
1001 3360 1184 3435 conqueritur
1204 3367 1234 3410 m
1253 3353 1488 3425 supplementoa
1530 3351 1674 3434 rancura¹
1698 3346 1799 3422 synodi

154 3441 171 3484 c
193 3440 289 3510 iscopo
303 3439 371 3481 vero
384 3432 412 3481 et
428 3426 578 3508 legitimo,
591 3439 627 3484 eo
642 3427 718 3498 quod
730 3429 846 3484 Latinus
861 3433 946 3494 esset,
1001 3422 1197 3504 Antiocheae,
1215 3437 1269 3504 uec
1288 3424 1345 3480 utto
1366 3430 1495 3502 tempore
1532 3435 1568 3476 no
1583 3423 1676 3477 Latini
1691 3418 1798 3501 guber·

154 3512 171 3552 o
193 3493 486 3576 ediredelrectabant.
508 3499 638 3568 Denique
661 3511 696 3551 eo
716 3503 834 3552 ventum
849 3503 902 3578 est,
917 3503 950 3552 ut
1003 3499 1116 3562 nerunt,
1132 3507 1282 3574 imperium
1299 3491 1411 3574 firmum
1432 3491 1494 3574 init.
1511 3490 1748 3572 dechenchas,
1769 3502 1799 3543 m

153 3565 239 3622 iidem
253 3572 425 3646 contrariam
446 3565 612 3624 orthodoxe
633 3563 822 3635 adstruerent,
836 3573 869 3645 et
879 3572 949 3648 ritus
1002 3559 1058 3642 hoc
1072 3575 1148 3632 cap„
1158 3561 1256 3642 scribit
1266 3564 1367 3618 loanni
1380 3559 1528 3642 cardinali,
1539 3573 1567 3614 m
1578 3559 1693 3640 casibus
1703 3571 1797 3639 ¹eupo-

153 3649 255 3693 omnes
268 3635 434 3718 Latinorum
449 3650 552 3715 exosos
571 3633 719 3703 haberent,
735 3642 766 3691 ut
784 3634 820 3716 de
831 3649 948 3717 JeJnmJi
1003 3637 1065 3687 sitis
1089 3629 1194 3686 dehere
1219 3630 1473 3712 inhumaniorem
1505 3634 1615 3709 partem
1644 3627 1798 3708 inclmare,

153 3705 273 3762 sabbato
288 3703 438 3776 prohibitis
456 3711 536 3775 iuxta
558 3703 722 3760 Trullanum
741 3705 903 3774 concilium,
919 3720 948 3761 in
1003 3707 1117 3772 propter
1132 3707 1236 3756 statum
1250 3714 1288 3755 ini
1312 3713 1363 3755 eru
1379 3697 1472 3755 adhuc
1486 3697 1618 3754 debilem.
1633 3697 1714 3756 Unde
1729 3711 1799 3753 acci·

193 3777 347 3831 ozonaras
365 3773 472 3830 Latinis
487 3772 583 3830 tribuit
597 3780 754 3847 peccatum,
768 3774 803 3831 ad
822 3789 886 3834 can.
902 3775 947 3834 55.
1003 3769 1054 3839 dit,
1069 3777 1101 3827 ut
1113 3769 1193 3826 brevi
1204 3769 1256 3826 sub
1301 3768 1410 3827 ichaele
1432 3768 1594 3849 Palaeologo
1611 3779 1814 3839 recuperare·

153 3791 287 3904 ffllmmo
298 3857 375 3910 vero,
393 3845 520 3900 omnium
532 3843 808 3916 impudentissimus,
832 3847 871 3902 ait
894 3843 949 3903 hoc
1003 3841 1058 3898 rint
1069 3840 1342 3913 Constantinopolim
1363 3840 1462 3922 eiectis
1483 3838 1600 3896 Latinis.
1625 3840 1683 3910 Ipsi
1702 3844 1798 3893 tamen

153 3915 309 3974 concilium
322 3920 421 3985 utpote
432 3928 485 3970 suo
499 3928 586 3971 sensu
606 3915 825 3982 oecumenioum
840 3929 855 3972 a
871 3915 946 3973 heti·
1003 3911 1094 3969 Graeci
1112 3911 1218 3992 saepius
1233 3925 1278 3967 res
1295 3925 1363 3966 suas
1382 3924 1410 3965 in
1428 3909 1586 3992 perniciem
1606 3909 1677 3964 verti
1697 3920 1800 3978 agnos

153 3987 199 4043 uis
211 3984 267 4042 hac
278 3983 313 4040 de
325 3998 412 4040 causa
430 3983 519 4057 rejici,
536 3983 611 4057 quod
628 3998 728 4042 eorum
748 4000 798 4041 cor
812 3992 949 4058 tanquam
1003 3989 1111 4050 centes,
1138 3980 1305 4038 simulantes
1326 3980 1461 4036 Ecclesiae
1483 3980 1620 4038 Romane
1639 3977 1797 4047 adherere,

155 4055 260 4113 ferrum
269 4053 418 4136 pervadat,
436 4062 555 4128 pungat,
572 4062 600 4112 et
618 4053 754 4128 contigat.
770 4057 812 4113 De
826 4055 872 4112 his
886 4057 949 4130 egi·
1003 4065 1137 4179 perversa
1157 4065 1209 4109 sua
1233 4050 1369 4124 dogmata
1384 4049 1572 4122 abnegantes,
1592 4050 1663 4105 utin
1678 4047 1800 4104 concilio

153 4141 218 4183 mus
239 4125 326 4194 alias3
348 4131 379 4181 ιιι
397 4123 433 4180 de
452 4124 587 4184 altaribus
608 4125 772 4183 Graecorum
795 4127 824 4183 ln
847 4126 949 4199 quibus
1025 4121 1177 4179 errariensi
1191 4128 1220 4178 et
1233 4121 1395 4178 Florentino
1402 4127 1466 4192 post
1478 4119 1633 4176 Basiliense
1646 4125 1746 4176 coacto
1762 4117 1798 4174 ab

153 4195 248 4255 Latini
272 4193 467 4253 celebrassent
489 4193 679 4265 denudandis,
701 4203 730 4252 et
743 4202 881 4268 tanquam
901 4197 946 4252 in·
1003 4191 1134 4264 ungento
1157 4193 1205 4262 lv,
1229 4189 1349 4273 professi
1376 4197 1443 4248 sunt
1466 4188 1674 4246 obedientiam·
1696 4186 1747 4245 aed
1767 4194 1799 4244 ut

154 4265 278 4340 quinatis
286 4264 426 4335 lavandis,
435 4264 519 4322 docet
527 4265 604 4322 idem
614 4266 808 4336 Innocentius,
817 4267 846 4324 iu
857 4267 950 4339 capi
1003 4269 1080 4319 recte
1101 4267 1249 4319 annotavit
1266 4259 1399 4320 hibertus
1421 4260 1572 4317 Krantziiis
1592 4260 1621 4316 in
1638 4231 1796 4328 hieropoli,

153 4335 267 4394 concilii
279 4335 412 4393 lateran.
428 4335 497 4404 Quae
514 4335 667 4393 obstinatio
681 4336 728 4394 dtu
744 4344 808 4409 post
822 4337 947 4404 inolevit,
1002 4347 1066 4404 cap.
1081 4333 1127 4401 tt,
1142 4331 1423 4401 htb.11‚iiraecornm
1438 4343 1552 4403 semper
1562 4329 1699 4387 vacillans
1718 4328 1797 4384 natio

152 4409 191 4465 ita
209 4413 241 4462 ιιι
261 4406 348 4462 eiiam
369 4406 398 4461 in
419 4405 534 4488 templis
555 4407 720 4464 Latinorum
733 4421 816 4464 orare
828 4407 947 4476 nollent,
1003 4403 1176 4530 inantipuos
1194 4417 1289 4459 mores
1309 4401 1419 4470 recidit,
1438 4401 1507 4474 ipsis
1521 4401 1607 4458 etiam
1624 4398 1798 4482 imperatori-

147 4475 230 4550 ·quod
244 4481 340 4532 tamen
355 4474 502 4533 damnavit
515 4477 675 4535 Demetrius
693 4477 886 4536 Chomatenus
905 4478 948 4533 tii-
1002 4471 1056 4530 bus
1067 4474 1107 4530 Pa·
1118 4474 1190 4530 aeolo
1214 4473 1238 4529 's
1250 4470 1461 4541 inclinantibus,
1477 4469 1554 4529 unde
1571 4469 1680 4544 judicio
1700 4467 1797 4526 divino

153 4545 415 4617 lasciuientem
430 4546 646 4604 Constantinum
657 4547 827 4616 cabutam,
839 4547 900 4604 Lib.
911 4550 947 4617 V,
1002 4550 1093 4600 totum
1111 4545 1262 4616 imperuim
1276 4543 1442 4599 amiserunt.

151 4631 278 4687 respons.
289 4617 370 4688 juris
392 4617 560 4675 dracmam.
584 4617 717 4675 balsamo
740 4632 809 4675 vero
830 4617 949 4675 ulterius
1041 4611 1082 4687 (ιι)
1091 4614 1126 4670 hi
1134 4613 1350 4697 profestisllies
1358 4610 1670 4685 protesiustvdpwmc
1678 4608 1793 4665 inGlos·

153 4701 325 4770 progressus
353 4688 459 4759 Papam
483 4686 634 4761 indignum
658 4701 723 4744 esse
745 4688 948 4746 communione
1002 4686 1079 4743 sario
1094 4683 1257 4754 Philoxeni3
1274 4682 1349 4753 apud
1363 4682 1575 4739 Nazianzenum
1588 4679 1704 4742 &rederet
1717 4671 1797 4742 ἡμέρα
1845 4745 1848 4752 ¹

153 4756 386 4831 patriarchalium
417 4755 539 4826 sedium,
572 4771 627 4814 nec
658 4771 752 4840 genus
783 4758 948 4815 Latinorum
1002 4747 1796 4824 croccptetiav,dtcsproseataecelebritutcmitorihabeus,

153 4842 240 4900 posse
252 4842 302 4910 per
316 4826 412 4883 divina
428 4842 455 4883 m
476 4829 562 4908 steria
577 4827 759 4896 aancbficari,
770 4827 949 4900 impudenter
1002 4827 1032 4882 in
1051 4840 1108 4899 quo
1124 4825 1193 4906 licet
1201 4823 1323 4904 operari,
1340 4820 1415 4948 apud
1433 4817 1795 4902 sipontinumuGurammati·

154 4905 286 4955 asseruit.
302 4899 375 4966 lmo,
398 4912 434 4969 qu
493 4911 575 4971 papus
597 4905 650 4968 est,
673 4899 827 4968 Armeniis,
847 4900 947 4957 Mano-
1003 4911 1079 4966 cum,
1089 4902 1117 4952 et
1129 4894 1339 4966 distinguitura
1373 4890 1490 4959 ieiesto,
1500 4889 1684 4956 utex‘Phnio,
1694 4900 1757 4959 cap.
1767 4887 1793 4944 6.

152 4967 270 5038 melitis,
286 4967 473 5036 Nestorianis,
489 4976 517 5025 et
528 4969 590 5025 aliis
605 4967 747 5026 hereticis
761 4970 948 5042 comparavit,
1004 4967 1065 5024 Lib.
1081 4965 1187 5033 livill,
1204 4969 1325 5021 constat.
1776 5026 1782 5038 ι

154 5037 191 5096 ad
201 5040 314 5096 Interro
332 5042 372 5096 at.
388 5037 432 5095 32.
448 5039 499 5098 Cui
513 5037 663 5096 adhaerens
679 5038 829 5099 Matthaeus
841 5041 948 5097 blasto·
1039 5036 1077 5110 (ιι)
1089 5033 1288 5108 Neoporteasis
1309 5031 1419 5115 archid.
1433 5029 1506 5089 Vide
1527 5042 1565 5111 aa
1585 5025 1741 5118 legendum
1760 5033 1796 5083 sit

153 5107 284 5178 res,hih.
321 5111 373 5178 ιιι,
389 5109 502 5166 Grecos
524 5108 593 5167 dixit
604 5123 663 5168 non
677 5125 762 5183 posse
781 5108 949 5168 contrahere
1002 5109 1037 5166 Ni
1062 5105 1189 5179 ripontis,
1211 5119 1275 5178 quie
1299 5109 1343 5160 est
1365 5102 1458 5160 insula
1482 5103 1580 5180 Pontis
1604 5101 1718 5179 hurum,
1743 5096 1796 5154 sub

154 5178 368 5236 cumhaereticis
386 5179 498 5252 iudeis,
507 5187 535 5237 et
549 5181 671 5263 paganis
681 5181 783 5253 quibus
793 5183 865 5254 eqni
889 5189 949 5239 arat
1003 5192 1052 5236 arc
1073 5178 1218 5250 iepisoopo
1233 5173 1411 5240 Atheniensi,
1427 5171 1463 5230 de
1477 5185 1559 5243 cuins
1574 5171 1695 5226 Domino
1707 5170 1794 5226 luno·

154 5251 281 5310 Latinos.
298 5223 379 5320 Quod
393 5250 574 5312 crinentnou
595 5252 715 5311 inultum
730 5253 835 5311 mansit
841 5267 850 5325 3
865 5197 946 5310 gien-
1003 5249 1115 5308 centius
1129 5249 1180 5319 111,
1193 5247 1222 5305 in
1233 5246 1316 5321 epist.
1330 5245 1347 5304 b
1362 5252 1390 5302 et
1404 5243 1431 5315 a,
1449 5241 1510 5300 Lib.
1526 5241 1588 5301 XV.
