4078 6442
48 244 120 307 505

47 505 182 582 copatu
196 504 397 566 Moranensi.

96 603 138 664 In
153 601 345 680 episcopatu
358 599 575 665 satrianensi.

97 701 138 761 In
154 697 346 778 episcopatu
362 701 484 762 Montis
497 699 699 763 viridensis

96 800 138 858 In
153 796 345 876 episcopatu
359 798 621 877 Laquedoneusi.

97 895 138 956 In
154 895 442 973 archiepiscopatu
451 897 654 972 hgeronuno
666 917 674 956 e
684 896 855 974 Hospitale

47 993 210 1070 ejusdem
220 992 365 1054 civitatis
380 1009 454 1055 cum
467 994 594 1072 capella
605 995 711 1057 sancti
724 994 852 1068 Lazari,

47 1090 128 1152 tres
144 1089 267 1152 solidos
281 1105 473 1168 parnenses.
532 1167 536 1174 ,
586 1149 587 1154 ,

97 1188 351 1261 Monasterium,
376 1189 463 1266 quod
491 1189 611 1253 dicitur
638 1189 680 1252 de
708 1191 855 1252 Boncon·

46 1301 169 1358 verso,
186 1301 246 1347 sex
258 1285 381 1348 solidos
395 1287 481 1348 auri.

98 1385 138 1444 In
154 1383 346 1461 episcopatu
358 1381 545 1446 Potentino.

97 1479 337 1556 Inepiscopaiu
349 1479 853 1542 lhicaricensifflcclesiasauc-

44 1579 99 1638 tae
115 1576 299 1649 Trinitatis
317 1591 417 1638 unam
427 1577 561 1640 unciam
573 1577 659 1640 auri.

94 1676 135 1735 In
148 1674 340 1751 episcopatu
357 1675 528 1736 Venusino
539 1695 547 1735 ε
558 1674 707 1737 Ecclesia
724 1676 853 1738 Sanctae

48 1770 243 1844 Trinitatis,
258 1787 358 1832 unam
373 1772 506 1834 unciam
518 1772 604 1834 auri.

95 1867 246 1930 Ecclesia
262 1869 376 1933 Sancti
387 1869 519 1932 Nicolai
529 1869 570 1932 de
580 1870 740 1933 Morbano
750 1885 853 1931 unum

49 1965 253 2044 squiiaium.

96 2067 137 2127 In
151 2065 345 2143 episcopatu
360 2065 573 2128 Gravinensi.

96 2164 136 2223 In
157 2163 350 2240 episcopatu
372 2162 576 2240 huglonensi
593 2163 852 2226 :Monasterium

50 2260 97 2321 de
112 2262 234 2334 Rama,
251 2275 351 2321 unam
366 2261 498 2323 unciam
513 2260 599 2323 auri.

98 2361 138 2420 In
162 2357 449 2436 archiepiscopatu
470 2358 674 2421 Tarentino:
697 2360 772 2436 Ipse
797 2374 854 2420 ar-

52 2455 291 2532 chiepiscopus
313 2470 373 2532 pro
402 2455 543 2518 ecclesia
566 2455 695 2518 Sanctae
723 2455 851 2529 Mariae,

50 2553 142 2613 duas
158 2553 274 2614 uncias
289 2551 374 2614 auri.

98 2649 338 2712 Monasterium
354 2651 483 2711 sancte
493 2650 621 2722 Mariae,
633 2649 673 2712 de
686 2650 851 2722 Gualesio,

55 2762 165 2807 unam
178 2746 299 2808 libram
313 2761 411 2818 cerae,
427 2745 461 2807 et
474 2761 576 2807 unam
599 2746 718 2808 libram
731 2747 852 2809 thuris.

99 2846 138 2904 In
155 2842 346 2920 episcopatu
361 2843 553 2905 Mutulensi.

101 2943 141 3000 ln
157 2939 348 3017 episcopatu
363 2940 561 3003 castellano.

100 3040 140 3098 In
167 3037 456 3116 archiepiscopatu
479 3037 701 3112 Brundusium
725 3039 856 3103 61011-

56 3135 155 3196 tano:
177 3137 251 3212 lpse
274 3134 593 3214 archiepiscopus‚2
620 3137 739 3198 uncias
767 3136 852 3199 auri.

100 3232 248 3294 Ecclesia
271 3223 531 3297 Sanctae‘Mariae
546 3235 587 3296 de
614 3236 722 3297 Parvo
737 3235 853 3310 Ponte,

59 3346 162 3391 unam
176 3330 406 3393 unciamauri.
435 3327 449 3346 ·‘

102 3428 249 3489 Ecclesia
264 3429 378 3490 Sancti
394 3429 540 3503 Thomas,
558 3445 634 3492 cum
655 3430 820 3506 hospitale
834 3446 854 3492 a

60 3525 243 3602 Logotheto
273 3525 446 3598 aedificato,
474 3542 575 3587 unam
596 3525 853 3588 marabutinum.

101 3622 250 3684 Ecclesia
266 3622 395 3684 Sanctae
416 3621 608 3698 Margaritae
626 3623 666 3685 de
683 3626 797 3685 Panna
815 3623 855 3686 de

59 3719 200 3791 Rachle,
216 3734 317 3780 unam
328 3717 462 3779 unciam
476 3717 562 3780 auri.

102 3820 140 3879 In
154 3814 346 3892 episcopatu
359 3813 549 3877 Astuneusi.

102 3916 141 3973 In
173 3910 461 3989 archiepiscopatu
483 3912 654 3977 Idrontino
678 3912 856 3978 :Ecclesia

63 4010 194 4072 Sanctae
209 4009 325 4071 Mariae
342 4008 383 4071 de
392 4010 488 4083 Neto,
505 4025 608 4072 unam
617 4013 753 4074 unciam
769 4011 854 4074 auri.

104 4107 342 4169 Monasterium
357 4108 389 4169 S.
406 4107 537 4169 Nicolal
549 4107 589 4170 de
599 4111 740 4184 casulis,
753 4126 855 4172 unum

63 4205 277 4267 michalatum
301 4205 387 4278 auri,
415 4204 501 4283 quod
524 4205 614 4268 valet
635 4208 781 4286 quinque
803 4210 857 4273 ta-

64 4303 155 4363 renis
169 4303 269 4378 regis.

105 4402 142 4460 ln
154 4399 347 4477 episcopatu
368 4401 547 4462 castrensi.

105 4499 142 4558 In
157 4497 348 4575 episcopatu
363 4497 582 4575 Gallipotano.
596 4502 731 4562 Graecus
746 4502 806 4563 est.

105 4597 142 4654 ln
172 4595 364 4673 episcopatu
382 4596 521 4658 Litiensi
542 4598 719 4659 :Ecclesia
743 4598 857 4660 Sancti

65 4692 238 4765 iohannis,
256 4691 426 4754 dimidiam
439 4693 572 4755 unciam
584 4694 671 4756 auri.

107 4791 143 4849 ln
158 4789 349 4866 episcopatu
361 4791 537 4866 Ugentino.

106 4888 143 4946 ln
155 4887 347 4964 episcopatu
361 4887 535 4950 Leucensi.

106 4984 143 5043 ln
179 4982 466 5062 archiepiscopatu
504 4983 643 5056 Barcaei
672 5005 680 5047 ε
710 4986 858 5048 Ecclesia

68 5079 179 5142 Sancti
190 5079 372 5154 Benedicti,
387 5083 408 5142 2
430 5080 647 5159 melequinos.

105 5178 142 5239 ln
151 5177 343 5254 episcopatu
351 5177 521 5241 Bitunliuo
533 5179 693 5244 :Ecclesia
705 5183 738 5244 S.
750 5184 858 5245 Geor·-

66 5275 113 5351 gii
126 5274 298 5347 Bituntini,
313 5275 467 5354 3solidos
481 5291 674 5353 parnenses.

107 5375 143 5434 ln
158 5372 349 5449 episcopatu
364 5372 589 5450 Melphetano.

107 5472 143 5531 ln
163 5470 599 5548 episcopatuluvenacensi.

108 5569 143 5628 ln
159 5566 349 5646 episcopatu
364 5567 539 5632 Ruhetino.

617 257 619 262 '
703 245 828 311 LIBER
849 247 1061 312 GENSUUM.

49 409 221 470 Romanae
236 406 392 470 Ecclesia
406 405 567 480 censuali,
593 407 700 486 posita
712 409 748 472 in
767 409 857 488 epis-

949 411 988 472 In
995 408 1188 489 episcopatu
1204 407 1365 488 salpensi.

950 509 988 570 ln
1000 507 1193 586 episcopatu
1204 505 1384 568 Cantiensi.

950 607 987 664 ln
1000 605 1192 682 episcopatu
1201 602 1386 665 Betentino.
1403 599 1441 682 (⁸)

949 699 1705 780 inepiscopatuGonversano:Abbasejusdem

909 797 1021 871 terrae,
1038 816 1139 861 unam
1154 799 1287 861 unciam
1302 799 1388 860 auri.

949 898 987 957 ln
1000 897 1194 975 episcopatu
1206 897 1465 960 Menervinensi.

948 995 987 1056 In
1001 996 1193 1074 episcopatu
1205 993 1453 1072 Pelignaneusi.

948 1092 986 1152 ln
998 1094 1191 1171 episcopatu
1206 1092 1425 1155 caterinensi.

949 1196 987 1256 ln
1009 1191 1202 1270 episcopatu
1217 1190 1399 1253 Lavellino.

949 1295 987 1354 In
1002 1289 1194 1369 episcopatu
1207 1288 1371 1350 Trahensi
1389 1303 1396 1344 :
1413 1286 1561 1351 Ecclesia
1575 1287 1704 1349 Sancte

909 1390 1026 1452 Meriae
1043 1389 1079 1449 in
1091 1385 1304 1458 Barolivilla,
1316 1401 1418 1447 unum
1433 1385 1565 1447 obolum
1584 1399 1706 1446 masse

909 1487 1083 1549 mutinum.

947 1586 986 1646 In
1001 1581 1194 1661 episcopatu
1203 1579 1390 1657 Vigiliensi.

947 1684 986 1744 In
1013 1679 1207 1758 episcopatu
1241 1677 1437 1739 Andrensi:
1465 1675 1705 1738 Monasterium

909 1777 1022 1841 Sancti
1037 1777 1171 1838 Thomae
1186 1774 1226 1836 de
1239 1773 1376 1847 Andria,
1393 1773 1546 1851 quartam
1570 1772 1703 1834 unciam

907 1875 982 1939 auri
997 1875 1039 1937 ed
1054 1873 1182 1953 pondus
1196 1872 1319 1934 Baroli.

947 1972 1186 2036 Monasterium
1212 1971 1344 2032 Sanctae
1367 1968 1484 2030 Mariae
1508 1967 1550 2029 de
1577 1968 1700 2039 Monte,

907 2072 1051 2134 mediam
1061 2069 1193 2132 unciam
1209 2069 1294 2130 auri.

947 2171 985 2232 In
1004 2166 1292 2244 archiepiscopatu
1314 2163 1488 2241 Sipontino
1505 2182 1513 2223 ε
1529 2163 1702 2224 Monaste-

907 2268 994 2330 rium
1007 2264 1129 2326 Montis
1145 2262 1249 2335 Sacri,
1267 2259 1437 2323 dimidiam
1458 2254 1592 2320 unciam
1614 2258 1701 2320 auri.

947 2362 1096 2426 Ecclesia
1112 2360 1224 2423 Sancti
1248 2355 1423 2430 Leonardi,
1443 2372 1545 2420 unam
1570 2357 1702 2420 unciam

907 2477 993 2526 aum.

947 2557 1095 2622 Ecclesia
1125 2555 1238 2619 Sancti
1266 2554 1418 2625 Thomae,
1448 2567 1549 2614 unam
1583 2550 1703 2613 libram

908 2655 1045 2720 olibani.

948 2750 1188 2815 Monasterium
1217 2748 1330 2810 Sancti
1356 2746 1518 2811 iohannis
1533 2745 1569 2807 ln
1588 2747 1702 2817 Lama,

908 2865 1009 2912 unam
1024 2848 1156 2910 unciam
1171 2846 1256 2908 auri.

948 2945 1187 3009 Monasterium
1203 2944 1332 3006 Sanctae
1346 2941 1463 3003 Mariae
1477 2941 1519 3002 de
1543 2939 1701 3011 Pulzano,

908 3044 1121 3106 ahisanoios.
1389 3115 1394 3128 Ι

948 3141 1096 3204 Ecclesia
1112 3139 1242 3204 Sanctae
1253 3137 1370 3200 Mariae
1384 3133 1602 3213 Magdalenae,
1630 3132 1703 3195 211-

907 3241 985 3302 hras
999 3253 1115 3301 cerm.-

948 3335 1096 3399 Ecclesia
1123 3333 1253 3395 Sancta
1286 3331 1403 3392 Mariae
1428 3329 1469 3392 de
1498 3327 1702 3399 saxorubeo,

908 3437 929 3497 2
942 3434 1045 3496 libras
1057 3445 1155 3492 cerae.

949 3527 1121 3606 Hospitele
1143 3529 1176 3588 S.
1196 3523 1313 3587 Jacohi
1336 3523 1463 3586 casalis
1486 3522 1584 3594 Novi,
1601 3537 1704 3582 unum

909 3626 1042 3689 obolum
1054 3621 1341 3685 massamutinum.

950 3726 988 3786 ln
1002 3719 1195 3800 episcopatu
1216 3717 1361 3782 vestano
1377 3733 1385 3772 :
1402 3713 1642 3778 Monasterium
1662 3713 1703 3774 de

910 3820 1043 3892 Calena,
1060 3833 1161 3880 unam
1175 3815 1310 3877 unciam
1324 3813 1411 3876 euri.

949 3915 1097 3980 Ecclesia
1123 3913 1236 3976 Sancti
1264 3910 1355 3974 Petri
1387 3909 1428 3971 de
1457 3908 1570 3986 cripta
1597 3909 1703 3980 Nova,
1807 3993 1813 4000 Ι

911 4029 1013 4077 unum
1027 4027 1177 4076 aureum.

950 4113 988 4174 In
1018 4109 1210 4189 episcopatu
1237 4107 1398 4182 Trojano,
1424 4104 1480 4181 qui
1506 4103 1557 4166 est
1581 4102 1707 4164 domini

911 4214 1030 4288 Papae:
1044 4205 1284 4271 Monasterium
1302 4201 1416 4265 Sancti
1434 4201 1540 4263 Marci
1556 4200 1598 4261 de
1611 4202 1705 4277 ona,

910 4312 930 4370 4
946 4307 1050 4369 libras
1067 4303 1209 4368 olibani,

950 4407 1073 4466 Domus
1096 4399 1334 4464 Misericordiae
1358 4396 1445 4474 apud
1469 4395 1605 4472 Eogiam
1630 4394 1705 4467 sita,

912 4517 1012 4563 unam
1024 4497 1287 4561 libramolibani.

951 4597 1189 4660 Monasterium
1212 4593 1253 4655 de
1278 4595 1420 4665 Ursara,
1444 4607 1544 4653 unam
1573 4589 1706 4651 unciam

912 4697 998 4760 auri.

951 4791 1100 4856 Ecclesia
1122 4790 1235 4854 Sancti
1260 4786 1454 4853 salvatoris,
1471 4797 1571 4844 unam
1587 4781 1708 4842 libram

913 4907 1011 4964 cerae,
1027 4891 1061 4952 et
1072 4904 1172 4950 unam
1187 4886 1228 4947 de
1240 4883 1386 4947 olibano.

952 4990 991 5050 In
1016 4983 1209 5066 episcopatu
1232 4979 1443 5060 Melphiensi,
1463 4976 1589 5038 domini
1608 4977 1707 5051 Papae

913 5085 1085 5149 similiter:
1102 5080 1342 5144 Monasterium
1355 5076 1590 5148 vulturnense,
1608 5087 1709 5134 unam

913 5183 1047 5248 unciam
1059 5180 1145 5242 auri.

954 5278 1193 5343 Monasterium
1209 5278 1243 5340 S.
1264 5273 1384 5353 Angeli
1406 5273 1447 5335 de
1470 5268 1588 5342 Bandi,
1607 5281 1708 5328 unam

914 5379 1048 5442 unciam
1061 5377 1148 5439 auri.

952 5577 1243 5657 mmmm.
