4078 6442
244 303 303 365 459
869 300 1046 363 HONORII
1069 303 1114 363 111
1135 301 1283 367 OPERA.
1842 302 1912 369 loo

245 461 423 524 temerario
437 459 615 522 contraire.
640 459 772 546 Siquis
794 460 904 521 autem
917 460 980 522 boc
994 461 1048 523 at-
1101 461 1177 524 aliis
1201 464 1284 525 actis
1304 462 1345 525 ab
1372 460 1486 526 eodem
1511 464 1655 541 lli-mero
1679 463 1793 538 editis,
1813 465 1907 527 idem

244 561 374 622 tentare
389 557 648 636 presumpserit,
660 557 924 634 indignationem
939 559 1048 620 omni·
1101 575 1164 622 rex
1174 560 1482 622 accersebaturcad
1495 560 1682 623 laciendum
1693 563 1905 639 homagium,

247 657 391 734 potentis
399 655 459 716 liei
467 655 499 716 et
509 655 680 716 beatorum
687 654 777 716 Petri
790 655 823 716 et
837 656 933 716 Pauli
941 661 1048 733 Apos-
1101 658 1133 719 et
1149 659 1189 720 ad
1202 659 1444 720 emendandum
1457 675 1613 720 excessus
1629 659 1733 722 factos
1748 661 1907 722 homini-

246 754 390 816 telorum
406 755 478 830 ejus
494 769 530 814 se
545 751 675 814 noverit
688 752 912 812 incursurum.
1100 751 1161 813 bus
1192 747 1322 812 domini
1354 753 1444 828 regis
1479 753 1606 828 Angliae
1638 753 1679 814 ab
1708 755 1909 816 hominibus
2027 793 2028 806 ,

285 852 404 914 Datum
422 851 577 913 Laterani
587 851 647 911 Xll
658 850 818 912 kalendas
833 851 1048 928 Maii,ponti-
1101 851 1199 912 terrm
1213 866 1293 910 suae.
1308 868 1326 910 s
1339 851 1428 912 Inter
1443 851 1543 912 hosce
1556 850 1705 913 turbines
1720 852 1909 914 arbitratus

245 933 365 1012 'heatus
380 949 485 1011 nostri
499 965 586 1011 anno
600 947 757 1010 secundo.
1102 949 1152 1008 est
1166 948 1233 1018 ille,
1250 963 1313 1008 ere
1326 964 1386 1009 sua
1399 947 1556 1020 futurum,
1573 949 1601 1009 si
1611 949 1756 1011 insulam
1769 951 1811 1010 de
1824 952 1908 1011 Man

1102 1049 1260 1106 Romanae
1280 1045 1437 1106 Ecclesiae
1463 1045 1549 1107 dono
1564 1046 1668 1117 daret,
1685 1049 1785 1124 atque
1803 1047 1848 1109 ab
1866 1065 1909 1109 ea

286 1147 549 1219 Artemi-Quod
561 1145 1049 1222 siePaganorumsiveSarace·
1102 1143 1222 1204 iterum
1235 1144 1401 1220 acciperet
1417 1144 1551 1204 nomine
1566 1142 1667 1216 leudi,
1679 1147 1711 1206 et
1724 1161 1784 1222 pro
1800 1163 1910 1206 censu

249 1262 367 1306 norum
382 1244 535 1306 manibus
551 1244 731 1322 eripiendae
744 1246 840 1305 erant
853 1243 1045 1320 provinciae,
1103 1239 1276 1302 duodecim
1291 1241 1445 1302 marchas
1462 1241 1695 1316 sterlingorum
1709 1244 1908 1320 paciscere-

248 1345 328 1406 olim
350 1343 543 1405 christianis
565 1343 771 1420 principibus
792 1341 959 1420 subjectae,
981 1345 1050 1404 Ro-
1102 1340 1166 1400 tur.
1175 1341 1255 1399 Acta
1265 1353 1319 1399 res
1332 1339 1382 1400 est
1393 1355 1482 1400 anno
1494 1340 1581 1399 1219.
1596 1339 1636 1400 nt
1648 1341 1806 1416 quoniam
1820 1343 1911 1418 Ray-

248 1441 339 1501 mani
354 1440 532 1502 Pontifices
547 1457 630 1508 rem,
647 1439 780 1516 quantis
794 1439 1051 1516 poterantcon-
1104 1435 1222 1498 ualdus
1246 1437 1281 1496 in
1302 1440 1459 1498 Annalib.
1483 1439 1712 1498 Ecclesiastic.
1736 1441 1769 1498 et
1795 1454 1840 1499 ex
1867 1455 1909 1499 eo

249 1539 334 1598 siliis
348 1538 381 1598 et
395 1537 568 1599 conatibus
575 1538 744 1614 juvantes
759 1553 798 1598 ea
815 1537 1004 1599 conditione
1017 1537 1050 1597 et
1104 1537 1266 1612 Rymerus
1286 1534 1435 1595 chartam
1450 1532 1654 1596 decurtatam
1674 1535 1796 1605 attulit,
1813 1536 1910 1596 inte-

249 1635 402 1712 pactione
426 1634 628 1695 accedebant
650 1634 691 1695 ad
711 1634 837 1695 bellum
852 1633 1047 1709 urgendum,
1104 1647 1197 1708 gram
1212 1647 1273 1707 ego
1285 1631 1403 1692 lectori
1418 1632 1572 1704 statuam,
1589 1632 1697 1709 qualis
1712 1633 1747 1694 io
1761 1635 1912 1709 Regesto

249 1732 286 1793 ut
300 1731 467 1808 principes
488 1731 632 1792 victores
654 1732 785 1808 ereptas
801 1730 900 1808 urbes
921 1731 956 1790 in
972 1730 1049 1792 seu·
1105 1731 1173 1790 MS.
1190 1729 1303 1790 Cencii
1316 1729 1492 1790 camerarii
1503 1729 1636 1806 legitur.

250 1831 328 1890 dum
350 1845 369 1889 a
392 1832 540 1890 Romana
568 1829 714 1890 Ecclesia
741 1828 861 1890 exinde
889 1844 1052 1904 agnosce-

252 1927 347 1998 rent,
377 1924 475 2003 elque
512 1941 648 1988 censum
684 1926 921 2003 POPSOIVOPOM·
955 1929 1050 1988 ΑΠΠΟ
1105 1943 1249 2006 litterar
1263 1947 1432 2019 chnoldi
1454 1947 1549 2020 repis
1566 1947 1761 2006 institorum
1781 1948 1828 2006 od
1847 1949 1913 2007 do-

251 2024 373 2086 Christi
382 2025 468 2096 1073,
480 2025 659 2099 Gregorius
672 2025 742 2096 Vll,
759 2024 816 2084 lib·
833 2025 857 2096 12
875 2024 1004 2100 θΡῙδῑΟῙ·
1019 2027 1048 2096 7,
1146 2045 1279 2102 hristum
1296 2045 1443 2117 Papam,
1458 2045 1578 2116 quibus
1589 2042 1733 2101 tradidit
1743 2045 1911 2103 Ecclesioe

251 2123 380 2184 litteras
393 2121 434 2182 ad
450 2121 624 2182 universos
637 2122 804 2198 principes
816 2121 914 2192 dedit,
932 2121 1051 2198 quibus
1146 2143 1312 2202 Romam
1331 2142 1481 2199 rugulam
1497 2141 1538 2199 de
1557 2141 1651 2206 Man,
1672 2139 1707 2200 et
1718 2140 1851 2214 remit
1866 2143 1911 2200 ap

250 2217 581 2297 Patefecihiiegflum
594 2219 763 2296 Hispania?
774 2219 961 2296 abantiquo
974 2235 1053 2296 pro-
1147 2241 1265 2300 ecdcm
1279 2239 1315 2297 in
1329 2239 1469 2312 [credam
1486 2239 1546 2297 sub
1561 2251 1677 2297 carnaco
1693 2251 1798 2297 ceraso
1817 2239 1910 2297 cluo-

253 2317 547 2394 l)1”fil'111'iSS³1¹cti
566 2317 656 2378 Pelii
676 2316 792 2390 fuisse,
808 2317 842 2378 θῖ
860 2317 969 2377 adhlffl
988 2315 1052 2378 ⁵0¹1
1145 2339 1254 2396 decim
1283 2349 1484 2395 erroneorum
1511 2335 1779 2410 sterlingorum,
1813 2348 1910 2396 orario

251 2415 450 2493 Apostolicae
482 2414 559 2475 Sodi
591 2429 634 2474 ex
654 2429 739 2491 equo
760 2414 937 2490 pertinere.
954 2431 973 2473 a
988 2417 1051 2476 Eos
1148 2435 1237 2494 1219,

255 2512 395 2590 proinde
418 2511 585 2584 sollicitat,
607 2511 643 2573 ut
661 2527 698 2572 se
722 2511 836 2573 comiti
860 2511 900 2573 de
929 2514 1052 2590 Rocejo

251 2609 406 2688 jungant,
423 2608 538 2670 contra
557 2623 705 2685 paganos
726 2610 824 2671 terrae
839 2608 932 2670 illius
949 2626 1051 2671 usur·
1148 2611 1364 2673 sanctissimo
1380 2611 1466 2686 patri
1482 2610 1514 2670 et
1526 2609 1659 2671 domino
1671 2609 1833 2682 Honori0,
1847 2609 1910 2670 Dei

256 2708 388 2785 pateres
396 2707 700 2785 progressuroequi
710 2709 795 2770 hanc
804 2709 1052 2770 concessionem
1107 2710 1215 2786 gratia
1230 2711 1363 2770 Summo
1380 2707 1543 2779 Pontifici,
1560 2707 1765 2783 Reginaldus
1776 2723 1841 2767 rex
1855 2707 1912 2767 in-

256 2805 298 2868 ab
312 2805 502 2883 Apostolica
525 2806 608 2866 Sede
635 2805 787 2879 obtinuit,
805 2807 841 2868 ut
859 2807 986 2883 partem
1006 2806 1052 2867 il·
1108 2807 1268 2878 solarum,
1291 2804 1608 2867 commendationem
1627 2821 1701 2866 cum
1721 2804 1837 2866 osculo
1856 2821 1912 2881 pe·

170 2909 175 2932 ⁸
255 2904 333 2976 lam,
358 2903 444 2963 unde
467 2919 614 2981 paganos
637 2919 696 2964 suo
716 2903 837 2976 studio,
851 2905 884 2966 et
898 2904 1053 2983 adjuncto
1109 2906 1235 2984 uum,

258 2999 320 3061 sibi
345 3000 487 3060 aliorum
509 2999 637 3060 auxilio
660 3000 828 3077 expellere
850 3002 970 3078 posset,
993 3001 1054 3062 sub
1148 3003 1287 3065 Noverit
1314 3002 1428 3063 sancta
1457 3001 1644 3062 paternitas
1671 3000 1793 3068 vestra,
1822 3000 1910 3077 quod

258 3097 448 3158 conditione
475 3097 563 3158 inter
597 3112 658 3157 nos
682 3096 778 3158 iactae
804 3098 980 3175 pactionis,
1013 3115 1057 3160 ex
1109 3117 1180 3171 noS,
1197 3097 1913 3177 utparticipessimusbonorum,quaefiunt

256 3197 350 3273 parte
363 3195 475 3268 Sancti
490 3195 579 3255 Petri
594 3193 817 3272 possideret».
827 3197 876 3256 lta
887 3197 1056 3271 Berenga-
1110 3199 1145 3258 in
1160 3198 1310 3258 Ecclesia
1329 3199 1489 3269 Romana,
1507 3195 1548 3257 ad
1564 3195 1779 3256 monitionem
1792 3196 1827 3254 et
1844 3210 1910 3254 ex-

257 3291 1056 3370 rius,Barchinonensiscomes,ereptamSarace-
1110 3295 1332 3374 hortationem
1345 3293 1456 3354 dilecti
1469 3293 1574 3370 patris
1589 3293 1736 3354 nostriP
1738 3336 1811 3352 ......
1822 3293 1914 3352 Nor-

258 3392 312 3452 nls
340 3393 621 3451 Tarraconensem
649 3389 815 3450 civitatem
844 3407 932 3454 anno
959 3393 1054 3465 1090,
1111 3393 1269 3454 wicensis
1287 3391 1395 3463 electi,
1419 3390 1596 3452 camerarii
1622 3391 1656 3452 ot
1673 3390 1776 3465 legati
1794 3390 1909 3460 vestri,

258 3487 454 3564 vectigalem
468 3486 538 3548 lore
552 3490 708 3548 Romanae
724 3487 880 3549 Ecclesiae
898 3488 1054 3551 decrevit.
1112 3491 1261 3552 dedimus
1289 3489 1322 3550 et
1347 3487 1525 3549 obtulimus
1543 3488 1574 3549 ei
1599 3488 1732 3548 nomine
1753 3487 1912 3548 Ecclesiae

260 3585 533 3663 Perpendondum
549 3601 678 3662 quoque
691 3586 788 3658 esset,
806 3603 886 3648 num
899 3603 941 3649 ex
956 3587 1057 3648 simili
1113 3591 1282 3660 Romanae,
1300 3587 1333 3647 et
1344 3587 1465 3658 vestro,
1482 3587 1515 3648 et
1527 3584 1766 3646 catholicorum
1777 3600 1914 3644 succes-

259 3685 423 3760 pactione,
444 3683 600 3744 eodemre
615 3682 724 3755 titulo,
744 3683 852 3760 potius
868 3700 966 3762 quam
982 3685 1058 3746 aliis
1090 3683 1091 3686 ’
1113 3701 1225 3746 sorum
1237 3685 1435 3755 vestrorum,
1451 3683 1594 3744 insulam
1603 3684 1750 3744 nostram
1765 3681 1806 3742 de
1820 3683 1910 3752 Man,

260 3781 502 3859 antiquioribus
537 3780 765 3842 contenderint
799 3782 878 3842 olim
918 3783 1059 3844 Romani
1114 3799 1187 3861 quae
1202 3781 1242 3842 ad
1260 3797 1322 3842 nos
1332 3782 1410 3858 jure
1428 3779 1640 3841 haereditario
1656 3780 1809 3856 pertinet,
1820 3781 1853 3838 et
1872 3779 1913 3839 de

260 3881 455 3953 Pontifices,
477 3879 528 3939 sui
551 3879 639 3956 iuris
665 3893 739 3939 esse
762 3879 926 3955 Apuliam,
957 3881 1058 3942 (lala-
1114 3895 1178 3958 qua
1193 3879 1276 3939 nulli
1289 3879 1441 3939 tenemur
1455 3876 1589 3954 aliquod
1598 3877 1771 3938 servitium
1782 3875 1907 3936 lacere.

259 3978 378 4046 briam,
395 3979 493 4054 atquo
513 3975 673 4037 Siciliam.
690 3977 775 4036 Nam
790 3976 848 4037 vix
860 3992 917 4038 eas
930 3979 1058 4039 North·
1114 3977 1313 4053 Etdeinceps
1329 3991 1390 4036 nos
1404 3977 1438 4036 et
1455 3975 1606 4036 baeredes
1619 3975 1725 4036 nostri
1737 3973 1772 4033 in
1788 3989 1911 4050 perpe-

260 4077 386 4144 manni,
415 4074 590 4136 Saracenis
619 4075 651 4134 et
681 4073 805 4134 Graecis
834 4073 997 4150 expulsis,
1025 4077 1059 4136 in
1114 4077 1207 4136 tuum
1218 4073 1403 4137 tenebimus
1419 4073 1453 4133 in
1473 4072 1607 4133 feudum
1627 4071 1748 4133 dictam
1769 4070 1915 4132 insulam

262 4171 559 4248 suampotestatem
572 4169 741 4245 redegere,
749 4187 849 4246 quum
856 4171 956 4232 iidem
972 4175 1061 4234 Pon·
1115 4172 1155 4234 ab
1167 4171 1314 4233 Ecclesia
1330 4173 1489 4241 Romana,
1504 4170 1536 4231 et
1549 4169 1708 4230 iaciemus
1724 4170 1767 4240 ei,
1780 4169 1915 4244 propter

261 4269 368 4331 tillces
383 4270 523 4344 utroque
538 4266 650 4342 gladio
665 4267 779 4328 exerto
794 4267 870 4328 illos
887 4269 1059 4347 compule·
1115 4271 1188 4342 hoc,
1205 4269 1397 4344 homagium
1414 4268 1447 4329 et
1464 4267 1667 4328 fidelitatem.
1684 4268 1723 4328 Et
1741 4267 1777 4326 in
1793 4282 1913 4342 recog-

262 4369 342 4428 runt
362 4363 403 4426 ad
423 4381 462 4426 ea
479 4380 583 4439 regna
602 4363 815 4426 beneficiario
834 4365 930 4428 titulo
947 4383 967 4428 a
993 4371 1062 4431 Ro·
1115 4367 1274 4429 uitionem
1294 4364 1446 4436 dominii,
1475 4364 1609 4426 nomine
1633 4379 1763 4434 census,
1791 4379 1851 4424 nos
1881 4366 1913 4424 et

263 4480 361 4526 mana
378 4463 463 4524 Sede
477 4461 680 4538 recipienda.
696 4462 744 4523 Ad
760 4461 831 4524 haec
843 4463 903 4524 alii
915 4463 1058 4540 suerunt,
1115 4463 1264 4526 haeredes
1281 4463 1387 4523 nostri
1401 4463 1435 4522 in
1451 4462 1644 4538 perpetuum
1659 4461 1832 4523 annuatim
1846 4459 1914 4521 sol-

264 4563 321 4640 qui
336 4563 373 4622 ut
387 4560 533 4620 validum
548 4559 723 4636 patronum
733 4560 769 4620 in
782 4563 930 4624 Romano
946 4566 1063 4626 Ponti·
1115 4577 1231 4625 vernus
1249 4561 1405 4622 Ecclesiae
1421 4561 1580 4621 Romanae
1595 4559 1767 4621 duodecim
1782 4574 1914 4620 marcas

263 4659 325 4720 lice
343 4657 504 4720 haberent
523 4657 681 4718 adversus
702 4658 914 4734 potentiores,
941 4662 974 4723 et
1001 4663 1061 4724 sub
1116 4659 1350 4734 sterlingorum
1365 4657 1399 4718 in
1418 4657 1550 4732 Anglia,
1575 4657 1661 4734 apud
1686 4655 1852 4720 abbatiam
1874 4656 1915 4716 de

263 4759 336 4835 eJus
349 4754 553 4832 protectione
564 4769 600 4814 se
610 4769 649 4813 ac
662 4769 721 4814 sua
737 4754 868 4817 facilius
876 4757 1059 4832 tuerentur,
1116 4759 1216 4830 Fura,
1234 4755 1463 4818 cisterciensis
1483 4754 1623 4827 ordinis,
1638 4755 1672 4814 iu
1689 4754 1773 4816 festo
1792 4753 1916 4815 Purifi-

264 4855 351 4916 ultro
366 4854 476 4915 castra
492 4853 526 4913 et
539 4849 637 4912 urbes
654 4852 774 4914 Sancto
790 4853 889 4916 Petro
900 4854 1060 4928 obtulere,
1117 4854 1258 4916 cationis
1281 4853 1392 4914 Beatae
1416 4851 1543 4912 Mariae.
1562 4852 1602 4913 Et
1625 4851 1653 4911 si
1672 4867 1738 4912 non
1762 4849 1850 4912 esset
1867 4849 1915 4910 ibi

265 4966 369 5030 eaque
384 4951 419 5010 in
435 4948 569 5010 feudum
584 4964 701 5010 rursus
717 4949 758 5011 ab
772 4951 963 5028 Apostolica
979 4954 1062 5015 Sede
1116 4951 1237 5029 aliquis
1249 4951 1392 5027 exparte
1405 4949 1589 5020 vestra,vel
1601 4964 1829 5009 successorum
1840 4965 1918 5008 ves-

263 5065 431 5127 reoepere,
449 5063 596 5108 annuum
620 5063 755 5109 censum
779 5064 853 5110 eam
869 5049 909 5110 ob
927 5065 1062 5112 causam
1115 5051 1258 5120 trorum,
1278 5047 1484 5124 deponentur
1511 5047 1607 5108 dictae
1630 5045 1804 5107 duodecim
1820 5061 1916 5106 mar-

264 5143 621 5226 pollicitilleginaldus
629 5158 690 5205 rex
699 5142 895 5216 insularum,
906 5145 1065 5224 adjacen-
1117 5163 1165 5209 cae
1182 5162 1313 5225 pernes
1328 5147 1361 5207 et
1374 5145 1524 5206 haeredes
1536 5147 1668 5207 nostros
1687 5145 1722 5206 in
1740 5144 1828 5206 dicto
1843 5143 1916 5205 loco

264 5245 348 5306 tium
363 5243 532 5304 Hiberniae
547 5242 580 5302 et
593 5241 734 5316 angliae,
748 5239 803 5318 qui
821 5242 923 5303 etiam
942 5259 1004 5305 rex
1022 5245 1063 5306 de
1117 5261 1219 5323 penes
1232 5243 1394 5317 abbatem,
1409 5247 1441 5305 et
1460 5243 1656 5305 conventum
1678 5243 1836 5304 Ecclesiae
1849 5245 1919 5304 Ro-

265 5343 344 5404 Man
372 5340 453 5402 alibi
479 5338 675 5417 appellatur,
698 5353 793 5420 ⁸anno
820 5340 908 5412 1212,
933 5341 1065 5407 devenit
1118 5359 1224 5405 manae
1238 5343 1381 5402 nomine.
1391 5344 1485 5402 Hanc
1500 5342 1712 5402 donationem
1727 5341 1759 5402 et
1771 5340 1918 5401 oblatio-

264 5441 364 5501 homo
379 5438 479 5514 ligius
491 5437 665 5504 iohannis,
678 5436 805 5511 Angliae
818 5439 917 5512 regis.
934 5441 1063 5504 Testem
1119 5458 1194 5502 nem
1211 5441 1318 5500 dictus
1335 5439 1488 5499 dominus
1509 5439 1638 5514 legatus
1657 5439 1784 5515 recepit
1801 5437 1843 5497 ad
1858 5455 1921 5498 ro-

266 5537 426 5598 habemus
461 5535 610 5598 chartam
643 5550 662 5594 a
695 5535 838 5610 Rymero
864 5536 1061 5613 evulgatam,
1119 5538 1279 5600 luntatem
1298 5538 1331 5598 et
1346 5535 1590 5612 beneplacitum
1611 5537 1774 5609 vestrum3
1791 5535 1824 5596 et
1845 5538 1921 5612 post

267 5636 345 5697 tom.
373 5637 402 5702 l,
433 5649 507 5710 pag.
537 5633 594 5692 159
621 5632 736 5694 Actor.
762 5636 987 5706 poemorum.
1016 5641 1064 5702 Ex
1118 5635 1342 5712 receptionem
1358 5633 1399 5693 ab
1414 5650 1453 5694 eo
1466 5633 1586 5695 laetam
1601 5635 1659 5706 sic,
1672 5633 1743 5710 ipse
1764 5633 1920 5694 dominus
