4106 6422
317 349 356 410 55
939 351 1115 415 HONORII
1138 349 1182 411 Ill
1204 344 1340 409 OPERA
1938 343 1980 398 :st

319 531 375 601 cit,
389 531 520 591 ιιι-111911
534 532 671 602 Christi,
689 525 793 591 tribus
805 532 952 608 uicibus3
967 533 1113 610 postmo-

319 629 397 686 dum
420 641 536 687 cereus
563 625 770 688 benedicitur
793 629 835 689 ab
862 631 934 706 ipso
961 630 1111 690 diacono.

318 725 488 798 Leguntur
500 724 672 786 duodecim
682 724 840 788 lectiones
853 727 977 800 latinae,
988 729 1020 789 et
1031 728 1114 787 duo-

317 821 424 882 decim
450 837 588 897 graecae;
616 823 649 884 et
674 823 849 885 cantantur
872 825 937 886 tria
971 824 1111 896 cantica,

319 921 503 982 Cantemus
515 923 661 982 Dottttno
673 925 829 997 clamose,
844 923 886 994 et,
906 925 1010 984 Vinea
1021 923 1113 996 sacta

318 1017 381 1089 est,
397 1018 542 1078 Attende
562 1023 693 1080 coettnn.
711 1018 819 1079 Finito
836 1019 897 1080 hoc
912 1019 1032 1092 officio,
1049 1019 1112 1080 do-

318 1113 428 1174 minus
453 1113 606 1175 Pontifex
629 1115 798 1176 descendit
823 1116 863 1176 ad
890 1115 1023 1189 fontem,
1038 1131 1113 1177 cum

319 1211 468 1272 diaconis
494 1212 526 1274 et
554 1211 764 1276 subdiaconis
787 1216 1006 1291 regionariis,
1032 1231 1114 1276 can-

318 1309 418 1371 tando
431 1309 565 1373 litanias
581 1331 587 1369 :
602 1311 810 1388 primicerius
826 1329 900 1374 cum
913 1313 1026 1374 schola
1039 1329 1114 1374 can·

318 1401 434 1477 tando,
459 1407 555 1468 Sicut
582 1423 719 1480 cernas,
749 1425 852 1486 usque
882 1411 917 1470 in
950 1410 1113 1486 porticum

319 1503 425 1564 sancti
452 1505 616 1566 Venantii.
643 1505 691 1565 lbi
717 1509 902 1584 praeparato
928 1507 1112 1568 faldistorio

319 1599 472 1661 Pontifex
496 1602 596 1663 sedet.
626 1603 817 1665 cardinales
841 1607 962 1677 autem,
979 1605 1036 1681 qui
1059 1621 1114 1666 re-

319 1700 512 1760 manserunt
524 1700 558 1759 in
574 1701 685 1772 chore,
703 1703 826 1763 exeunt
839 1719 898 1779 per
912 1702 1112 1779 posterulam

318 1797 393 1872 post
407 1795 566 1868 absidam,
579 1798 611 1859 et
627 1799 752 1860 intrant
764 1815 824 1884 per
833 1801 995 1877 porticum
1008 1800 1112 1861 sancti

318 1894 468 1966 ioannis,
483 1897 515 1956 et
537 1897 675 1958 veniunt
700 1898 740 1958 ad
760 1899 971 1975 praesentiam
989 1897 1113 1958 domini

320 1993 430 2068 Papae.-
454 1993 551 2053 Prior
573 1995 682 2055 autem
695 1995 802 2056 induit
815 2013 861 2064 se,
879 1994 911 2057 et
923 1995 1012 2068 dicit,
1027 1998 1052 2055 J
1053 1998 1114 2056 tabe

319 2091 441 2150 domate
454 2093 661 2154 benecdicere.
675 2093 829 2154 Pontifex
850 2093 1015 2154 benedicit
1026 2109 1112 2153 eum.

320 2187 539 2260 Progrediens
559 2204 676 2264 parum
691 2189 771 2251 facit
789 2190 952 2262 similiter,
968 2191 1000 2251 et
1014 2189 1116 2250 bene-

321 2283 401 2344 dicit
412 2284 510 2346 tertia
518 2285 590 2347 tice
603 2303 679 2348 eum
689 2289 853 2350 similiter.
861 2288 1031 2349 Benedicti
1040 2305 1115 2348 eum

322 2381 492 2454 Pontifex,
521 2385 554 2444 et
581 2385 675 2456 dicit,
722 2387 770 2458 te,
798 2388 968 2460 baptizate
999 2402 1116 2448 enatares

321 2481 450 2556 petates.
461 2481 652 2543 cardinales
668 2499 745 2544 vero
761 2483 806 2544 ita
819 2483 925 2544 induti
941 2500 1014 2544 cum
1028 2484 1117 2560 equi·

321 2576 444 2638 tatibus
472 2580 683 2640 revertuntur
706 2581 746 2641 ad
771 2581 884 2643 titulos
908 2597 996 2642 suos,
1026 2583 1117 2640 Tunc

271 2707 275 2716 ·
323 2674 476 2736 Pontifex
486 2675 602 2752 surgit,
617 2677 649 2738 et
659 2677 748 2738 vadit
762 2678 802 2738 ad
816 2679 990 2739 ecclesiam
1005 2678 1116 2740 Sancti

321 2773 459 2834 ioannis
483 2775 714 2850 Evangelistae,
736 2775 767 2837 et
795 2776 1037 2852 aliquantulum
1058 2792 1117 2837 re·-

323 2871 463 2944 quiescit
483 2872 540 2932 ibi.
566 2873 690 2933 Deinde
712 2873 861 2951 procedit
882 2874 922 2932 ad
944 2873 1062 2944 fontes
1086 2874 1119 2934 et

322 2964 487 3027 benedicit
499 2983 566 3028 eos.
584 2971 653 3028 Hoc
666 2970 763 3040 facto,
778 2970 956 3030 reuertitur
968 2969 1008 3029 ad
1022 2985 1117 3028 eam-

324 3058 397 3120 dem
418 3061 603 3135 ecclesiam,
618 3063 730 3139 ibique
752 3065 844 3124 exuit
861 3079 896 3122 se
918 3064 958 3124 de
973 3065 1074 3139 pallio
1087 3067 1119 3126 et

323 3155 467 3233 planeta,
482 3160 515 3218 et
523 3159 632 3218 induit
643 3159 789 3220 bracalia
806 3157 855 3238 (a)
870 3161 999 3235 cerata;
1016 3162 1048 3221 et
1060 3177 1118 3221 re-

323 3254 465 3315 vertitur
476 3254 517 3314 ad
530 3253 647 3327 fontes,
660 3256 693 3316 et
704 3255 848 3334 baptizat
860 3257 926 3318 tres
940 3259 1095 3334 paruulos
1110 3281 1117 3317 :

324 3351 357 3412 et
365 3351 479 3427 junior
492 3351 650 3413 diaconus
669 3352 813 3430 baptizat
827 3355 954 3416 ceteros
976 3371 1049 3415 crim
1063 3371 1121 3415 ca-

324 3448 452 3510 nonicis
468 3451 757 3512 Lateranensibus.
775 3451 985 3512 Postmodum
1006 3453 1121 3514 Ponti-

323 3545 380 3607 fex
411 3547 452 3607 ad
486 3548 594 3609 locum
629 3549 832 3610 chrismandi
866 3549 1053 3622 revertitur,
1088 3552 1121 3612 et

324 3644 483 3707 chrismat
504 3648 572 3707 tres
593 3647 748 3708 infantes.
783 3649 837 3708 Sic
858 3649 970 3724 itaque
999 3647 1120 3709 ablutis

324 3743 487 3816 manibus,
514 3761 588 3805 oum
612 3745 729 3806 litania
755 3746 841 3806 facta
865 3762 885 3806 a
909 3746 1119 3806 subdiaconis

324 3839 523 3914 regionariis
542 3841 730 3916 regreditur
741 3840 782 3900 ad
798 3840 902 3901 altare
920 3841 996 3900 ante
1014 3841 1122 3901 eccle-

325 3937 408 3999 siam
445 3939 556 4000 Sancti
587 3939 777 4013 Pancratii3
812 3937 923 4015 ibique
956 3939 1120 3998 modicum

325 4037 475 4112 quiescit,
491 4039 523 4098 et
535 4036 643 4098 induit
654 4037 832 4112 planetam.

364 4134 414 4196 31.
427 4133 563 4191 Interim
575 4149 653 4190 vero
663 4134 794 4192 diaconi
805 4132 992 4192 cardinales
1005 4148 1122 4208 repor-

325 4228 396 4289 tant
417 4243 564 4288 mensam
586 4227 713 4300 altaris
737 4229 770 4290 et
788 4229 902 4306 aptant
921 4245 993 4289 eam
1021 4245 1121 4306 super

324 4325 396 4401 ipso
407 4325 516 4396 altari,
525 4325 707 4403 sioutprius
716 4326 824 4387 fuerat
847 4327 1120 4388 Pontifexautem

325 4438 400 4483 cum
419 4423 630 4499 processione
649 4425 681 4486 et
700 4424 816 4485 litania
837 4425 929 4486 xa'dit
945 4426 985 4486 ad
1002 4425 1117 4496 altare,

324 4521 357 4582 et
367 4520 512 4582 celebrat
524 4522 669 4582 missam.
684 4523 858 4584 Sciendum
870 4523 954 4601 quod
968 4525 1004 4584 in
1018 4524 1119 4588 missa

326 4619 449 4696 septem
458 4618 576 4681 faculae
590 4637 663 4681 cum
672 4623 796 4697 septem
806 4621 1012 4682 candelabris
1024 4627 1118 4682 sunt:

325 4718 381 4778 sed
403 4733 469 4777 non
493 4717 583 4789 dicit,
608 4722 716 4780 Credo
737 4722 772 4779 in
792 4735 900 4780 littinn
919 4723 1040 4791 Deleta,
1060 4735 1120 4780 nec

325 4813 537 4885 offerendam,
560 4831 620 4875 nec
632 4818 750 4893 Agnetis
762 4819 836 4887 Dei,
852 4831 958 4892 neque
972 4831 1121 4876 eommu-

324 4913 468 4973 nionem.
483 4915 586 4973 Porro
599 4917 672 4991 posi
685 4913 868 4990 epistolam,
883 4915 953 4990 ipse
967 4911 1121 4974 Pontifex

325 5011 455 5073 nuntiat
484 5016 636 5074 Alleluia.
662 5012 876 5074 Primicerius
908 5028 983 5072 cum
1007 5009 1120 5071 schola

325 5109 436 5170 cantat
456 5124 529 5169 eam
542 5108 576 5169 in
590 5109 726 5185 pulpito.
749 5109 797 5170 Ad
820 5109 1028 5185 evangelium
1041 5123 1120 5168 reru

325 5225 390 5268 non
409 5207 534 5269 vadunt
552 5206 670 5267 faculae
694 5222 854 5267 accensae.
880 5207 928 5267 Ad
948 5221 1119 5282 vesperam

362 5373 403 5445 (a)
424 5378 463 5431 lto
481 5377 566 5432 otiam
584 5375 653 5448 legit
669 5373 834 5432 Panvinlns.
851 5375 893 5431 hn
908 5372 1054 5430 femoralia
1071 5387 1116 5430 ce-

325 5447 406 5502 rata?
423 5447 499 5518 Lege
510 5448 691 5504 Ariastaslum
704 5447 732 5502 in
744 5447 806 5505 Vita
821 5445 955 5502 lladriani
969 5460 1059 5570 pagan,
1072 5444 1119 5499 uhi

324 5517 440 5574 Carolus
455 5518 493 5572 11.
509 5519 628 5574 llomam
641 5520 789 5591 ingressus
810 5517 940 5584 sabbalo,
958 5516 988 5570 tn
1019 5515 1120 5571 nstlica

324 5587 481 5644 Saloutaria
495 5589 583 5656 jilcta
594 5591 769 5646 Lateranum
792 5587 894 5644 dicitur
910 5587 1033 5648 stetisse,
1050 5601 1117 5655 qno·

324 5673 409 5728 aspice
419 5658 593 5728 baptismatis
606 5665 811 5717 alcralncutnn
824 5659 956 5728 l'oatfscn
964 5657 1118 5728 patraret,

1168 527 1278 589 autem
1307 524 1427 584 dicitur
1447 523 1607 594 Alleluia;
1631 519 1789 596 psalmus,
1810 522 1978 580 Lanitate
2004 531 2005 574 l

1167 627 1353 686 Dominam
1372 633 1490 683 critices
1501 619 1636 695 petatem
1656 618 1856 694 antiphona,
1887 621 1976 678 Ves-

1166 737 1250 797 perc
1265 721 1382 781 etitem
1394 718 1524 779 sabbati
1536 734 1547 788 ,·
1565 715 1884 808 orati031telfissa
1909 717 1975 777 est.

1187 956 1256 1014 XV.
1272 955 1357 1019 chid
1373 955 1531 1014 ctointnns
1543 956 1644 1025 Papa
1660 953 1775 1026 secere
1795 949 1899 1011 debet
1919 954 1953 1009 lo

1438 1053 1492 1111 die
1515 1053 1669 1112 Paschae.

1207 1213 1256 1272 32.
1271 1213 1308 1272 In
1320 1209 1373 1272 die
1384 1209 1521 1272 Paschae
1529 1226 1626 1271 mane
1637 1210 1710 1286 post
1718 1210 1860 1287 primam
1868 1209 1975 1269 indu-

1167 1308 1302 1371 tusalbo
1311 1308 1450 1385 pluviali
1459 1311 1628 1371 Romanus
1640 1307 1803 1380 Pontifex,
1813 1323 1895 1369 cum
1904 1307 1975 1366 dia-

1168 1407 1259 1468 conis
1273 1404 1498 1468 cardinalibus
1518 1405 1654 1474 indutis,
1667 1421 1741 1466 cum
1751 1405 1974 1466 subdiaconis

1168 1505 1351 1582 ceterisque
1364 1504 1547 1566 minoribus
1567 1503 1748 1575 ordinibus,
1763 1502 1971 1568 dalmaticis,

1168 1603 1200 1663 et
1224 1602 1342 1673 mitris,
1368 1603 1401 1664 et
1423 1602 1544 1663 tunicis
1568 1600 1704 1669 indutis,
1727 1600 1759 1662 et
1781 1598 1971 1676 capellanis

1168 1701 1248 1770 suis,
1272 1699 1363 1760 vadit
1386 1699 1427 1760 ad
1451 1699 1623 1760 basilicam
1642 1699 1755 1759 Sancti
1779 1696 1968 1758 Laurentii.
2004 1721 2005 1734 ¹

1168 1793 1356 1870 Presbpteri
1380 1793 1566 1853 cardinales
1585 1793 1726 1853 induunt
1749 1809 1785 1853 se
1808 1791 1968 1868 planetis,

1168 1891 1314 1968 episcopi
1335 1889 1535 1966 pluvialibus
1548 1889 1584 1948 in
1595 1889 1679 1960 loce,
1697 1889 1753 1964 qui
1770 1889 1900 1948 dicitur
1911 1887 1973 1946 ba-

1169 1989 1264 2050 silica
1280 1987 1391 2049 Sancti
1414 1987 1564 2062 Gregorii
1585 2008 1592 2046 :
1611 1986 1668 2045 uhi
1689 1986 1763 2061 post
1780 1986 1974 2046 oratione-m

1169 2086 1318 2147 induitur
1330 2084 1485 2162 usquead
1498 2083 1724 2156 dalmaticam;
1737 2083 1769 2144 et
1781 2099 1975 2157 exsurgens

1169 2184 1355 2260 ingreditur
1370 2183 1411 2243 ad
1425 2182 1629 2242 adorandum
1644 2181 1859 2241 salvatorem.
1877 2185 1976 2256 Ape-

1170 2283 1214 2343 rit
1239 2282 1429 2356 imaginem
1451 2280 1620 2341 osculatur
1646 2280 1745 2356 pedes
1773 2277 1977 2344 salvatoris.
2003 2319 2005 2352 Α

1171 2381 1284 2440 dicens
1310 2380 1377 2440 alta
1407 2394 1488 2438 uoce
1512 2375 1772 2448 hamensibus
1801 2378 1978 2437 Sztrrcait

1171 2482 1338 2540 Donnnns
1355 2481 1396 2538 cte
1412 2481 1586 2551 sepulcrm·
1602 2476 1633 2534 et
1653 2490 1767 2534 omnes
1781 2473 1813 2533 'ei
1828 2489 1979 2548 respon-

1172 2576 1260 2647 dent,
1275 2578 1338 2642 Olli
1352 2589 1418 2650 pro
1435 2577 1530 2634 trabis
1545 2572 1706 2648 pependit
1719 2574 1755 2631 tn
1767 2573 1873 2644 ttpno,
1897 2577 1979 2630 ailr—
2004 2587 2005 2676 p

1172 2677 1251 2736 lilia.
1267 2676 1358 2733 Tunc
1379 2671 1524 2748 acolythi
1545 2668 1670 2747 ponunt
1683 2683 1814 2729 crucem
1832 2669 1978 2743 capella
2004 2687 2005 2720 1

1173 2787 1272 2849 super
1286 2771 1401 2841 altare,
1417 2769 1448 2830 et
1461 2767 1613 2829 dominus
1636 2770 1726 2842 Papa
1746 2765 1864 2825 adorat
1886 2782 1976 2825 eam.

1173 2871 1251 2933 Post
1263 2869 1502 2931 osculationem
1518 2864 1711 2936 salvatoris,
1727 2880 1801 2924 oum
1816 2863 1976 2923 omnihus

1174 2967 1249 3026 aliis
1270 2966 1388 3027 deinde
1408 2966 1494 3025 redit
1513 2964 1553 3023 ad
1577 2963 1699 3033 sedem,
1724 2961 1756 3022 et
1778 2960 1833 3021 dat
1855 2977 1977 3036 pacem

1174 3062 1407 3122 archidiacono
1420 3060 1572 3120 redeunt-i
1585 3059 1626 3120 ab
1639 3059 1751 3119 osculo
1767 3057 1888 3135 pedum
1907 3061 1979 3135 ejus

1174 3158 1340 3232 imaginis
1363 3157 1487 3228 dicens,
1502 3157 1669 3217 Sinnentt
1690 3161 1980 3224 Donttnnsverc,¹
2004 3159 2005 3240 t

1175 3255 1207 3316 et
1222 3255 1280 3315 ille
1301 3254 1487 3330 respondet,
1502 3254 1548 3314 Et
1566 3255 1731 3328 apparata
1749 3255 1897 3314 Stratoni.
1922 3256 1981 3313 Se-
2004 3249 2005 3314 l

1175 3353 1301 3413 cundus
1324 3367 1453 3429 quoque
1475 3351 1634 3412 diaconus
1654 3351 1812 3411 osculatis
1834 3351 1979 3427 pedibus

1177 3450 1370 3518 salvatoris,
1394 3448 1522 3509 accedit
1543 3448 1584 3508 ad
1605 3463 1721 3524 paoem
1745 3449 1868 3508 summi
1890 3451 1981 3508 Pon·

1175 3549 1273 3610 tificis
1295 3549 1327 3609 et
1348 3546 1587 3618 archidiaconi,
1612 3544 1644 3606 et
1670 3545 1763 3622 ponit
1782 3559 1817 3603 se
1839 3545 1878 3604 in
1905 3547 1976 3612 tilo;

1175 3648 1276 3707 ceteri
1295 3661 1375 3706 roro
1395 3644 1526 3704 diaconi
1549 3642 1735 3704 cardinales
1750 3641 1913 3703 similiter
1933 3643 1978 3702 fa-

1176 3745 1277 3806 ciunt.
1290 3743 1415 3804 Deinde
1426 3741 1635 3820 primicerius
1647 3757 1722 3800 cum
1733 3739 1934 3800 cantoribus
1946 3757 1977 3800 ea

1176 3842 1271 3902 modo
1295 3843 1335 3901 ad
1356 3856 1471 3917 placem
1494 3839 1595 3910 vadit,
1620 3838 1652 3899 et
1673 3837 1707 3898 in
1731 3837 1785 3898 filo
1801 3852 1836 3897 se
1850 3837 1978 3912 dirigit.

1177 3940 1273 4000 Prior
1294 3953 1424 4015 quoque
1445 3936 1594 3998 basilicae
1617 3951 1692 3996 cum
1714 3935 1864 3995 diaconis
1883 3936 1981 3995 simi·

1176 4037 1266 4109 liter;
1281 4035 1486 4110 postmodum
1500 4032 1694 4093 subdiaconi
1707 4031 1891 4107 regionarii
1904 4049 1979 4093 crim

1176 4132 1338 4209 acolythis
1352 4132 1383 4193 et
1400 4129 1592 4208 capellanis,
1608 4132 1640 4192 et
1653 4131 1728 4190 aliis
1749 4129 1909 4206 palatinis
1926 4147 1980 4190 or-

1176 4231 1318 4301 dinibus
1329 4229 1443 4290 eodom
1454 4229 1549 4290 modo
1563 4245 1677 4306 pacem
1690 4228 1825 4289 faciunt.
1837 4229 1976 4288 Interim

1176 4329 1288 4391 schola
1308 4329 1407 4398 canit,
1424 4329 1636 4400 Cascelli-nnnc
1655 4329 1689 4386 tn
1709 4339 1826 4396 corne,
1841 4325 1886 4396 et,
1902 4329 1976 4401 Epo

1175 4441 1251 4488 sicin
1265 4431 1363 4501 alpha
1377 4427 1410 4486 et
1421 4440 1551 4501 ontege.

1204 4518 1975 4600 33.CompletapacePontifexinduitplanetam

1176 4623 1295 4695 albam,
1312 4622 1460 4700 pallium,
1482 4621 1514 4682 et
1527 4621 1659 4682 mitram
1673 4618 1868 4692 solemnem;
1895 4619 1975 4678 des-

1175 4722 1382 4798 cendensque
1396 4721 1435 4780 de
1451 4719 1574 4796 palatio
1591 4733 1695 4794 usque
1711 4716 1752 4777 ad
1765 4716 1893 4776 exitum
1903 4733 1976 4792 por·

1174 4820 1288 4892 ticelli,
1313 4819 1368 4879 ubi
1391 4817 1485 4879 albus
1499 4815 1688 4894 palafredus
1712 4831 1785 4875 cum
1805 4829 1910 4874 nacco
1928 4813 1974 4892 (l)

1176 4917 1326 4979 scarlatae
1346 4915 1552 4993 superposito
1572 4915 1604 4975 et
1627 4914 1784 4989 argenteo
1797 4909 1893 4973 freno
1920 4927 1974 4971 so-

1175 5017 1328 5077 lemniter
1349 5012 1554 5091 praeparatus
1575 5011 1624 5072 est
1646 5011 1839 5085 amagistro
1863 5025 1972 5070 senes-

1176 5114 1278 5185 calo0,
1300 5113 1332 5173 et
1363 5111 1403 5171 ab
1431 5109 1708 5180 adextratoribus,
1736 5108 1921 5184 imponitur
1942 5109 1970 5167 ei

1175 5228 1312 5287 regnum
1334 5209 1374 5270 ab
1398 5206 1632 5270 archidiacono
1656 5229 1662 5266 :
1687 5206 1779 5268 etita
1793 5207 1971 5266 coronatus

1176 5357 1391 5432 quodOnufrius
1400 5358 1518 5414 notavit.
1531 5356 1601 5414 Vide
1617 5355 1721 5414 ibidum
1736 5353 1870 5414 eumdem
1883 5355 1971 5412 alnas·

1176 5433 1277 5490 tastum
1289 5430 1324 5486 do
1337 5429 1522 5500 sequentibus
1534 5427 1645 5485 diebus.

1212 5502 1251 5572 (lt
1291 5504 1434 5569 Naeuam,
1468 5515 1586 5563 nanum.
1633 5505 1761 5570 nactum,
1798 5513 1970 5574 coparapm,

1175 5575 1274 5630 leuasse
1288 5574 1320 5628 cte
1332 5572 1437 5630 electra.
