<?xml version="1.0" encoding="UTF-8"?>
<!DOCTYPE html PUBLIC "-//W3C//DTD XHTML 1.0 Transitional//EN"
    "http://www.w3.org/TR/xhtml1/DTD/xhtml1-transitional.dtd">
<html xmlns="http://www.w3.org/1999/xhtml" xml:lang="en" lang="en">
 <head>
  <title>
</title>
<meta http-equiv="Content-Type" content="text/html;charset=utf-8" />
  <meta name='ocr-system' content='tesseract 3.04.00' />
  <meta name='ocr-capabilities' content='ocr_page ocr_carea ocr_par ocr_line ocrx_word'/>
</head>
<body>
  <div class='ocr_page' id='page_1' title='image "./mediiaevibiblio05bottgoog/mediiaevibiblio05bottgoog_0367.png"; bbox 0 0 4076 6420; ppageno 0'>
   <div class='ocr_carea' id='block_1_1' title="bbox 290 287 1976 357">
    <p class='ocr_par' dir='ltr' id='par_1_1' title="bbox 290 287 1976 357">
     <span class='ocr_line' id='line_1_1' title="bbox 290 287 1976 357; baseline 0.003 -5"><span class='ocrx_word' id='word_1_1' title='bbox 290 290 351 352; x_wconf 79' lang='lat'><strong>655</strong></span> <span class='ocrx_word' id='word_1_2' title='bbox 753 292 929 356; x_wconf 86' lang='lat' dir='ltr'><strong>HONORIl</strong></span> <span class='ocrx_word' id='word_1_3' title='bbox 950 291 996 356; x_wconf 86' lang='grc' dir='ltr'><strong>ΠΙ</strong></span> <span class='ocrx_word' id='word_1_4' title='bbox 1017 291 1164 356; x_wconf 79' lang='lat' dir='ltr'><strong>OPERA.</strong></span> <span class='ocrx_word' id='word_1_5' title='bbox 1180 323 1219 338; x_wconf 89' lang='lat'>-</span> <span class='ocrx_word' id='word_1_6' title='bbox 1236 287 1468 357; x_wconf 79' lang='lat' dir='ltr'><strong>SERMONES.</strong></span> <span class='ocrx_word' id='word_1_7' title='bbox 1896 289 1976 357; x_wconf 79' lang='lat'><strong>656</strong></span> 
     </span>
    </p>
   </div>
   <div class='ocr_carea' id='block_1_2' title="bbox 210 450 1972 5666">
    <p class='ocr_par' dir='ltr' id='par_1_2' title="bbox 210 450 1972 2761">
     <span class='ocr_line' id='line_1_2' title="bbox 333 450 1971 532; baseline 0.002 -20"><span class='ocrx_word' id='word_1_8' title='bbox 333 450 474 527; x_wconf 78' lang='lat' dir='ltr'><strong>Lignum</strong></span> <span class='ocrx_word' id='word_1_9' title='bbox 495 451 572 512; x_wconf 83' lang='lat' dir='ltr'><strong>vitae</strong></span> <span class='ocrx_word' id='word_1_10' title='bbox 597 452 648 514; x_wconf 90' lang='lat' dir='ltr'><strong>est</strong></span> <span class='ocrx_word' id='word_1_11' title='bbox 673 451 755 514; x_wconf 87' lang='lat' dir='ltr'><strong>illud</strong></span> <span class='ocrx_word' id='word_1_12' title='bbox 780 457 876 532; x_wconf 79' lang='lat' dir='ltr'><strong>cujus</strong></span> <span class='ocrx_word' id='word_1_13' title='bbox 902 455 1000 518; x_wconf 82' lang='lat' dir='ltr'><strong>radix</strong></span> <span class='ocrx_word' id='word_1_14' title='bbox 1024 455 1087 517; x_wconf 84' lang='lat' dir='ltr'><strong>luit</strong></span> <span class='ocrx_word' id='word_1_15' title='bbox 1136 453 1555 532; x_wconf 52' lang='lat' dir='ltr'><strong>enneacaedecaetiris</strong></span> <span class='ocrx_word' id='word_1_16' title='bbox 1571 451 1820 514; x_wconf 78' lang='lat' dir='ltr'><strong>eteaadiabttis</strong></span> <span class='ocrx_word' id='word_1_17' title='bbox 1834 469 1971 528; x_wconf 76' lang='lat' dir='ltr'><strong>usqace</strong></span> 
     </span>
     <span class='ocr_line' id='line_1_3' title="bbox 293 548 1972 627; baseline 0.002 -18"><span class='ocrx_word' id='word_1_18' title='bbox 293 549 389 609; x_wconf 78' lang='lat' dir='ltr'><strong>besse</strong></span> <span class='ocrx_word' id='word_1_19' title='bbox 415 548 596 610; x_wconf 87' lang='lat' dir='ltr'><strong>secundum</strong></span> <span class='ocrx_word' id='word_1_20' title='bbox 620 549 701 611; x_wconf 91' lang='lat' dir='ltr'><strong>illud</strong></span> <span class='ocrx_word' id='word_1_21' title='bbox 730 552 849 614; x_wconf 86' lang='lat' dir='ltr'><strong>lsaiae:</strong></span> <span class='ocrx_word' id='word_1_22' title='bbox 876 554 957 614; x_wconf 80' lang='lat' dir='ltr'><strong>Erit</strong></span> <span class='ocrx_word' id='word_1_23' title='bbox 980 555 1086 614; x_wconf 78' lang='lat' dir='ltr'><strong>radia</strong></span> <span class='ocrx_word' id='word_1_24' title='bbox 1140 554 1177 612; x_wconf 90' lang='lat' dir='ltr'><strong>tn</strong></span> <span class='ocrx_word' id='word_1_25' title='bbox 1205 551 1472 626; x_wconf 73' lang='lat' dir='ltr'><strong>sempiternum,</strong></span> <span class='ocrx_word' id='word_1_26' title='bbox 1499 552 1537 612; x_wconf 85' lang='lat' dir='ltr'><strong>in</strong></span> <span class='ocrx_word' id='word_1_27' title='bbox 1563 553 1617 612; x_wconf 78' lang='lat' dir='ltr'><strong>dis</strong></span> <span class='ocrx_word' id='word_1_28' title='bbox 1650 565 1727 623; x_wconf 75' lang='lat' dir='ltr'><strong>acca</strong></span> <span class='ocrx_word' id='word_1_29' title='bbox 1760 565 1827 627; x_wconf 80' lang='lat' dir='ltr'><strong>eqo</strong></span> <span class='ocrx_word' id='word_1_30' title='bbox 1864 566 1972 613; x_wconf 83' lang='lat' dir='ltr'><strong>creo</strong></span> 
     </span>
     <span class='ocr_line' id='line_1_4' title="bbox 292 645 1439 726; baseline 0.002 -22"><span class='ocrx_word' id='word_1_31' title='bbox 292 647 401 716; x_wconf 78' lang='lat' dir='ltr'><strong>lesse,</strong></span> <span class='ocrx_word' id='word_1_32' title='bbox 411 647 445 706; x_wconf 87' lang='lat' dir='ltr'><strong>ci</strong></span> <span class='ocrx_word' id='word_1_33' title='bbox 456 649 514 718; x_wconf 88' lang='lat' dir='ltr'><strong>qui</strong></span> <span class='ocrx_word' id='word_1_34' title='bbox 524 650 690 722; x_wconf 72' lang='lat' dir='ltr'><strong>cnsuadet</strong></span> <span class='ocrx_word' id='word_1_35' title='bbox 700 663 822 724; x_wconf 51' lang='lat' dir='ltr'><strong>crepere</strong></span> <span class='ocrx_word' id='word_1_36' title='bbox 828 649 956 725; x_wconf 77' lang='lat' dir='ltr'><strong>pentes,</strong></span> <span class='ocrx_word' id='word_1_37' title='bbox 967 654 1086 710; x_wconf 76' lang='lat' dir='ltr'><strong>ineram</strong></span> <span class='ocrx_word' id='word_1_38' title='bbox 1141 645 1200 726; x_wconf 81' lang='lat' dir='ltr'><strong>(Is.</strong></span> <span class='ocrx_word' id='word_1_39' title='bbox 1214 663 1293 719; x_wconf 80' lang='lat' dir='ltr'><strong>cxv,</strong></span> <span class='ocrx_word' id='word_1_40' title='bbox 1310 649 1358 718; x_wconf 85' lang='grc'><strong>17,</strong></span> <span class='ocrx_word' id='word_1_41' title='bbox 1376 646 1439 726; x_wconf 89' lang='lat'>18).</span> 
     </span>
     <span class='ocr_line' id='line_1_5' title="bbox 292 743 1965 826; baseline 0.003 -25"><span class='ocrx_word' id='word_1_42' title='bbox 292 743 412 816; x_wconf 77' lang='lat' dir='ltr'><strong>pentes</strong></span> <span class='ocrx_word' id='word_1_43' title='bbox 430 745 618 816; x_wconf 79' lang='lat' dir='ltr'><strong>sperabunt</strong></span> <span class='ocrx_word' id='word_1_44' title='bbox 637 743 745 822; x_wconf 86' lang='lat' dir='ltr'><strong>(Rom.</strong></span> <span class='ocrx_word' id='word_1_45' title='bbox 761 763 817 818; x_wconf 84' lang='lat' dir='ltr'><strong>xv,</strong></span> <span class='ocrx_word' id='word_1_46' title='bbox 837 746 900 826; x_wconf 85' lang='lat'><strong>12).</strong></span> <span class='ocrx_word' id='word_1_47' title='bbox 923 747 961 808; x_wconf 91' lang='lat' dir='ltr'><strong>Et</strong></span> <span class='ocrx_word' id='word_1_48' title='bbox 984 747 1084 808; x_wconf 89' lang='lat' dir='ltr'><strong>alibi:</strong></span> <span class='ocrx_word' id='word_1_49' title='bbox 1180 745 1304 805; x_wconf 85' lang='lat' dir='ltr'><strong>Coelum</strong></span> <span class='ocrx_word' id='word_1_50' title='bbox 1314 745 1444 806; x_wconf 81' lang='lat' dir='ltr'><strong>citerna</strong></span> <span class='ocrx_word' id='word_1_51' title='bbox 1457 743 1536 805; x_wconf 91' lang='lat' dir='ltr'><strong>sunt</strong></span> <span class='ocrx_word' id='word_1_52' title='bbox 1545 743 1663 820; x_wconf 90' lang='lat' dir='ltr'><strong>Angeli</strong></span> <span class='ocrx_word' id='word_1_53' title='bbox 1674 745 1707 806; x_wconf 90' lang='lat' dir='ltr'><strong>et</strong></span> <span class='ocrx_word' id='word_1_54' title='bbox 1716 743 1881 805; x_wconf 86' lang='lat' dir='ltr'><strong>homines</strong></span> <span class='ocrx_word' id='word_1_55' title='bbox 1901 745 1965 806; x_wconf 79' lang='lat' dir='ltr'><strong>vel</strong></span> 
     </span>
     <span class='ocr_line' id='line_1_6' title="bbox 293 839 1965 919; baseline 0.004 -22"><span class='ocrx_word' id='word_1_56' title='bbox 293 839 373 898; x_wconf 74' lang='lat' dir='ltr'><strong>Erit</strong></span> <span class='ocrx_word' id='word_1_57' title='bbox 389 843 495 899; x_wconf 78' lang='lat' dir='ltr'><strong>radin</strong></span> <span class='ocrx_word' id='word_1_58' title='bbox 508 843 605 901; x_wconf 78' lang='lat' dir='ltr'><strong>lesse</strong></span> <span class='ocrx_word' id='word_1_59' title='bbox 615 845 769 914; x_wconf 76' lang='lat' dir='ltr'><strong>quartat</strong></span> <span class='ocrx_word' id='word_1_60' title='bbox 779 849 815 904; x_wconf 87' lang='lat' dir='ltr'><strong>in</strong></span> <span class='ocrx_word' id='word_1_61' title='bbox 824 849 962 919; x_wconf 79' lang='lat' dir='ltr'><strong>sianum</strong></span> <span class='ocrx_word' id='word_1_62' title='bbox 970 860 1084 918; x_wconf 87' lang='lat' dir='ltr'><strong>popu·</strong></span> <span class='ocrx_word' id='word_1_63' title='bbox 1141 842 1254 902; x_wconf 89' lang='lat' dir='ltr'><strong>Sancti</strong></span> <span class='ocrx_word' id='word_1_64' title='bbox 1266 863 1275 914; x_wconf 74' lang='lat'>3</span> <span class='ocrx_word' id='word_1_65' title='bbox 1290 843 1324 902; x_wconf 90' lang='lat' dir='ltr'><strong>ci</strong></span> <span class='ocrx_word' id='word_1_66' title='bbox 1331 840 1675 917; x_wconf 73' lang='lat' dir='ltr'><strong>peccatoreslicaient</strong></span> <span class='ocrx_word' id='word_1_67' title='bbox 1688 841 1723 902; x_wconf 90' lang='lat' dir='ltr'><strong>et</strong></span> <span class='ocrx_word' id='word_1_68' title='bbox 1737 841 1927 902; x_wconf 82' lang='lat' dir='ltr'><strong>timebunt</strong></span> <span class='ocrx_word' id='word_1_69' title='bbox 1939 857 1965 904; x_wconf 87' lang='lat' dir='ltr'><strong>a</strong></span> 
     </span>
     <span class='ocr_line' id='line_1_7' title="bbox 294 933 1963 1015; baseline 0.002 -20"><span class='ocrx_word' id='word_1_70' title='bbox 294 939 407 996; x_wconf 77' lang='lat' dir='ltr'><strong>mrum</strong></span> <span class='ocrx_word' id='word_1_71' title='bbox 420 933 477 1014; x_wconf 90' lang='lat' dir='ltr'><strong>(Is.</strong></span> <span class='ocrx_word' id='word_1_72' title='bbox 487 952 533 1008; x_wconf 84' lang='lat' dir='ltr'><strong>xr,</strong></span> <span class='ocrx_word' id='word_1_73' title='bbox 548 935 612 1015; x_wconf 91' lang='lat'><strong>10).</strong></span> <span class='ocrx_word' id='word_1_74' title='bbox 627 941 706 1000; x_wconf 87' lang='lat' dir='ltr'><strong>Haec</strong></span> <span class='ocrx_word' id='word_1_75' title='bbox 714 942 765 1002; x_wconf 89' lang='grc' dir='ltr'><strong>θεῖ</strong></span> <span class='ocrx_word' id='word_1_76' title='bbox 772 940 862 1002; x_wconf 90' lang='lat' dir='ltr'><strong>enim</strong></span> <span class='ocrx_word' id='word_1_77' title='bbox 874 940 974 1001; x_wconf 89' lang='lat' dir='ltr'><strong>arbor</strong></span> <span class='ocrx_word' id='word_1_78' title='bbox 982 941 1041 1001; x_wconf 89' lang='lat' dir='ltr'><strong>illa</strong></span> <span class='ocrx_word' id='word_1_79' title='bbox 1050 941 1085 1001; x_wconf 90' lang='lat' dir='ltr'><strong>in</strong></span> <span class='ocrx_word' id='word_1_80' title='bbox 1139 940 1319 1014; x_wconf 83' lang='lat' dir='ltr'><strong>conspectu</strong></span> <span class='ocrx_word' id='word_1_81' title='bbox 1333 942 1418 1010; x_wconf 81' lang='lat' dir='ltr'><strong>ejus.</strong></span> <span class='ocrx_word' id='word_1_82' title='bbox 1433 941 1524 998; x_wconf 89' lang='lat' dir='ltr'><strong>Tunc</strong></span> <span class='ocrx_word' id='word_1_83' title='bbox 1539 937 1711 1012; x_wconf 82' lang='lat' dir='ltr'><strong>mlgebunt</strong></span> <span class='ocrx_word' id='word_1_84' title='bbox 1722 938 1851 1000; x_wconf 82' lang='lat' dir='ltr'><strong>nostrae</strong></span> <span class='ocrx_word' id='word_1_85' title='bbox 1865 938 1963 999; x_wconf 88' lang='lat' dir='ltr'><strong>lam·</strong></span> 
     </span>
     <span class='ocr_line' id='line_1_8' title="bbox 294 1033 1964 1112; baseline 0.004 -22"><span class='ocrx_word' id='word_1_86' title='bbox 294 1045 358 1106; x_wconf 91' lang='lat' dir='ltr'><strong>qua</strong></span> <span class='ocrx_word' id='word_1_87' title='bbox 384 1033 563 1094; x_wconf 88' lang='lat' dir='ltr'><strong>secundnm</strong></span> <span class='ocrx_word' id='word_1_88' title='bbox 593 1036 741 1098; x_wconf 82' lang='lat' dir='ltr'>Danielis</span> <span class='ocrx_word' id='word_1_89' title='bbox 769 1037 949 1108; x_wconf 83' lang='lat' dir='ltr'>visionem,</span> <span class='ocrx_word' id='word_1_90' title='bbox 974 1039 1085 1100; x_wconf 89' lang='lat' dir='ltr'><strong>omnia</strong></span> <span class='ocrx_word' id='word_1_91' title='bbox 1139 1037 1251 1112; x_wconf 88' lang='lat' dir='ltr'><strong>pades,</strong></span> <span class='ocrx_word' id='word_1_92' title='bbox 1265 1035 1360 1107; x_wconf 89' lang='lat' dir='ltr'><strong>idest,</strong></span> <span class='ocrx_word' id='word_1_93' title='bbox 1375 1033 1560 1096; x_wconf 79' lang='lat' dir='ltr'><strong>manifesta</strong></span> <span class='ocrx_word' id='word_1_94' title='bbox 1574 1035 1672 1096; x_wconf 91' lang='lat' dir='ltr'><strong>erunt</strong></span> <span class='ocrx_word' id='word_1_95' title='bbox 1685 1036 1810 1096; x_wconf 82' lang='lat' dir='ltr'><strong>nostrae</strong></span> <span class='ocrx_word' id='word_1_96' title='bbox 1827 1050 1964 1112; x_wconf 86' lang='lat' dir='ltr'><strong>opera·</strong></span> 
     </span>
     <span class='ocr_line' id='line_1_9' title="bbox 292 1131 1958 1211; baseline -0.001 -17"><span class='ocrx_word' id='word_1_97' title='bbox 292 1134 361 1194; x_wconf 87' lang='lat' dir='ltr'><strong>tam</strong></span> <span class='ocrx_word' id='word_1_98' title='bbox 382 1131 540 1191; x_wconf 89' lang='lat' dir='ltr'><strong>animalia</strong></span> <span class='ocrx_word' id='word_1_99' title='bbox 559 1148 657 1209; x_wconf 86' lang='lat' dir='ltr'><strong>quam</strong></span> <span class='ocrx_word' id='word_1_100' title='bbox 683 1135 833 1196; x_wconf 86' lang='lat' dir='ltr'><strong>volatilia</strong></span> <span class='ocrx_word' id='word_1_101' title='bbox 860 1136 1083 1211; x_wconf 87' lang='lat' dir='ltr'><strong>requiescunt,</strong></span> <span class='ocrx_word' id='word_1_102' title='bbox 1140 1133 1257 1196; x_wconf 90' lang='lat' dir='ltr'><strong>tiones.</strong></span> <span class='ocrx_word' id='word_1_103' title='bbox 1283 1132 1376 1194; x_wconf 82' lang='lat' dir='ltr'>Unde</span> <span class='ocrx_word' id='word_1_104' title='bbox 1401 1133 1547 1195; x_wconf 81' lang='lat' dir='ltr'><strong>loannes</strong></span> <span class='ocrx_word' id='word_1_105' title='bbox 1579 1132 1728 1208; x_wconf 77' lang='lat' dir='ltr'><strong>Baptista</strong></span> <span class='ocrx_word' id='word_1_106' title='bbox 1751 1132 1789 1192; x_wconf 94' lang='lat' dir='ltr'><strong>in</strong></span> <span class='ocrx_word' id='word_1_107' title='bbox 1813 1133 1921 1193; x_wconf 86' lang='lat' dir='ltr'><strong>Luca</strong></span> <span class='ocrx_word' id='word_1_108' title='bbox 1948 1155 1958 1192; x_wconf 78' lang='lat' dir='ltr'><strong><em>z</em></strong></span> 
     </span>
     <span class='ocr_line' id='line_1_10' title="bbox 293 1227 1960 1310; baseline -0.001 -20"><span class='ocrx_word' id='word_1_109' title='bbox 293 1227 442 1292; x_wconf 80' lang='lat' dir='ltr'><strong>etviiam</strong></span> <span class='ocrx_word' id='word_1_110' title='bbox 457 1227 631 1292; x_wconf 72' lang='lat' dir='ltr'><strong>habentor</strong></span> <span class='ocrx_word' id='word_1_111' title='bbox 642 1247 694 1304; x_wconf 92' lang='lat' dir='ltr'><strong>ea,</strong></span> <span class='ocrx_word' id='word_1_112' title='bbox 709 1232 787 1309; x_wconf 91' lang='lat' dir='ltr'><strong>quia</strong></span> <span class='ocrx_word' id='word_1_113' title='bbox 800 1235 867 1294; x_wconf 89' lang='lat' dir='ltr'><strong>tam</strong></span> <span class='ocrx_word' id='word_1_114' title='bbox 877 1234 977 1295; x_wconf 84' lang='lat' dir='ltr'><strong>activi</strong></span> <span class='ocrx_word' id='word_1_115' title='bbox 987 1249 1085 1310; x_wconf 92' lang='lat' dir='ltr'><strong>quam</strong></span> <span class='ocrx_word' id='word_1_116' title='bbox 1140 1231 1245 1302; x_wconf 72' lang='lat' dir='ltr'><strong>Cadus</strong></span> <span class='ocrx_word' id='word_1_117' title='bbox 1271 1229 1501 1290; x_wconf 78' lang='lat' dir='ltr'><strong>ocntdabrum</strong></span> <span class='ocrx_word' id='word_1_118' title='bbox 1528 1231 1566 1289; x_wconf 84' lang='lat' dir='ltr'><strong>in</strong></span> <span class='ocrx_word' id='word_1_119' title='bbox 1590 1242 1698 1288; x_wconf 76' lang='lat' dir='ltr'><strong>nmnu</strong></span> <span class='ocrx_word' id='word_1_120' title='bbox 1723 1242 1790 1290; x_wconf 75' lang='lat' dir='ltr'><strong>acia</strong></span> <span class='ocrx_word' id='word_1_121' title='bbox 1817 1229 1891 1300; x_wconf 79' lang='lat' dir='ltr'><strong>est,</strong></span> <span class='ocrx_word' id='word_1_122' title='bbox 1921 1230 1960 1289; x_wconf 88' lang='lat' dir='ltr'><strong>et</strong></span> 
     </span>
     <span class='ocr_line' id='line_1_11' title="bbox 293 1324 1959 1407; baseline 0.008 -22"><span class='ocrx_word' id='word_1_123' title='bbox 293 1325 538 1402; x_wconf 73' lang='lat' dir='ltr'><strong>contemplativi</strong></span> <span class='ocrx_word' id='word_1_124' title='bbox 562 1343 628 1389; x_wconf 92' lang='lat' dir='ltr'><strong>non</strong></span> <span class='ocrx_word' id='word_1_125' title='bbox 647 1329 770 1392; x_wconf 86' lang='lat' dir='ltr'><strong>habent</strong></span> <span class='ocrx_word' id='word_1_126' title='bbox 797 1331 940 1407; x_wconf 86' lang='lat' dir='ltr'><strong>quietem</strong></span> <span class='ocrx_word' id='word_1_127' title='bbox 961 1331 1027 1392; x_wconf 91' lang='lat' dir='ltr'><strong>nisi</strong></span> <span class='ocrx_word' id='word_1_128' title='bbox 1050 1331 1085 1393; x_wconf 91' lang='lat' dir='ltr'><strong>in</strong></span> <span class='ocrx_word' id='word_1_129' title='bbox 1135 1326 1380 1400; x_wconf 63' lang='lat' dir='ltr'><strong>permundabit</strong></span> <span class='ocrx_word' id='word_1_130' title='bbox 1397 1339 1519 1386; x_wconf 71' lang='lat' dir='ltr'><strong>aream</strong></span> <span class='ocrx_word' id='word_1_131' title='bbox 1539 1337 1651 1395; x_wconf 69' lang='lat' dir='ltr'><strong>ittam,</strong></span> <span class='ocrx_word' id='word_1_132' title='bbox 1670 1324 1705 1385; x_wconf 68' lang='lat' dir='ltr'><strong>el</strong></span> <span class='ocrx_word' id='word_1_133' title='bbox 1717 1325 1959 1401; x_wconf 60' lang='lat' dir='ltr'><strong>OOMWQGW</strong></span> 
     </span>
     <span class='ocr_line' id='line_1_12' title="bbox 295 1419 1957 1504; baseline 0 -23"><span class='ocrx_word' id='word_1_134' title='bbox 295 1420 410 1483; x_wconf 87' lang='lat' dir='ltr'><strong>umbra</strong></span> <span class='ocrx_word' id='word_1_135' title='bbox 430 1423 560 1485; x_wconf 84' lang='lat' dir='ltr'><strong>arboris</strong></span> <span class='ocrx_word' id='word_1_136' title='bbox 583 1425 695 1504; x_wconf 86' lang='lat' dir='ltr'><strong>hujus,</strong></span> <span class='ocrx_word' id='word_1_137' title='bbox 712 1427 797 1488; x_wconf 91' lang='lat' dir='ltr'><strong>idest</strong></span> <span class='ocrx_word' id='word_1_138' title='bbox 815 1427 850 1488; x_wconf 91' lang='lat' dir='ltr'><strong>in</strong></span> <span class='ocrx_word' id='word_1_139' title='bbox 866 1427 1024 1490; x_wconf 80' lang='lat' dir='ltr'><strong>Ecclesia.</strong></span> <span class='ocrx_word' id='word_1_140' title='bbox 1047 1429 1086 1490; x_wconf 90' lang='lat' dir='ltr'><strong>Et</strong></span> <span class='ocrx_word' id='word_1_141' title='bbox 1141 1423 1295 1484; x_wconf 69' lang='lat' dir='ltr'><strong>indicum</strong></span> <span class='ocrx_word' id='word_1_142' title='bbox 1312 1425 1350 1483; x_wconf 90' lang='lat' dir='ltr'><strong>tn</strong></span> <span class='ocrx_word' id='word_1_143' title='bbox 1369 1427 1536 1483; x_wconf 72' lang='lat' dir='ltr'><strong>borreum</strong></span> <span class='ocrx_word' id='word_1_144' title='bbox 1555 1435 1669 1487; x_wconf 74' lang='lat' dir='ltr'><strong>suune</strong></span> <span class='ocrx_word' id='word_1_145' title='bbox 1680 1424 1800 1494; x_wconf 82' lang='lat' dir='ltr'><strong>paleas</strong></span> <span class='ocrx_word' id='word_1_146' title='bbox 1821 1419 1957 1482; x_wconf 86' lang='lat' dir='ltr'><strong>autem</strong></span> 
     </span>
     <span class='ocr_line' id='line_1_13' title="bbox 294 1514 1953 1600; baseline 0 -22"><span class='ocrx_word' id='word_1_147' title='bbox 294 1518 381 1581; x_wconf 90' lang='lat' dir='ltr'><strong>sicut</strong></span> <span class='ocrx_word' id='word_1_148' title='bbox 400 1520 598 1598; x_wconf 81' lang='lat' dir='ltr'><strong>quicumque</strong></span> <span class='ocrx_word' id='word_1_149' title='bbox 621 1523 812 1585; x_wconf 89' lang='lat' dir='ltr'><strong>comedebat</strong></span> <span class='ocrx_word' id='word_1_150' title='bbox 833 1523 873 1586; x_wconf 90' lang='lat' dir='ltr'><strong>de</strong></span> <span class='ocrx_word' id='word_1_151' title='bbox 898 1525 990 1600; x_wconf 91' lang='lat' dir='ltr'><strong>ligno</strong></span> <span class='ocrx_word' id='word_1_152' title='bbox 1007 1525 1085 1587; x_wconf 83' lang='lat' dir='ltr'><strong>vitae</strong></span> <span class='ocrx_word' id='word_1_153' title='bbox 1139 1519 1314 1582; x_wconf 80' lang='lat' dir='ltr'><strong>comburet</strong></span> <span class='ocrx_word' id='word_1_154' title='bbox 1335 1522 1416 1594; x_wconf 78' lang='lat' dir='ltr'><strong>igne</strong></span> <span class='ocrx_word' id='word_1_155' title='bbox 1444 1518 1699 1592; x_wconf 75' lang='lat' dir='ltr'><strong>inediinquibdi</strong></span> <span class='ocrx_word' id='word_1_156' title='bbox 1722 1514 1861 1594; x_wconf 86' lang='lat' dir='ltr'><strong>(Maith.</strong></span> <span class='ocrx_word' id='word_1_157' title='bbox 1895 1531 1953 1588; x_wconf 85' lang='lat'><strong>111,</strong></span> 
     </span>
     <span class='ocr_line' id='line_1_14' title="bbox 293 1612 1953 1698; baseline -0.001 -23"><span class='ocrx_word' id='word_1_158' title='bbox 293 1615 381 1690; x_wconf 93' lang='lat' dir='ltr'><strong>quod</strong></span> <span class='ocrx_word' id='word_1_159' title='bbox 404 1617 476 1676; x_wconf 88' lang='lat' dir='ltr'><strong>erat</strong></span> <span class='ocrx_word' id='word_1_160' title='bbox 491 1617 527 1676; x_wconf 93' lang='lat' dir='ltr'><strong>in</strong></span> <span class='ocrx_word' id='word_1_161' title='bbox 550 1619 723 1688; x_wconf 88' lang='lat' dir='ltr'><strong>Paradiso,</strong></span> <span class='ocrx_word' id='word_1_162' title='bbox 746 1636 813 1681; x_wconf 93' lang='lat' dir='ltr'><strong>non</strong></span> <span class='ocrx_word' id='word_1_163' title='bbox 836 1622 965 1698; x_wconf 87' lang='lat' dir='ltr'><strong>poterat</strong></span> <span class='ocrx_word' id='word_1_164' title='bbox 987 1623 1083 1694; x_wconf 92' lang='lat' dir='ltr'><strong>mori,</strong></span> <span class='ocrx_word' id='word_1_165' title='bbox 1141 1615 1210 1690; x_wconf 83' lang='lat'><strong>12);</strong></span> <span class='ocrx_word' id='word_1_166' title='bbox 1227 1617 1304 1676; x_wconf 84' lang='lat' dir='ltr'><strong>Luc.</strong></span> <span class='ocrx_word' id='word_1_167' title='bbox 1325 1629 1376 1687; x_wconf 89' lang='lat'><strong>111,</strong></span> <span class='ocrx_word' id='word_1_168' title='bbox 1397 1612 1459 1686; x_wconf 88' lang='lat'>17).</span> <span class='ocrx_word' id='word_1_169' title='bbox 1475 1613 1703 1676; x_wconf 84' lang='lat' dir='ltr'><strong>ventilabrum</strong></span> <span class='ocrx_word' id='word_1_170' title='bbox 1724 1615 1774 1674; x_wconf 91' lang='lat' dir='ltr'><strong>est</strong></span> <span class='ocrx_word' id='word_1_171' title='bbox 1794 1628 1953 1675; x_wconf 82' lang='lat' dir='ltr'><strong>examen</strong></span> 
     </span>
     <span class='ocr_line' id='line_1_15' title="bbox 294 1710 1953 1792; baseline -0.001 -20"><span class='ocrx_word' id='word_1_172' title='bbox 294 1712 341 1772; x_wconf 84' lang='lat' dir='ltr'><strong>ita</strong></span> <span class='ocrx_word' id='word_1_173' title='bbox 355 1711 390 1773; x_wconf 93' lang='lat' dir='ltr'><strong>in</strong></span> <span class='ocrx_word' id='word_1_174' title='bbox 406 1713 555 1774; x_wconf 84' lang='lat' dir='ltr'><strong>Ecclesia</strong></span> <span class='ocrx_word' id='word_1_175' title='bbox 570 1717 620 1776; x_wconf 88' lang='lat' dir='ltr'><strong>est</strong></span> <span class='ocrx_word' id='word_1_176' title='bbox 635 1717 884 1778; x_wconf 88' lang='lat' dir='ltr'><strong>Sacramentum</strong></span> <span class='ocrx_word' id='word_1_177' title='bbox 904 1718 1030 1792; x_wconf 86' lang='lat' dir='ltr'><strong>altaris,</strong></span> <span class='ocrx_word' id='word_1_178' title='bbox 1044 1719 1086 1780; x_wconf 90' lang='lat' dir='ltr'><strong>de</strong></span> <span class='ocrx_word' id='word_1_179' title='bbox 1140 1712 1280 1774; x_wconf 88' lang='lat' dir='ltr'><strong>districti</strong></span> <span class='ocrx_word' id='word_1_180' title='bbox 1291 1712 1421 1788; x_wconf 88' lang='lat' dir='ltr'><strong>judicii,</strong></span> <span class='ocrx_word' id='word_1_181' title='bbox 1440 1712 1475 1772; x_wconf 93' lang='lat' dir='ltr'><strong>in</strong></span> <span class='ocrx_word' id='word_1_182' title='bbox 1490 1727 1555 1788; x_wconf 95' lang='lat' dir='ltr'><strong>quo</strong></span> <span class='ocrx_word' id='word_1_183' title='bbox 1576 1711 1704 1772; x_wconf 90' lang='lat' dir='ltr'><strong>nullum</strong></span> <span class='ocrx_word' id='word_1_184' title='bbox 1727 1710 1856 1772; x_wconf 91' lang='lat' dir='ltr'><strong>malum</strong></span> <span class='ocrx_word' id='word_1_185' title='bbox 1879 1711 1953 1772; x_wconf 89' lang='lat' dir='ltr'><strong>erit</strong></span> 
     </span>
     <span class='ocr_line' id='line_1_16' title="bbox 294 1807 1952 1894; baseline 0 -27"><span class='ocrx_word' id='word_1_186' title='bbox 294 1824 359 1884; x_wconf 90' lang='lat' dir='ltr'><strong>quo</strong></span> <span class='ocrx_word' id='word_1_187' title='bbox 373 1809 571 1888; x_wconf 85' lang='lat' dir='ltr'><strong>quicumque</strong></span> <span class='ocrx_word' id='word_1_188' title='bbox 591 1813 756 1874; x_wconf 87' lang='lat' dir='ltr'><strong>veraciter</strong></span> <span class='ocrx_word' id='word_1_189' title='bbox 771 1815 922 1886; x_wconf 89' lang='lat' dir='ltr'><strong>comedit,</strong></span> <span class='ocrx_word' id='word_1_190' title='bbox 940 1830 1007 1876; x_wconf 89' lang='lat' dir='ltr'><strong>non</strong></span> <span class='ocrx_word' id='word_1_191' title='bbox 1025 1831 1087 1894; x_wconf 91' lang='lat' dir='ltr'><strong>po·</strong></span> <span class='ocrx_word' id='word_1_192' title='bbox 1139 1810 1347 1887; x_wconf 90' lang='lat' dir='ltr'><strong>impunitum,</strong></span> <span class='ocrx_word' id='word_1_193' title='bbox 1369 1809 1401 1870; x_wconf 92' lang='grc' dir='ltr'><strong>θῖ</strong></span> <span class='ocrx_word' id='word_1_194' title='bbox 1423 1808 1550 1868; x_wconf 91' lang='lat' dir='ltr'><strong>nullum</strong></span> <span class='ocrx_word' id='word_1_195' title='bbox 1569 1807 1692 1868; x_wconf 92' lang='lat' dir='ltr'><strong>bonum</strong></span> <span class='ocrx_word' id='word_1_196' title='bbox 1709 1808 1952 1868; x_wconf 87' lang='lat' dir='ltr'><strong>irremunera-</strong></span> 
     </span>
     <span class='ocr_line' id='line_1_17' title="bbox 293 1904 1949 1990; baseline -0.001 -23"><span class='ocrx_word' id='word_1_197' title='bbox 293 1907 359 1967; x_wconf 90' lang='lat' dir='ltr'><strong>test</strong></span> <span class='ocrx_word' id='word_1_198' title='bbox 381 1908 546 1968; x_wconf 80' lang='lat' dir='ltr'><strong>veraciter</strong></span> <span class='ocrx_word' id='word_1_199' title='bbox 568 1910 668 1982; x_wconf 91' lang='lat' dir='ltr'><strong>mori,</strong></span> <span class='ocrx_word' id='word_1_200' title='bbox 695 1911 823 1972; x_wconf 91' lang='lat' dir='ltr'><strong>scilicet</strong></span> <span class='ocrx_word' id='word_1_201' title='bbox 842 1913 946 1974; x_wconf 89' lang='lat' dir='ltr'><strong>morte</strong></span> <span class='ocrx_word' id='word_1_202' title='bbox 967 1927 1087 1990; x_wconf 88' lang='lat' dir='ltr'><strong>perpo-</strong></span> <span class='ocrx_word' id='word_1_203' title='bbox 1140 1908 1219 1970; x_wconf 91' lang='lat' dir='ltr'><strong>tum.</strong></span> <span class='ocrx_word' id='word_1_204' title='bbox 1242 1907 1325 1967; x_wconf 91' lang='lat' dir='ltr'><strong>lllud</strong></span> <span class='ocrx_word' id='word_1_205' title='bbox 1351 1921 1490 1967; x_wconf 82' lang='lat' dir='ltr'><strong>examen</strong></span> <span class='ocrx_word' id='word_1_206' title='bbox 1514 1907 1578 1966; x_wconf 90' lang='lat' dir='ltr'><strong>erit</strong></span> <span class='ocrx_word' id='word_1_207' title='bbox 1597 1905 1632 1965; x_wconf 93' lang='lat' dir='ltr'><strong>in</strong></span> <span class='ocrx_word' id='word_1_208' title='bbox 1656 1919 1768 1977; x_wconf 90' lang='lat' dir='ltr'><strong>manu,</strong></span> <span class='ocrx_word' id='word_1_209' title='bbox 1793 1904 1885 1966; x_wconf 86' lang='lat' dir='ltr'><strong>idest</strong></span> <span class='ocrx_word' id='word_1_210' title='bbox 1910 1904 1949 1965; x_wconf 92' lang='lat' dir='ltr'><strong>in</strong></span> 
     </span>
     <span class='ocr_line' id='line_1_18' title="bbox 292 2001 1944 2080; baseline -0.005 -9"><span class='ocrx_word' id='word_1_211' title='bbox 292 2003 362 2071; x_wconf 72' lang='lat' dir='ltr'><strong>tua,</strong></span> <span class='ocrx_word' id='word_1_212' title='bbox 379 2001 435 2065; x_wconf 77' lang='lat' dir='ltr'><strong>sed</strong></span> <span class='ocrx_word' id='word_1_213' title='bbox 454 2004 542 2068; x_wconf 85' lang='lat' dir='ltr'><strong>vivet</strong></span> <span class='ocrx_word' id='word_1_214' title='bbox 557 2005 591 2067; x_wconf 92' lang='lat' dir='ltr'><strong>in</strong></span> <span class='ocrx_word' id='word_1_215' title='bbox 615 2009 775 2068; x_wconf 86' lang='lat' dir='ltr'><strong>aeternum</strong></span> <span class='ocrx_word' id='word_1_216' title='bbox 798 2024 872 2070; x_wconf 93' lang='lat' dir='ltr'><strong>cum</strong></span> <span class='ocrx_word' id='word_1_217' title='bbox 891 2009 1086 2073; x_wconf 67' lang='lat' dir='ltr'><strong>Christum</strong></span> <span class='ocrx_word' id='word_1_218' title='bbox 1139 2003 1301 2080; x_wconf 86' lang='lat' dir='ltr'><strong>potestate</strong></span> <span class='ocrx_word' id='word_1_219' title='bbox 1322 2002 1456 2071; x_wconf 84' lang='lat' dir='ltr'><strong>Christi,</strong></span> <span class='ocrx_word' id='word_1_220' title='bbox 1472 2002 1509 2062; x_wconf 92' lang='lat' dir='ltr'><strong>ut</strong></span> <span class='ocrx_word' id='word_1_221' title='bbox 1522 2001 1719 2063; x_wconf 85' lang='lat' dir='ltr'><strong>misereatur</strong></span> <span class='ocrx_word' id='word_1_222' title='bbox 1737 2003 1836 2076; x_wconf 83' lang='lat' dir='ltr'><strong>cujns</strong></span> <span class='ocrx_word' id='word_1_223' title='bbox 1854 2001 1944 2072; x_wconf 75' lang='lat' dir='ltr'><strong>vult,</strong></span> 
     </span>
     <span class='ocr_line' id='line_1_19' title="bbox 294 2097 1946 2182; baseline 0.005 -22"><span class='ocrx_word' id='word_1_224' title='bbox 294 2100 381 2161; x_wconf 87' lang='lat' dir='ltr'><strong>sicut</strong></span> <span class='ocrx_word' id='word_1_225' title='bbox 404 2101 500 2177; x_wconf 87' lang='lat' dir='ltr'><strong>panis</strong></span> <span class='ocrx_word' id='word_1_226' title='bbox 517 2103 751 2166; x_wconf 83' lang='lat' dir='ltr'><strong>coniiciturex</strong></span> <span class='ocrx_word' id='word_1_227' title='bbox 773 2105 884 2169; x_wconf 87' lang='lat' dir='ltr'><strong>multis</strong></span> <span class='ocrx_word' id='word_1_228' title='bbox 906 2107 1032 2182; x_wconf 90' lang='lat' dir='ltr'><strong>granis,</strong></span> <span class='ocrx_word' id='word_1_229' title='bbox 1052 2108 1087 2170; x_wconf 87' lang='lat' dir='ltr'><strong>et</strong></span> <span class='ocrx_word' id='word_1_230' title='bbox 1139 2101 1172 2162; x_wconf 69' lang='lat' dir='ltr'><strong>et</strong></span> <span class='ocrx_word' id='word_1_231' title='bbox 1196 2098 1312 2177; x_wconf 89' lang='lat' dir='ltr'><strong>puniat</strong></span> <span class='ocrx_word' id='word_1_232' title='bbox 1347 2113 1444 2177; x_wconf 67' lang='lat' dir='ltr'>(11¹0ffl</span> <span class='ocrx_word' id='word_1_233' title='bbox 1477 2099 1558 2160; x_wconf 67' lang='lat' dir='ltr'><strong>vult·</strong></span> <span class='ocrx_word' id='word_1_234' title='bbox 1587 2101 1674 2160; x_wconf 70' lang='lat' dir='ltr'><strong>Area</strong></span> <span class='ocrx_word' id='word_1_235' title='bbox 1697 2097 1748 2159; x_wconf 60' lang='lat' dir='ltr'><strong>est</strong></span> <span class='ocrx_word' id='word_1_236' title='bbox 1772 2097 1946 2169; x_wconf 62' lang='lat' dir='ltr'><strong>Ecclesia,</strong></span> 
     </span>
     <span class='ocr_line' id='line_1_20' title="bbox 291 2196 1947 2276; baseline -0.002 -19"><span class='ocrx_word' id='word_1_237' title='bbox 291 2197 407 2258; x_wconf 80' lang='lat' dir='ltr'><strong>vinum</strong></span> <span class='ocrx_word' id='word_1_238' title='bbox 431 2212 473 2260; x_wconf 85' lang='lat' dir='ltr'><strong>ex</strong></span> <span class='ocrx_word' id='word_1_239' title='bbox 495 2200 607 2261; x_wconf 87' lang='lat' dir='ltr'><strong>multis</strong></span> <span class='ocrx_word' id='word_1_240' title='bbox 630 2201 705 2262; x_wconf 83' lang='lat' dir='ltr'><strong>uvis</strong></span> <span class='ocrx_word' id='word_1_241' title='bbox 724 2203 783 2264; x_wconf 89' lang='lat' dir='ltr'><strong>aut</strong></span> <span class='ocrx_word' id='word_1_242' title='bbox 805 2203 922 2276; x_wconf 66' lang='lat' dir='ltr'><strong>acinis</strong></span> <span class='ocrx_word' id='word_1_243' title='bbox 950 2204 996 2267; x_wconf 86' lang='lat' dir='ltr'><strong>ita</strong></span> <span class='ocrx_word' id='word_1_244' title='bbox 1024 2220 1084 2267; x_wconf 92' lang='lat' dir='ltr'><strong>nos</strong></span> <span class='ocrx_word' id='word_1_245' title='bbox 1139 2199 1217 2275; x_wconf 88' lang='lat' dir='ltr'><strong>quia</strong></span> <span class='ocrx_word' id='word_1_246' title='bbox 1231 2197 1317 2258; x_wconf 81' lang='lat' dir='ltr'><strong>sicut</strong></span> <span class='ocrx_word' id='word_1_247' title='bbox 1334 2197 1369 2258; x_wconf 89' lang='lat' dir='ltr'><strong>in</strong></span> <span class='ocrx_word' id='word_1_248' title='bbox 1391 2211 1470 2258; x_wconf 84' lang='lat' dir='ltr'><strong>area</strong></span> <span class='ocrx_word' id='word_1_249' title='bbox 1489 2196 1657 2273; x_wconf 88' lang='lat' dir='ltr'><strong>ponuntur</strong></span> <span class='ocrx_word' id='word_1_250' title='bbox 1668 2209 1772 2270; x_wconf 86' lang='lat' dir='ltr'><strong>grana</strong></span> <span class='ocrx_word' id='word_1_251' title='bbox 1785 2211 1863 2255; x_wconf 91' lang='lat' dir='ltr'><strong>cum</strong></span> <span class='ocrx_word' id='word_1_252' title='bbox 1877 2211 1947 2271; x_wconf 90' lang='lat' dir='ltr'><strong>pa-</strong></span> 
     </span>
     <span class='ocr_line' id='line_1_21' title="bbox 293 2291 1945 2370; baseline 0.001 -19"><span class='ocrx_word' id='word_1_253' title='bbox 293 2307 406 2352; x_wconf 89' lang='lat' dir='ltr'><strong>sumus</strong></span> <span class='ocrx_word' id='word_1_254' title='bbox 427 2307 530 2352; x_wconf 90' lang='lat' dir='ltr'><strong>unum</strong></span> <span class='ocrx_word' id='word_1_255' title='bbox 559 2308 678 2368; x_wconf 91' lang='lat' dir='ltr'><strong>corpus</strong></span> <span class='ocrx_word' id='word_1_256' title='bbox 706 2309 766 2370; x_wconf 86' lang='lat' dir='ltr'><strong>per</strong></span> <span class='ocrx_word' id='word_1_257' title='bbox 793 2294 988 2358; x_wconf 87' lang='lat' dir='ltr'><strong>charitatem</strong></span> <span class='ocrx_word' id='word_1_258' title='bbox 1010 2311 1084 2358; x_wconf 92' lang='lat' dir='ltr'><strong>cum</strong></span> <span class='ocrx_word' id='word_1_259' title='bbox 1139 2295 1220 2365; x_wconf 89' lang='lat' dir='ltr'><strong>leis,</strong></span> <span class='ocrx_word' id='word_1_260' title='bbox 1243 2294 1291 2355; x_wconf 88' lang='lat' dir='ltr'><strong>ita</strong></span> <span class='ocrx_word' id='word_1_261' title='bbox 1312 2293 1346 2354; x_wconf 92' lang='lat' dir='ltr'><strong>in</strong></span> <span class='ocrx_word' id='word_1_262' title='bbox 1369 2293 1517 2354; x_wconf 86' lang='lat' dir='ltr'><strong>Ecclesia</strong></span> <span class='ocrx_word' id='word_1_263' title='bbox 1539 2293 1617 2354; x_wconf 88' lang='lat' dir='ltr'><strong>sunt</strong></span> <span class='ocrx_word' id='word_1_264' title='bbox 1638 2291 1716 2353; x_wconf 87' lang='lat' dir='ltr'><strong>boni</strong></span> <span class='ocrx_word' id='word_1_265' title='bbox 1739 2291 1838 2352; x_wconf 83' lang='lat' dir='ltr'><strong>mixti</strong></span> <span class='ocrx_word' id='word_1_266' title='bbox 1861 2307 1945 2352; x_wconf 87' lang='lat' dir='ltr'><strong>cum</strong></span> 
     </span>
     <span class='ocr_line' id='line_1_22' title="bbox 210 2388 1945 2468; baseline -0.001 -19"><span class='ocrx_word' id='word_1_267' title='bbox 210 2457 213 2468; x_wconf 53' lang='grc'>,</span> <span class='ocrx_word' id='word_1_268' title='bbox 292 2388 435 2450; x_wconf 85' lang='lat' dir='ltr'><strong>Christo.</strong></span> <span class='ocrx_word' id='word_1_269' title='bbox 448 2389 540 2452; x_wconf 89' lang='lat' dir='ltr'><strong>Unde</strong></span> <span class='ocrx_word' id='word_1_270' title='bbox 554 2389 587 2449; x_wconf 92' lang='lat' dir='ltr'><strong>in</strong></span> <span class='ocrx_word' id='word_1_271' title='bbox 600 2391 797 2466; x_wconf 85' lang='lat' dir='ltr'><strong>Evangelio:</strong></span> <span class='ocrx_word' id='word_1_272' title='bbox 813 2394 892 2452; x_wconf 86' lang='lat' dir='ltr'><strong>Nisi</strong></span> <span class='ocrx_word' id='word_1_273' title='bbox 903 2395 1085 2456; x_wconf 71' lang='lat' dir='ltr'><strong>nmndnco»</strong></span> <span class='ocrx_word' id='word_1_274' title='bbox 1139 2391 1247 2452; x_wconf 87' lang='lat' dir='ltr'><strong>malis.</strong></span> <span class='ocrx_word' id='word_1_275' title='bbox 1276 2391 1316 2452; x_wconf 92' lang='lat' dir='ltr'><strong>Et</strong></span> <span class='ocrx_word' id='word_1_276' title='bbox 1343 2389 1429 2451; x_wconf 88' lang='lat' dir='ltr'><strong>sicut</strong></span> <span class='ocrx_word' id='word_1_277' title='bbox 1455 2389 1536 2450; x_wconf 92' lang='lat' dir='ltr'><strong>dicit</strong></span> <span class='ocrx_word' id='word_1_278' title='bbox 1564 2389 1685 2450; x_wconf 88' lang='lat' dir='ltr'><strong>Beatus</strong></span> <span class='ocrx_word' id='word_1_279' title='bbox 1718 2388 1945 2464; x_wconf 81' lang='lat' dir='ltr'><strong>Gregorius:</strong></span> 
     </span>
     <span class='ocr_line' id='line_1_23' title="bbox 290 2484 1943 2564; baseline 0 -18"><span class='ocrx_word' id='word_1_280' title='bbox 290 2487 413 2548; x_wconf 82' lang='lat' dir='ltr'><strong>neritia</strong></span> <span class='ocrx_word' id='word_1_281' title='bbox 437 2501 580 2548; x_wconf 79' lang='lat' dir='ltr'><strong>carnem</strong></span> <span class='ocrx_word' id='word_1_282' title='bbox 602 2490 682 2548; x_wconf 78' lang='lat' dir='ltr'><strong>Fidi</strong></span> <span class='ocrx_word' id='word_1_283' title='bbox 704 2491 851 2550; x_wconf 77' lang='lat' dir='ltr'><strong>nmnints</strong></span> <span class='ocrx_word' id='word_1_284' title='bbox 878 2489 912 2549; x_wconf 85' lang='lat' dir='ltr'><strong>ei</strong></span> <span class='ocrx_word' id='word_1_285' title='bbox 931 2491 1085 2552; x_wconf 83' lang='lat' dir='ltr'><strong>biberitis</strong></span> <span class='ocrx_word' id='word_1_286' title='bbox 1139 2491 1281 2548; x_wconf 75' lang='lat' dir='ltr'><strong>«Pauca</strong></span> <span class='ocrx_word' id='word_1_287' title='bbox 1297 2487 1374 2548; x_wconf 91' lang='lat' dir='ltr'><strong>sunt</strong></span> <span class='ocrx_word' id='word_1_288' title='bbox 1387 2502 1491 2562; x_wconf 90' lang='lat' dir='ltr'><strong>grana</strong></span> <span class='ocrx_word' id='word_1_289' title='bbox 1509 2502 1582 2564; x_wconf 87' lang='lat' dir='ltr'><strong>quae</strong></span> <span class='ocrx_word' id='word_1_290' title='bbox 1594 2484 1725 2548; x_wconf 84' lang='lat' dir='ltr'><strong>horreis</strong></span> <span class='ocrx_word' id='word_1_291' title='bbox 1746 2485 1943 2556; x_wconf 84' lang='lat' dir='ltr'><strong>serrantur,</strong></span> 
     </span>
     <span class='ocr_line' id='line_1_24' title="bbox 222 2581 1943 2659; baseline -0.002 -15"><span class='ocrx_word' id='word_1_292' title='bbox 222 2589 225 2596; x_wconf 86' lang='lat'>&#39;</span> <span class='ocrx_word' id='word_1_293' title='bbox 299 2586 375 2656; x_wconf 65' lang='lat' dir='ltr'><strong>nus</strong></span> <span class='ocrx_word' id='word_1_294' title='bbox 392 2586 612 2658; x_wconf 73' lang='lat' dir='ltr'><strong>sanquinem,</strong></span> <span class='ocrx_word' id='word_1_295' title='bbox 641 2597 711 2646; x_wconf 87' lang='lat' dir='ltr'><strong>non</strong></span> <span class='ocrx_word' id='word_1_296' title='bbox 730 2585 893 2647; x_wconf 80' lang='lat' dir='ltr'><strong>babebitis</strong></span> <span class='ocrx_word' id='word_1_297' title='bbox 916 2585 1026 2648; x_wconf 85' lang='lat' dir='ltr'><strong>ettam</strong></span> <span class='ocrx_word' id='word_1_298' title='bbox 1048 2589 1085 2649; x_wconf 86' lang='lat' dir='ltr'><strong>in</strong></span> <span class='ocrx_word' id='word_1_299' title='bbox 1139 2585 1172 2646; x_wconf 89' lang='lat' dir='ltr'><strong>et</strong></span> <span class='ocrx_word' id='word_1_300' title='bbox 1185 2583 1444 2645; x_wconf 87' lang='lat' dir='ltr'><strong>innumerabiles</strong></span> <span class='ocrx_word' id='word_1_301' title='bbox 1464 2583 1541 2644; x_wconf 90' lang='lat' dir='ltr'><strong>sunt</strong></span> <span class='ocrx_word' id='word_1_302' title='bbox 1552 2583 1664 2644; x_wconf 84' lang='lat' dir='ltr'><strong>acervi</strong></span> <span class='ocrx_word' id='word_1_303' title='bbox 1680 2581 1865 2659; x_wconf 83' lang='lat' dir='ltr'><strong>palearum,</strong></span> <span class='ocrx_word' id='word_1_304' title='bbox 1879 2582 1943 2659; x_wconf 88' lang='lat' dir='ltr'><strong>qui</strong></span> 
     </span>
     <span class='ocr_line' id='line_1_25' title="bbox 290 2678 1943 2761; baseline -0.001 -21"><span class='ocrx_word' id='word_1_305' title='bbox 290 2682 384 2742; x_wconf 78' lang='lat' dir='ltr'><strong>cobis</strong></span> <span class='ocrx_word' id='word_1_306' title='bbox 397 2678 508 2758; x_wconf 81' lang='lat' dir='ltr'><strong>(ioan.</strong></span> <span class='ocrx_word' id='word_1_307' title='bbox 521 2695 566 2753; x_wconf 82' lang='lat' dir='ltr'><strong>vr,</strong></span> <span class='ocrx_word' id='word_1_308' title='bbox 582 2679 648 2761; x_wconf 86' lang='lat'><strong>33).</strong></span> <span class='ocrx_word' id='word_1_309' title='bbox 1138 2680 1271 2758; x_wconf 80' lang='lat' dir='ltr'><strong>ignibus</strong></span> <span class='ocrx_word' id='word_1_310' title='bbox 1290 2679 1537 2742; x_wconf 86' lang='lat' dir='ltr'><strong>comburuntur.</strong></span> <span class='ocrx_word' id='word_1_311' title='bbox 1553 2695 1572 2740; x_wconf 77' lang='lat'><strong>&gt;</strong></span> <span class='ocrx_word' id='word_1_312' title='bbox 1591 2679 1692 2751; x_wconf 89' lang='lat' dir='ltr'><strong>Quasi</strong></span> <span class='ocrx_word' id='word_1_313' title='bbox 1706 2678 1813 2740; x_wconf 90' lang='lat' dir='ltr'><strong>dicat:</strong></span> <span class='ocrx_word' id='word_1_314' title='bbox 1830 2679 1943 2740; x_wconf 85' lang='lat' dir='ltr'><strong>Pauci</strong></span> 
     </span>
    </p>

    <p class='ocr_par' dir='ltr' id='par_1_3' title="bbox 258 2775 1940 5666">
     <span class='ocr_line' id='line_1_26' title="bbox 330 2775 1939 2858; baseline -0.002 -20"><span class='ocrx_word' id='word_1_315' title='bbox 330 2779 437 2855; x_wconf 85' lang='lat' dir='ltr'><strong>Super</strong></span> <span class='ocrx_word' id='word_1_316' title='bbox 461 2777 548 2838; x_wconf 85' lang='lat' dir='ltr'><strong>banc</strong></span> <span class='ocrx_word' id='word_1_317' title='bbox 570 2777 691 2840; x_wconf 89' lang='lat' dir='ltr'><strong>nubem</strong></span> <span class='ocrx_word' id='word_1_318' title='bbox 717 2778 875 2840; x_wconf 89' lang='lat' dir='ltr'><strong>Dominus</strong></span> <span class='ocrx_word' id='word_1_319' title='bbox 901 2779 1083 2858; x_wconf 83' lang='lat' dir='ltr'><strong>apparebit,</strong></span> <span class='ocrx_word' id='word_1_320' title='bbox 1139 2779 1216 2840; x_wconf 89' lang='lat' dir='ltr'><strong>sunt</strong></span> <span class='ocrx_word' id='word_1_321' title='bbox 1227 2777 1305 2839; x_wconf 90' lang='lat' dir='ltr'><strong>boni</strong></span> <span class='ocrx_word' id='word_1_322' title='bbox 1320 2777 1376 2855; x_wconf 89' lang='lat' dir='ltr'><strong>qui</strong></span> <span class='ocrx_word' id='word_1_323' title='bbox 1391 2775 1604 2838; x_wconf 87' lang='lat' dir='ltr'><strong>assumentur</strong></span> <span class='ocrx_word' id='word_1_324' title='bbox 1616 2776 1658 2837; x_wconf 88' lang='lat' dir='ltr'><strong>ad</strong></span> <span class='ocrx_word' id='word_1_325' title='bbox 1672 2791 1822 2852; x_wconf 89' lang='lat' dir='ltr'><strong>regnum,</strong></span> <span class='ocrx_word' id='word_1_326' title='bbox 1839 2775 1939 2836; x_wconf 89' lang='lat' dir='ltr'><strong>multi</strong></span> 
     </span>
     <span class='ocr_line' id='line_1_27' title="bbox 290 2872 1939 2954; baseline -0.001 -20"><span class='ocrx_word' id='word_1_327' title='bbox 290 2873 386 2945; x_wconf 87' lang='lat' dir='ltr'><strong>idest,</strong></span> <span class='ocrx_word' id='word_1_328' title='bbox 403 2889 503 2950; x_wconf 88' lang='lat' dir='ltr'><strong>super</strong></span> <span class='ocrx_word' id='word_1_329' title='bbox 516 2874 709 2948; x_wconf 88' lang='lat' dir='ltr'><strong>Ecclesiam,</strong></span> <span class='ocrx_word' id='word_1_330' title='bbox 726 2877 804 2952; x_wconf 91' lang='lat' dir='ltr'><strong>quia</strong></span> <span class='ocrx_word' id='word_1_331' title='bbox 819 2875 905 2938; x_wconf 90' lang='lat' dir='ltr'><strong>sicut</strong></span> <span class='ocrx_word' id='word_1_332' title='bbox 921 2877 1020 2954; x_wconf 87' lang='lat' dir='ltr'><strong>caput</strong></span> <span class='ocrx_word' id='word_1_333' title='bbox 1035 2880 1086 2941; x_wconf 90' lang='grc' dir='ltr'><strong>θεῖ</strong></span> <span class='ocrx_word' id='word_1_334' title='bbox 1140 2875 1215 2936; x_wconf 86' lang='lat' dir='ltr'><strong>sunt</strong></span> <span class='ocrx_word' id='word_1_335' title='bbox 1233 2874 1312 2937; x_wconf 91' lang='lat' dir='ltr'><strong>mali</strong></span> <span class='ocrx_word' id='word_1_336' title='bbox 1327 2875 1383 2951; x_wconf 88' lang='lat' dir='ltr'><strong>qui</strong></span> <span class='ocrx_word' id='word_1_337' title='bbox 1398 2872 1632 2936; x_wconf 89' lang='lat' dir='ltr'><strong>comburentur</strong></span> <span class='ocrx_word' id='word_1_338' title='bbox 1649 2873 1685 2934; x_wconf 92' lang='lat' dir='ltr'><strong>in</strong></span> <span class='ocrx_word' id='word_1_339' title='bbox 1703 2873 1814 2949; x_wconf 80' lang='lat' dir='ltr'><strong>ignem</strong></span> <span class='ocrx_word' id='word_1_340' title='bbox 1832 2873 1939 2934; x_wconf 87' lang='lat' dir='ltr'><strong>aeter-</strong></span> 
     </span>
     <span class='ocr_line' id='line_1_28' title="bbox 289 2969 1936 3051; baseline -0.001 -19"><span class='ocrx_word' id='word_1_341' title='bbox 289 2985 390 3046; x_wconf 82' lang='lat' dir='ltr'><strong>eupra</strong></span> <span class='ocrx_word' id='word_1_342' title='bbox 405 2971 553 3046; x_wconf 91' lang='lat' dir='ltr'><strong>corporis</strong></span> <span class='ocrx_word' id='word_1_343' title='bbox 566 2971 724 3044; x_wconf 88' lang='lat' dir='ltr'><strong>membra,</strong></span> <span class='ocrx_word' id='word_1_344' title='bbox 735 2973 782 3032; x_wconf 89' lang='lat' dir='ltr'><strong>ita</strong></span> <span class='ocrx_word' id='word_1_345' title='bbox 792 2973 827 3032; x_wconf 93' lang='lat' dir='ltr'><strong>in</strong></span> <span class='ocrx_word' id='word_1_346' title='bbox 839 2971 949 3034; x_wconf 84' lang='lat' dir='ltr'><strong>futuro</strong></span> <span class='ocrx_word' id='word_1_347' title='bbox 958 2974 1085 3051; x_wconf 89' lang='lat' dir='ltr'><strong>judicio</strong></span> <span class='ocrx_word' id='word_1_348' title='bbox 1139 2989 1228 3034; x_wconf 91' lang='lat' dir='ltr'><strong>num.</strong></span> <span class='ocrx_word' id='word_1_349' title='bbox 1241 2971 1354 3033; x_wconf 87' lang='lat' dir='ltr'><strong>Nubes</strong></span> <span class='ocrx_word' id='word_1_350' title='bbox 1367 2970 1476 3034; x_wconf 88' lang='lat' dir='ltr'><strong>lucida</strong></span> <span class='ocrx_word' id='word_1_351' title='bbox 1489 2970 1539 3033; x_wconf 90' lang='lat' dir='ltr'><strong>est</strong></span> <span class='ocrx_word' id='word_1_352' title='bbox 1551 2970 1693 3032; x_wconf 88' lang='lat' dir='ltr'><strong>coelestis</strong></span> <span class='ocrx_word' id='word_1_353' title='bbox 1706 2969 1800 3045; x_wconf 91' lang='lat' dir='ltr'><strong>regni</strong></span> <span class='ocrx_word' id='word_1_354' title='bbox 1812 2969 1936 3044; x_wconf 88' lang='lat' dir='ltr'><strong>gloria,</strong></span> 
     </span>
     <span class='ocr_line' id='line_1_29' title="bbox 289 3064 1940 3147; baseline -0.001 -20"><span class='ocrx_word' id='word_1_355' title='bbox 289 3067 417 3127; x_wconf 88' lang='lat' dir='ltr'><strong>cunctis</strong></span> <span class='ocrx_word' id='word_1_356' title='bbox 431 3065 618 3128; x_wconf 86' lang='lat' dir='ltr'><strong>videntibus</strong></span> <span class='ocrx_word' id='word_1_357' title='bbox 637 3067 787 3128; x_wconf 83' lang='lat' dir='ltr'><strong>Christus</strong></span> <span class='ocrx_word' id='word_1_358' title='bbox 801 3068 973 3145; x_wconf 88' lang='lat' dir='ltr'><strong>apparebit</strong></span> <span class='ocrx_word' id='word_1_359' title='bbox 986 3083 1087 3146; x_wconf 90' lang='lat' dir='ltr'><strong>super</strong></span> <span class='ocrx_word' id='word_1_360' title='bbox 1140 3085 1213 3147; x_wconf 88' lang='lat' dir='ltr'><strong>quae</strong></span> <span class='ocrx_word' id='word_1_361' title='bbox 1231 3069 1306 3130; x_wconf 87' lang='lat' dir='ltr'><strong>ideo</strong></span> <span class='ocrx_word' id='word_1_362' title='bbox 1324 3069 1445 3130; x_wconf 89' lang='lat' dir='ltr'><strong>dicitur</strong></span> <span class='ocrx_word' id='word_1_363' title='bbox 1460 3068 1564 3128; x_wconf 91' lang='lat' dir='ltr'><strong>nubes</strong></span> <span class='ocrx_word' id='word_1_364' title='bbox 1579 3068 1656 3145; x_wconf 91' lang='lat' dir='ltr'><strong>quia</strong></span> <span class='ocrx_word' id='word_1_365' title='bbox 1670 3067 1780 3144; x_wconf 91' lang='lat' dir='ltr'><strong>portat</strong></span> <span class='ocrx_word' id='word_1_366' title='bbox 1792 3064 1940 3143; x_wconf 77' lang='lat' dir='ltr'><strong>refrige-</strong></span> 
     </span>
     <span class='ocr_line' id='line_1_30' title="bbox 289 3162 1937 3242; baseline -0.001 -16"><span class='ocrx_word' id='word_1_367' title='bbox 289 3163 482 3226; x_wconf 86' lang='lat' dir='ltr'><strong>Ecclesiam.</strong></span> <span class='ocrx_word' id='word_1_368' title='bbox 500 3163 594 3225; x_wconf 88' lang='lat' dir='ltr'><strong>Unde</strong></span> <span class='ocrx_word' id='word_1_369' title='bbox 608 3163 712 3224; x_wconf 86' lang='lat' dir='ltr'><strong>isaias</strong></span> <span class='ocrx_word' id='word_1_370' title='bbox 730 3184 737 3224; x_wconf 73' lang='grc' dir='ltr'><strong>ι</strong></span> <span class='ocrx_word' id='word_1_371' title='bbox 752 3167 840 3226; x_wconf 85' lang='lat' dir='ltr'><strong>Ecce</strong></span> <span class='ocrx_word' id='word_1_372' title='bbox 858 3167 953 3226; x_wconf 84' lang='lat' dir='ltr'><strong>venti</strong></span> <span class='ocrx_word' id='word_1_373' title='bbox 965 3169 1086 3228; x_wconf 86' lang='lat' dir='ltr'><strong>Domi-</strong></span> <span class='ocrx_word' id='word_1_374' title='bbox 1138 3167 1226 3227; x_wconf 89' lang='lat' dir='ltr'><strong>rium</strong></span> <span class='ocrx_word' id='word_1_375' title='bbox 1247 3163 1552 3227; x_wconf 86' lang='lat' dir='ltr'><strong>atribulationibus</strong></span> <span class='ocrx_word' id='word_1_376' title='bbox 1573 3164 1673 3242; x_wconf 74' lang='lat' dir='ltr'><strong>buius</strong></span> <span class='ocrx_word' id='word_1_377' title='bbox 1698 3162 1831 3239; x_wconf 86' lang='lat' dir='ltr'><strong>mundi;</strong></span> <span class='ocrx_word' id='word_1_378' title='bbox 1851 3167 1937 3238; x_wconf 84' lang='lat' dir='ltr'><strong>quta</strong></span> 
     </span>
     <span class='ocr_line' id='line_1_31' title="bbox 288 3261 1937 3338; baseline 0 -16"><span class='ocrx_word' id='word_1_379' title='bbox 288 3275 355 3322; x_wconf 83' lang='lat' dir='ltr'><strong>nus</strong></span> <span class='ocrx_word' id='word_1_380' title='bbox 366 3275 444 3321; x_wconf 87' lang='lat' dir='ltr'><strong>cum</strong></span> <span class='ocrx_word' id='word_1_381' title='bbox 459 3263 603 3322; x_wconf 78' lang='lat' dir='ltr'><strong>Senibus</strong></span> <span class='ocrx_word' id='word_1_382' title='bbox 615 3263 730 3334; x_wconf 88' lang='lat' dir='ltr'><strong>popuii</strong></span> <span class='ocrx_word' id='word_1_383' title='bbox 742 3263 808 3332; x_wconf 82' lang='lat' dir='ltr'><strong>sui,</strong></span> <span class='ocrx_word' id='word_1_384' title='bbox 826 3261 859 3322; x_wconf 91' lang='lat' dir='ltr'><strong>et</strong></span> <span class='ocrx_word' id='word_1_385' title='bbox 871 3265 1085 3338; x_wconf 78' lang='lat' dir='ltr'><strong>pnaciptbus</strong></span> <span class='ocrx_word' id='word_1_386' title='bbox 1138 3263 1256 3325; x_wconf 75' lang='lat' dir='ltr'><strong>nauita</strong></span> <span class='ocrx_word' id='word_1_387' title='bbox 1269 3263 1351 3324; x_wconf 85' lang='lat' dir='ltr'><strong>suni</strong></span> <span class='ocrx_word' id='word_1_388' title='bbox 1365 3262 1601 3324; x_wconf 64' lang='lat' dir='ltr'><strong>inculcationes</strong></span> <span class='ocrx_word' id='word_1_389' title='bbox 1610 3261 1801 3334; x_wconf 69' lang='lat' dir='ltr'><strong>jactorum,</strong></span> <span class='ocrx_word' id='word_1_390' title='bbox 1816 3263 1877 3322; x_wconf 85' lang='lat' dir='ltr'><strong>scd</strong></span> <span class='ocrx_word' id='word_1_391' title='bbox 1891 3263 1937 3322; x_wconf 84' lang='lat' dir='ltr'><strong>de</strong></span> 
     </span>
     <span class='ocr_line' id='line_1_32' title="bbox 289 3355 1934 3439; baseline 0 -21"><span class='ocrx_word' id='word_1_392' title='bbox 289 3361 364 3430; x_wconf 68' lang='lat' dir='ltr'><strong>nus</strong></span> <span class='ocrx_word' id='word_1_393' title='bbox 377 3360 634 3430; x_wconf 70' lang='lat' dir='ltr'><strong>adjudicandos</strong></span> <span class='ocrx_word' id='word_1_394' title='bbox 648 3360 772 3432; x_wconf 83' lang='lat' dir='ltr'><strong>impios</strong></span> <span class='ocrx_word' id='word_1_395' title='bbox 784 3360 839 3439; x_wconf 79' lang='lat' dir='ltr'><strong>(Is.</strong></span> <span class='ocrx_word' id='word_1_396' title='bbox 851 3373 901 3431; x_wconf 90' lang='lat'><strong>111,</strong></span> <span class='ocrx_word' id='word_1_397' title='bbox 915 3357 978 3438; x_wconf 85' lang='grc'>14).</span> <span class='ocrx_word' id='word_1_398' title='bbox 991 3360 1085 3422; x_wconf 90' lang='lat' dir='ltr'><strong>Unde</strong></span> <span class='ocrx_word' id='word_1_399' title='bbox 1137 3364 1191 3424; x_wconf 79' lang='lat' dir='ltr'><strong>bis</strong></span> <span class='ocrx_word' id='word_1_400' title='bbox 1205 3363 1360 3422; x_wconf 82' lang='lat' dir='ltr'><strong>munibus</strong></span> <span class='ocrx_word' id='word_1_401' title='bbox 1373 3359 1529 3420; x_wconf 79' lang='lat' dir='ltr'><strong>liberabit</strong></span> <span class='ocrx_word' id='word_1_402' title='bbox 1542 3373 1600 3420; x_wconf 84' lang='lat' dir='ltr'><strong>cos</strong></span> <span class='ocrx_word' id='word_1_403' title='bbox 1613 3361 1781 3420; x_wconf 67' lang='lat' dir='ltr'><strong>Dormnus</strong></span> <span class='ocrx_word' id='word_1_404' title='bbox 1795 3355 1868 3436; x_wconf 87' lang='grc' dir='ltr'>(Ρε.</span> <span class='ocrx_word' id='word_1_405' title='bbox 1878 3357 1934 3430; x_wconf 88' lang='grc'><strong>33,</strong></span> 
     </span>
     <span class='ocr_line' id='line_1_33' title="bbox 287 3454 1935 3536; baseline 0 -20"><span class='ocrx_word' id='word_1_406' title='bbox 287 3454 487 3531; x_wconf 77' lang='lat' dir='ltr'><strong>Apostolus:</strong></span> <span class='ocrx_word' id='word_1_407' title='bbox 509 3460 588 3530; x_wconf 84' lang='lat' dir='ltr'><strong>lpse</strong></span> <span class='ocrx_word' id='word_1_408' title='bbox 609 3455 712 3530; x_wconf 89' lang='lat' dir='ltr'><strong>caput</strong></span> <span class='ocrx_word' id='word_1_409' title='bbox 734 3459 889 3530; x_wconf 83' lang='lat' dir='ltr'><strong>corporis</strong></span> <span class='ocrx_word' id='word_1_410' title='bbox 913 3461 1081 3531; x_wconf 67' lang='lat' dir='ltr'><strong>Ecclesiae,</strong></span> <span class='ocrx_word' id='word_1_411' title='bbox 1137 3457 1202 3536; x_wconf 75' lang='lat'><strong>20).</strong></span> <span class='ocrx_word' id='word_1_412' title='bbox 1219 3457 1312 3519; x_wconf 87' lang='lat' dir='ltr'><strong>Unde</strong></span> <span class='ocrx_word' id='word_1_413' title='bbox 1325 3455 1427 3517; x_wconf 78' lang='lat' dir='ltr'><strong>David</strong></span> <span class='ocrx_word' id='word_1_414' title='bbox 1443 3476 1450 3514; x_wconf 91' lang='lat'><strong>:</strong></span> <span class='ocrx_word' id='word_1_415' title='bbox 1466 3457 1660 3518; x_wconf 85' lang='lat' dir='ltr'><strong>Secundum</strong></span> <span class='ocrx_word' id='word_1_416' title='bbox 1674 3455 1935 3516; x_wconf 75' lang='lat' dir='ltr'><strong>mcditbcdinem</strong></span> 
     </span>
     <span class='ocr_line' id='line_1_34' title="bbox 258 3553 1934 3631; baseline -0.001 -17"><span class='ocrx_word' id='word_1_417' title='bbox 258 3619 260 3624; x_wconf 68' lang='grc'>,</span> <span class='ocrx_word' id='word_1_418' title='bbox 287 3555 630 3628; x_wconf 79' lang='lat' dir='ltr'><strong>quiesipiincipium</strong></span> <span class='ocrx_word' id='word_1_419' title='bbox 649 3553 682 3615; x_wconf 90' lang='lat' dir='ltr'><strong>et</strong></span> <span class='ocrx_word' id='word_1_420' title='bbox 698 3556 954 3631; x_wconf 76' lang='lat' dir='ltr'><strong>primogenitus</strong></span> <span class='ocrx_word' id='word_1_421' title='bbox 972 3557 1084 3617; x_wconf 85' lang='lat' dir='ltr'><strong>omnis</strong></span> <span class='ocrx_word' id='word_1_422' title='bbox 1137 3558 1293 3617; x_wconf 73' lang='lat' dir='ltr'><strong>doiorum</strong></span> <span class='ocrx_word' id='word_1_423' title='bbox 1316 3566 1473 3614; x_wconf 75' lang='lat' dir='ltr'><strong>numum</strong></span> <span class='ocrx_word' id='word_1_424' title='bbox 1494 3555 1535 3618; x_wconf 86' lang='lat' dir='ltr'><strong>tn¹</strong></span> <span class='ocrx_word' id='word_1_425' title='bbox 1549 3555 1651 3614; x_wconf 81' lang='lat' dir='ltr'><strong>corde</strong></span> <span class='ocrx_word' id='word_1_426' title='bbox 1668 3565 1756 3624; x_wconf 83' lang='lat' dir='ltr'><strong>meo,</strong></span> <span class='ocrx_word' id='word_1_427' title='bbox 1776 3555 1934 3612; x_wconf 74' lang='lat' dir='ltr'><strong>cunma-</strong></span> 
     </span>
     <span class='ocr_line' id='line_1_35' title="bbox 286 3648 1933 3730; baseline -0.001 -19"><span class='ocrx_word' id='word_1_428' title='bbox 286 3651 461 3712; x_wconf 80' lang='lat' dir='ltr'><strong>creatunoe</strong></span> <span class='ocrx_word' id='word_1_429' title='bbox 482 3649 621 3730; x_wconf 81' lang='lat' dir='ltr'><strong>(coloss.</strong></span> <span class='ocrx_word' id='word_1_430' title='bbox 638 3666 661 3720; x_wconf 89' lang='lat'><strong>1,</strong></span> <span class='ocrx_word' id='word_1_431' title='bbox 678 3651 739 3723; x_wconf 82' lang='lat'><strong>15).</strong></span> <span class='ocrx_word' id='word_1_432' title='bbox 759 3650 798 3711; x_wconf 93' lang='lat' dir='ltr'><strong>Et</strong></span> <span class='ocrx_word' id='word_1_433' title='bbox 810 3651 844 3712; x_wconf 91' lang='lat' dir='ltr'><strong>in</strong></span> <span class='ocrx_word' id='word_1_434' title='bbox 858 3651 1057 3729; x_wconf 78' lang='lat' dir='ltr'><strong>Apocalypsi</strong></span> <span class='ocrx_word' id='word_1_435' title='bbox 1074 3669 1082 3708; x_wconf 76' lang='grc' dir='ltr'>ε</span> <span class='ocrx_word' id='word_1_436' title='bbox 1139 3651 1334 3722; x_wconf 82' lang='lat' dir='ltr'><strong>iionesiuae,</strong></span> <span class='ocrx_word' id='word_1_437' title='bbox 1344 3653 1499 3722; x_wconf 72' lang='lat' dir='ltr'><strong>bonine,</strong></span> <span class='ocrx_word' id='word_1_438' title='bbox 1510 3648 1933 3721; x_wconf 72' lang='lat' dir='ltr'><strong>ioetidcaocmntantmmn</strong></span> 
     </span>
     <span class='ocr_line' id='line_1_36' title="bbox 292 3743 1507 3826; baseline -0.002 -18"><span class='ocrx_word' id='word_1_439' title='bbox 292 3751 366 3808; x_wconf 84' lang='lat' dir='ltr'><strong>Vidi</strong></span> <span class='ocrx_word' id='word_1_440' title='bbox 390 3747 552 3810; x_wconf 82' lang='lat' dir='ltr'><strong>ibronnne</strong></span> <span class='ocrx_word' id='word_1_441' title='bbox 581 3761 747 3823; x_wconf 75' lang='lat' dir='ltr'><strong>magnum</strong></span> <span class='ocrx_word' id='word_1_442' title='bbox 775 3749 809 3808; x_wconf 90' lang='lat' dir='ltr'><strong>et</strong></span> <span class='ocrx_word' id='word_1_443' title='bbox 831 3751 1025 3822; x_wconf 84' lang='lat' dir='ltr'><strong>candidum,</strong></span> <span class='ocrx_word' id='word_1_444' title='bbox 1050 3750 1085 3811; x_wconf 86' lang='lat' dir='ltr'><strong>et</strong></span> <span class='ocrx_word' id='word_1_445' title='bbox 1138 3743 1426 3826; x_wconf 65' lang='lat' dir='ltr'><strong>meomilbidee,</strong></span> <span class='ocrx_word' id='word_1_446' title='bbox 1443 3744 1507 3825; x_wconf 87' lang='grc'>19).</span> 
     </span>
     <span class='ocr_line' id='line_1_37' title="bbox 285 3841 1931 3921; baseline -0.002 -15"><span class='ocrx_word' id='word_1_447' title='bbox 285 3845 461 3907; x_wconf 84' lang='lat' dir='ltr'><strong>sedentem</strong></span> <span class='ocrx_word' id='word_1_448' title='bbox 482 3859 589 3918; x_wconf 83' lang='lat' dir='ltr'><strong>super</strong></span> <span class='ocrx_word' id='word_1_449' title='bbox 611 3859 707 3917; x_wconf 85' lang='lat' dir='ltr'><strong>eum,</strong></span> <span class='ocrx_word' id='word_1_450' title='bbox 734 3859 757 3906; x_wconf 89' lang='lat' dir='ltr'><strong>a</strong></span> <span class='ocrx_word' id='word_1_451' title='bbox 780 3847 879 3917; x_wconf 70' lang='lat' dir='ltr'><strong>cnjus</strong></span> <span class='ocrx_word' id='word_1_452' title='bbox 903 3847 1084 3920; x_wconf 72' lang='lat' dir='ltr'><strong>compectu</strong></span> <span class='ocrx_word' id='word_1_453' title='bbox 1176 3845 1304 3906; x_wconf 85' lang='lat' dir='ltr'><strong>Dicitur</strong></span> <span class='ocrx_word' id='word_1_454' title='bbox 1318 3843 1427 3905; x_wconf 88' lang='lat' dir='ltr'><strong>lucida</strong></span> <span class='ocrx_word' id='word_1_455' title='bbox 1444 3843 1521 3921; x_wconf 89' lang='lat' dir='ltr'><strong>quia</strong></span> <span class='ocrx_word' id='word_1_456' title='bbox 1535 3841 1724 3904; x_wconf 87' lang='lat' dir='ltr'><strong>illuminat:</strong></span> <span class='ocrx_word' id='word_1_457' title='bbox 1740 3841 1824 3914; x_wconf 88' lang='lat' dir='ltr'><strong>Quia</strong></span> <span class='ocrx_word' id='word_1_458' title='bbox 1846 3843 1931 3903; x_wconf 89' lang='lat' dir='ltr'><strong>sicut</strong></span> 
     </span>
     <span class='ocr_line' id='line_1_38' title="bbox 285 3938 1930 4020; baseline -0.001 -17"><span class='ocrx_word' id='word_1_459' title='bbox 285 3943 375 4017; x_wconf 71' lang='lat' dir='ltr'><strong>lingit</strong></span> <span class='ocrx_word' id='word_1_460' title='bbox 394 3944 492 4003; x_wconf 81' lang='lat' dir='ltr'><strong>terra</strong></span> <span class='ocrx_word' id='word_1_461' title='bbox 506 3943 539 4003; x_wconf 91' lang='lat' dir='ltr'><strong>ei</strong></span> <span class='ocrx_word' id='word_1_462' title='bbox 553 3947 674 4003; x_wconf 85' lang='lat' dir='ltr'><strong>coetum</strong></span> <span class='ocrx_word' id='word_1_463' title='bbox 690 3939 804 4020; x_wconf 88' lang='lat' dir='ltr'><strong>(Apoc.</strong></span> <span class='ocrx_word' id='word_1_464' title='bbox 822 3955 879 4012; x_wconf 79' lang='lat' dir='ltr'><strong>xx,</strong></span> <span class='ocrx_word' id='word_1_465' title='bbox 895 3940 958 4017; x_wconf 85' lang='lat'><strong>11).</strong></span> <span class='ocrx_word' id='word_1_466' title='bbox 972 3942 1082 4002; x_wconf 84' lang='lat' dir='ltr'><strong>Thro-</strong></span> <span class='ocrx_word' id='word_1_467' title='bbox 1138 3942 1187 4002; x_wconf 86' lang='lat' dir='ltr'><strong>sol</strong></span> <span class='ocrx_word' id='word_1_468' title='bbox 1210 3941 1377 4002; x_wconf 89' lang='lat' dir='ltr'><strong>illuminat</strong></span> <span class='ocrx_word' id='word_1_469' title='bbox 1399 3939 1497 4008; x_wconf 91' lang='lat' dir='ltr'><strong>diem,</strong></span> <span class='ocrx_word' id='word_1_470' title='bbox 1514 3940 1547 4002; x_wconf 92' lang='lat' dir='ltr'><strong>et</strong></span> <span class='ocrx_word' id='word_1_471' title='bbox 1563 3939 1643 4001; x_wconf 91' lang='lat' dir='ltr'><strong>luna</strong></span> <span class='ocrx_word' id='word_1_472' title='bbox 1664 3938 1831 4002; x_wconf 89' lang='lat' dir='ltr'><strong>illuminat</strong></span> <span class='ocrx_word' id='word_1_473' title='bbox 1850 3953 1930 4001; x_wconf 92' lang='lat' dir='ltr'><strong>noc-</strong></span> 
     </span>
     <span class='ocr_line' id='line_1_39' title="bbox 286 4035 1930 4114; baseline -0.001 -14"><span class='ocrx_word' id='word_1_474' title='bbox 286 4055 350 4100; x_wconf 91' lang='lat' dir='ltr'><strong>nus</strong></span> <span class='ocrx_word' id='word_1_475' title='bbox 388 4055 529 4114; x_wconf 89' lang='lat' dir='ltr'><strong>magnus</strong></span> <span class='ocrx_word' id='word_1_476' title='bbox 561 4040 595 4100; x_wconf 86' lang='lat' dir='ltr'><strong>et</strong></span> <span class='ocrx_word' id='word_1_477' title='bbox 634 4037 795 4099; x_wconf 90' lang='lat' dir='ltr'><strong>candidus</strong></span> <span class='ocrx_word' id='word_1_478' title='bbox 834 4038 884 4099; x_wconf 90' lang='lat' dir='ltr'><strong>est</strong></span> <span class='ocrx_word' id='word_1_479' title='bbox 921 4039 1081 4101; x_wconf 88' lang='lat' dir='ltr'><strong>Ecclesia.</strong></span> <span class='ocrx_word' id='word_1_480' title='bbox 1137 4039 1217 4110; x_wconf 91' lang='lat' dir='ltr'><strong>tem,</strong></span> <span class='ocrx_word' id='word_1_481' title='bbox 1245 4038 1292 4099; x_wconf 90' lang='lat' dir='ltr'><strong>ita</strong></span> <span class='ocrx_word' id='word_1_482' title='bbox 1324 4037 1431 4114; x_wconf 90' lang='lat' dir='ltr'><strong>gloria</strong></span> <span class='ocrx_word' id='word_1_483' title='bbox 1460 4035 1603 4099; x_wconf 89' lang='lat' dir='ltr'><strong>coelestis</strong></span> <span class='ocrx_word' id='word_1_484' title='bbox 1637 4036 1732 4113; x_wconf 89' lang='lat' dir='ltr'><strong>regni</strong></span> <span class='ocrx_word' id='word_1_485' title='bbox 1766 4036 1930 4098; x_wconf 88' lang='lat' dir='ltr'><strong>illuminat</strong></span> 
     </span>
     <span class='ocr_line' id='line_1_40' title="bbox 286 4132 1929 4213; baseline -0.001 -18"><span class='ocrx_word' id='word_1_486' title='bbox 286 4137 427 4209; x_wconf 89' lang='lat' dir='ltr'><strong>Magnus</strong></span> <span class='ocrx_word' id='word_1_487' title='bbox 442 4136 576 4210; x_wconf 88' lang='lat' dir='ltr'><strong>propter</strong></span> <span class='ocrx_word' id='word_1_488' title='bbox 586 4135 791 4210; x_wconf 86' lang='lat' dir='ltr'><strong>dignitatem,</strong></span> <span class='ocrx_word' id='word_1_489' title='bbox 809 4134 968 4194; x_wconf 88' lang='lat' dir='ltr'><strong>candidus</strong></span> <span class='ocrx_word' id='word_1_490' title='bbox 984 4151 1084 4213; x_wconf 95' lang='lat' dir='ltr'><strong>prop-</strong></span> <span class='ocrx_word' id='word_1_491' title='bbox 1137 4136 1250 4197; x_wconf 88' lang='lat' dir='ltr'><strong>oculos</strong></span> <span class='ocrx_word' id='word_1_492' title='bbox 1273 4135 1421 4196; x_wconf 87' lang='lat' dir='ltr'><strong>cordium</strong></span> <span class='ocrx_word' id='word_1_493' title='bbox 1452 4132 1609 4194; x_wconf 83' lang='lat' dir='ltr'><strong>fidelium.</strong></span> <span class='ocrx_word' id='word_1_494' title='bbox 1640 4133 1722 4195; x_wconf 85' lang='lat' dir='ltr'><strong>Item</strong></span> <span class='ocrx_word' id='word_1_495' title='bbox 1751 4133 1802 4194; x_wconf 85' lang='lat' dir='ltr'><strong>est</strong></span> <span class='ocrx_word' id='word_1_496' title='bbox 1827 4133 1929 4194; x_wconf 87' lang='lat' dir='ltr'><strong>nubes</strong></span> 
     </span>
     <span class='ocr_line' id='line_1_41' title="bbox 285 4229 1928 4308; baseline -0.001 -15"><span class='ocrx_word' id='word_1_497' title='bbox 285 4233 338 4293; x_wconf 89' lang='lat' dir='ltr'><strong>ter</strong></span> <span class='ocrx_word' id='word_1_498' title='bbox 360 4231 585 4302; x_wconf 85' lang='lat' dir='ltr'><strong>sanctitatem,</strong></span> <span class='ocrx_word' id='word_1_499' title='bbox 611 4231 690 4306; x_wconf 89' lang='lat' dir='ltr'><strong>quia</strong></span> <span class='ocrx_word' id='word_1_500' title='bbox 713 4231 777 4292; x_wconf 87' lang='lat' dir='ltr'><strong>erit</strong></span> <span class='ocrx_word' id='word_1_501' title='bbox 800 4229 871 4291; x_wconf 89' lang='lat' dir='ltr'><strong>sine</strong></span> <span class='ocrx_word' id='word_1_502' title='bbox 897 4232 1024 4293; x_wconf 91' lang='lat' dir='ltr'><strong>malitia</strong></span> <span class='ocrx_word' id='word_1_503' title='bbox 1051 4234 1083 4296; x_wconf 90' lang='lat' dir='ltr'><strong>et</strong></span> <span class='ocrx_word' id='word_1_504' title='bbox 1137 4233 1246 4294; x_wconf 90' lang='lat' dir='ltr'><strong>lucida</strong></span> <span class='ocrx_word' id='word_1_505' title='bbox 1267 4248 1340 4308; x_wconf 87' lang='lat' dir='ltr'><strong>quae</strong></span> <span class='ocrx_word' id='word_1_506' title='bbox 1355 4231 1435 4292; x_wconf 88' lang='lat' dir='ltr'><strong>solis</strong></span> <span class='ocrx_word' id='word_1_507' title='bbox 1449 4229 1681 4292; x_wconf 83' lang='lat' dir='ltr'><strong>formationem</strong></span> <span class='ocrx_word' id='word_1_508' title='bbox 1699 4230 1869 4306; x_wconf 85' lang='lat' dir='ltr'><strong>praecessit</strong></span> <span class='ocrx_word' id='word_1_509' title='bbox 1888 4230 1928 4291; x_wconf 89' lang='lat' dir='ltr'><strong>de</strong></span> 
     </span>
     <span class='ocr_line' id='line_1_42' title="bbox 286 4319 1927 4407; baseline 0 -19"><span class='ocrx_word' id='word_1_510' title='bbox 286 4327 360 4388; x_wconf 91' lang='lat' dir='ltr'><strong>sine</strong></span> <span class='ocrx_word' id='word_1_511' title='bbox 383 4326 569 4403; x_wconf 89' lang='lat' dir='ltr'><strong>iniquitate.</strong></span> <span class='ocrx_word' id='word_1_512' title='bbox 596 4328 633 4387; x_wconf 91' lang='lat' dir='ltr'><strong>In</strong></span> <span class='ocrx_word' id='word_1_513' title='bbox 660 4326 725 4388; x_wconf 91' lang='lat' dir='ltr'><strong>isto</strong></span> <span class='ocrx_word' id='word_1_514' title='bbox 758 4327 878 4388; x_wconf 90' lang='lat' dir='ltr'><strong>throno</strong></span> <span class='ocrx_word' id='word_1_515' title='bbox 904 4343 1023 4405; x_wconf 90' lang='lat' dir='ltr'><strong>magno</strong></span> <span class='ocrx_word' id='word_1_516' title='bbox 1050 4331 1083 4394; x_wconf 91' lang='lat' dir='ltr'><strong>et</strong></span> <span class='ocrx_word' id='word_1_517' title='bbox 1137 4345 1201 4407; x_wconf 88' lang='lat' dir='ltr'><strong>qua</strong></span> <span class='ocrx_word' id='word_1_518' title='bbox 1236 4329 1358 4390; x_wconf 90' lang='lat' dir='ltr'><strong>dicitur</strong></span> <span class='ocrx_word' id='word_1_519' title='bbox 1387 4326 1509 4389; x_wconf 83' lang='lat' dir='ltr'><strong>lactum</strong></span> <span class='ocrx_word' id='word_1_520' title='bbox 1532 4319 1664 4402; x_wconf 72' lang='lat' dir='ltr'><strong>vcorpus</strong></span> <span class='ocrx_word' id='word_1_521' title='bbox 1699 4327 1818 4388; x_wconf 89' lang='lat' dir='ltr'><strong>solare.</strong></span> <span class='ocrx_word' id='word_1_522' title='bbox 1851 4329 1927 4388; x_wconf 84' lang='lat' dir='ltr'><strong>Haec</strong></span> 
     </span>
     <span class='ocr_line' id='line_1_43' title="bbox 286 4421 1927 4503; baseline -0.001 -18"><span class='ocrx_word' id='word_1_523' title='bbox 286 4423 427 4485; x_wconf 90' lang='lat' dir='ltr'><strong>candido</strong></span> <span class='ocrx_word' id='word_1_524' title='bbox 452 4423 603 4484; x_wconf 86' lang='lat' dir='ltr'><strong>Christus</strong></span> <span class='ocrx_word' id='word_1_525' title='bbox 621 4421 757 4494; x_wconf 89' lang='lat' dir='ltr'><strong>sedebit,</strong></span> <span class='ocrx_word' id='word_1_526' title='bbox 775 4423 838 4484; x_wconf 88' lang='lat' dir='ltr'><strong>hoc</strong></span> <span class='ocrx_word' id='word_1_527' title='bbox 859 4425 909 4486; x_wconf 91' lang='lat' dir='ltr'><strong>est</strong></span> <span class='ocrx_word' id='word_1_528' title='bbox 931 4427 1083 4503; x_wconf 85' lang='lat' dir='ltr'><strong>regnabit</strong></span> <span class='ocrx_word' id='word_1_529' title='bbox 1136 4426 1240 4488; x_wconf 88' lang='lat' dir='ltr'><strong>nubes</strong></span> <span class='ocrx_word' id='word_1_530' title='bbox 1260 4423 1425 4500; x_wconf 83' lang='lat' dir='ltr'><strong>significat</strong></span> <span class='ocrx_word' id='word_1_531' title='bbox 1438 4439 1572 4485; x_wconf 85' lang='lat' dir='ltr'><strong>carnem</strong></span> <span class='ocrx_word' id='word_1_532' title='bbox 1590 4423 1696 4486; x_wconf 82' lang='lat' dir='ltr'><strong>beatae</strong></span> <span class='ocrx_word' id='word_1_533' title='bbox 1710 4423 1873 4498; x_wconf 89' lang='lat' dir='ltr'><strong>Virginis,</strong></span> <span class='ocrx_word' id='word_1_534' title='bbox 1887 4423 1927 4484; x_wconf 90' lang='lat' dir='ltr'><strong>do</strong></span> 
     </span>
     <span class='ocr_line' id='line_1_44' title="bbox 285 4519 1927 4602; baseline -0.001 -20"><span class='ocrx_word' id='word_1_535' title='bbox 285 4537 385 4598; x_wconf 86' lang='lat' dir='ltr'><strong>super</strong></span> <span class='ocrx_word' id='word_1_536' title='bbox 406 4520 597 4592; x_wconf 87' lang='lat' dir='ltr'><strong>Ecclesiam,</strong></span> <span class='ocrx_word' id='word_1_537' title='bbox 614 4520 650 4580; x_wconf 91' lang='lat' dir='ltr'><strong>in</strong></span> <span class='ocrx_word' id='word_1_538' title='bbox 673 4536 736 4597; x_wconf 91' lang='lat' dir='ltr'><strong>qua</strong></span> <span class='ocrx_word' id='word_1_539' title='bbox 758 4521 836 4582; x_wconf 90' lang='lat' dir='ltr'><strong>tunc</strong></span> <span class='ocrx_word' id='word_1_540' title='bbox 857 4523 1029 4599; x_wconf 87' lang='lat' dir='ltr'><strong>apparebit</strong></span> <span class='ocrx_word' id='word_1_541' title='bbox 1046 4525 1081 4584; x_wconf 92' lang='lat' dir='ltr'><strong>in</strong></span> <span class='ocrx_word' id='word_1_542' title='bbox 1136 4539 1200 4602; x_wconf 90' lang='lat' dir='ltr'><strong>qua</strong></span> <span class='ocrx_word' id='word_1_543' title='bbox 1224 4521 1329 4583; x_wconf 85' lang='lat' dir='ltr'><strong>factus</strong></span> <span class='ocrx_word' id='word_1_544' title='bbox 1353 4519 1416 4583; x_wconf 83' lang='lat' dir='ltr'><strong>luit</strong></span> <span class='ocrx_word' id='word_1_545' title='bbox 1440 4521 1489 4581; x_wconf 85' lang='lat' dir='ltr'><strong>sol</strong></span> <span class='ocrx_word' id='word_1_546' title='bbox 1512 4521 1663 4598; x_wconf 88' lang='lat' dir='ltr'><strong>justitiae,</strong></span> <span class='ocrx_word' id='word_1_547' title='bbox 1679 4520 1737 4598; x_wconf 92' lang='lat' dir='ltr'><strong>qui</strong></span> <span class='ocrx_word' id='word_1_548' title='bbox 1765 4519 1927 4582; x_wconf 90' lang='lat' dir='ltr'><strong>illuminat</strong></span> 
     </span>
     <span class='ocr_line' id='line_1_45' title="bbox 284 4616 1926 4696; baseline -0.002 -15"><span class='ocrx_word' id='word_1_549' title='bbox 284 4619 431 4696; x_wconf 85' lang='lat' dir='ltr'><strong>potentia</strong></span> <span class='ocrx_word' id='word_1_550' title='bbox 460 4633 529 4679; x_wconf 81' lang='lat' dir='ltr'><strong>suae</strong></span> <span class='ocrx_word' id='word_1_551' title='bbox 559 4618 758 4695; x_wconf 88' lang='lat' dir='ltr'><strong>majestatis.</strong></span> <span class='ocrx_word' id='word_1_552' title='bbox 794 4619 886 4682; x_wconf 91' lang='lat' dir='ltr'><strong>Sicut</strong></span> <span class='ocrx_word' id='word_1_553' title='bbox 917 4622 967 4682; x_wconf 90' lang='lat' dir='ltr'><strong>esi</strong></span> <span class='ocrx_word' id='word_1_554' title='bbox 998 4621 1080 4682; x_wconf 91' lang='lat' dir='ltr'><strong>illud</strong></span> <span class='ocrx_word' id='word_1_555' title='bbox 1136 4634 1266 4681; x_wconf 92' lang='lat' dir='ltr'><strong>omnem</strong></span> <span class='ocrx_word' id='word_1_556' title='bbox 1285 4617 1651 4679; x_wconf 78' lang='lat' dir='ltr'><strong>hominemvenientem</strong></span> <span class='ocrx_word' id='word_1_557' title='bbox 1669 4617 1706 4679; x_wconf 92' lang='lat' dir='ltr'><strong>in</strong></span> <span class='ocrx_word' id='word_1_558' title='bbox 1727 4616 1815 4677; x_wconf 91' lang='lat' dir='ltr'><strong>hunc</strong></span> <span class='ocrx_word' id='word_1_559' title='bbox 1834 4631 1926 4678; x_wconf 90' lang='lat' dir='ltr'><strong>mun-</strong></span> 
     </span>
     <span class='ocr_line' id='line_1_46' title="bbox 283 4714 1925 4798; baseline -0.002 -20"><span class='ocrx_word' id='word_1_560' title='bbox 283 4717 478 4798; x_wconf 87' lang='lat' dir='ltr'><strong>Evangelii:</strong></span> <span class='ocrx_word' id='word_1_561' title='bbox 495 4721 579 4778; x_wconf 85' lang='lat' dir='ltr'><strong>Cuni</strong></span> <span class='ocrx_word' id='word_1_562' title='bbox 596 4716 732 4777; x_wconf 79' lang='lat' dir='ltr'><strong>cenarit</strong></span> <span class='ocrx_word' id='word_1_563' title='bbox 752 4719 860 4778; x_wconf 73' lang='lat' dir='ltr'><strong>bilius</strong></span> <span class='ocrx_word' id='word_1_564' title='bbox 878 4721 1026 4780; x_wconf 80' lang='lat' dir='ltr'><strong>dominis</strong></span> <span class='ocrx_word' id='word_1_565' title='bbox 1043 4721 1081 4778; x_wconf 88' lang='lat' dir='ltr'><strong>in</strong></span> <span class='ocrx_word' id='word_1_566' title='bbox 1135 4718 1223 4778; x_wconf 92' lang='lat' dir='ltr'><strong>dum.</strong></span> <span class='ocrx_word' id='word_1_567' title='bbox 1245 4715 1337 4777; x_wconf 88' lang='lat' dir='ltr'><strong>Unde</strong></span> <span class='ocrx_word' id='word_1_568' title='bbox 1352 4715 1457 4776; x_wconf 87' lang='lat' dir='ltr'><strong>isaias</strong></span> <span class='ocrx_word' id='word_1_569' title='bbox 1474 4714 1658 4776; x_wconf 79' lang='lat' dir='ltr'><strong>:Ascendet</strong></span> <span class='ocrx_word' id='word_1_570' title='bbox 1683 4715 1850 4775; x_wconf 79' lang='lat' dir='ltr'><strong>Dominus</strong></span> <span class='ocrx_word' id='word_1_571' title='bbox 1868 4728 1925 4775; x_wconf 82' lang='lat' dir='ltr'><strong>su-</strong></span> 
     </span>
     <span class='ocr_line' id='line_1_47' title="bbox 282 4808 1925 4890; baseline -0.001 -16"><span class='ocrx_word' id='word_1_572' title='bbox 282 4815 465 4888; x_wconf 78' lang='lat' dir='ltr'><strong>rnqjesiate</strong></span> <span class='ocrx_word' id='word_1_573' title='bbox 487 4830 552 4875; x_wconf 84' lang='lat' dir='ltr'><strong>sua</strong></span> <span class='ocrx_word' id='word_1_574' title='bbox 576 4812 702 4883; x_wconf 81' lang='lat' dir='ltr'><strong>(blatth.</strong></span> <span class='ocrx_word' id='word_1_575' title='bbox 729 4829 810 4887; x_wconf 83' lang='lat' dir='ltr'><strong>xxv,</strong></span> <span class='ocrx_word' id='word_1_576' title='bbox 837 4815 902 4889; x_wconf 88' lang='grc'>31),</span> <span class='ocrx_word' id='word_1_577' title='bbox 931 4813 1017 4875; x_wconf 88' lang='lat' dir='ltr'><strong>idest</strong></span> <span class='ocrx_word' id='word_1_578' title='bbox 1044 4815 1080 4875; x_wconf 88' lang='lat' dir='ltr'><strong>in</strong></span> <span class='ocrx_word' id='word_1_579' title='bbox 1132 4829 1199 4888; x_wconf 83' lang='lat' dir='ltr'><strong>per</strong></span> <span class='ocrx_word' id='word_1_580' title='bbox 1211 4816 1335 4876; x_wconf 82' lang='lat' dir='ltr'><strong>nubem</strong></span> <span class='ocrx_word' id='word_1_581' title='bbox 1355 4817 1463 4874; x_wconf 86' lang='lat' dir='ltr'><strong>levem</strong></span> <span class='ocrx_word' id='word_1_582' title='bbox 1476 4808 1561 4890; x_wconf 77' lang='lat' dir='ltr'><strong>(xlx,</strong></span> <span class='ocrx_word' id='word_1_583' title='bbox 1579 4808 1624 4889; x_wconf 88' lang='lat'><strong>1),</strong></span> <span class='ocrx_word' id='word_1_584' title='bbox 1639 4809 1736 4882; x_wconf 89' lang='lat' dir='ltr'><strong>idest,</strong></span> <span class='ocrx_word' id='word_1_585' title='bbox 1752 4810 1925 4886; x_wconf 88' lang='lat' dir='ltr'><strong>assumpsit</strong></span> 
     </span>
     <span class='ocr_line' id='line_1_48' title="bbox 281 4905 1923 4990; baseline -0.004 -16"><span class='ocrx_word' id='word_1_586' title='bbox 281 4912 428 4990; x_wconf 92' lang='lat' dir='ltr'><strong>potentia</strong></span> <span class='ocrx_word' id='word_1_587' title='bbox 451 4928 519 4972; x_wconf 88' lang='lat' dir='ltr'><strong>suae</strong></span> <span class='ocrx_word' id='word_1_588' title='bbox 543 4910 737 4984; x_wconf 89' lang='lat' dir='ltr'><strong>divinitatis,</strong></span> <span class='ocrx_word' id='word_1_589' title='bbox 759 4912 792 4972; x_wconf 93' lang='lat' dir='ltr'><strong>et</strong></span> <span class='ocrx_word' id='word_1_590' title='bbox 814 4926 928 4972; x_wconf 90' lang='lat' dir='ltr'><strong>omnes</strong></span> <span class='ocrx_word' id='word_1_591' title='bbox 960 4910 1080 4987; x_wconf 85' lang='lat' dir='ltr'><strong>Angeli</strong></span> <span class='ocrx_word' id='word_1_592' title='bbox 1135 4925 1268 4971; x_wconf 91' lang='lat' dir='ltr'><strong>carnem</strong></span> <span class='ocrx_word' id='word_1_593' title='bbox 1292 4905 1333 4970; x_wconf 86' lang='lat' dir='ltr'><strong>ab</strong></span> <span class='ocrx_word' id='word_1_594' title='bbox 1355 4908 1445 4970; x_wconf 89' lang='lat' dir='ltr'><strong>omni</strong></span> <span class='ocrx_word' id='word_1_595' title='bbox 1469 4907 1613 4984; x_wconf 89' lang='lat' dir='ltr'><strong>pondere</strong></span> <span class='ocrx_word' id='word_1_596' title='bbox 1639 4907 1767 4985; x_wconf 87' lang='lat' dir='ltr'><strong>peccati</strong></span> <span class='ocrx_word' id='word_1_597' title='bbox 1793 4922 1923 4984; x_wconf 90' lang='lat' dir='ltr'><strong>prorsus</strong></span> 
     </span>
     <span class='ocr_line' id='line_1_49' title="bbox 282 5003 1920 5080; baseline -0.004 -9"><span class='ocrx_word' id='word_1_598' title='bbox 282 5026 357 5071; x_wconf 89' lang='lat' dir='ltr'><strong>cum</strong></span> <span class='ocrx_word' id='word_1_599' title='bbox 385 5025 436 5070; x_wconf 93' lang='lat' dir='ltr'><strong>eo.</strong></span> <span class='ocrx_word' id='word_1_600' title='bbox 461 5010 501 5070; x_wconf 94' lang='lat' dir='ltr'><strong>Et</strong></span> <span class='ocrx_word' id='word_1_601' title='bbox 526 5009 560 5068; x_wconf 91' lang='lat' dir='ltr'><strong>in</strong></span> <span class='ocrx_word' id='word_1_602' title='bbox 587 5009 719 5070; x_wconf 90' lang='lat' dir='ltr'><strong>Psalmo</strong></span> <span class='ocrx_word' id='word_1_603' title='bbox 742 5029 748 5068; x_wconf 91' lang='lat'><strong>:</strong></span> <span class='ocrx_word' id='word_1_604' title='bbox 771 5009 940 5070; x_wconf 75' lang='lat' dir='ltr'><strong>iudicabit</strong></span> <span class='ocrx_word' id='word_1_605' title='bbox 963 5011 1079 5070; x_wconf 84' lang='lat' dir='ltr'><strong>orbem</strong></span> <span class='ocrx_word' id='word_1_606' title='bbox 1134 5007 1323 5078; x_wconf 89' lang='lat' dir='ltr'><strong>immunem,</strong></span> <span class='ocrx_word' id='word_1_607' title='bbox 1345 5006 1379 5067; x_wconf 88' lang='lat' dir='ltr'><strong>et</strong></span> <span class='ocrx_word' id='word_1_608' title='bbox 1401 5006 1450 5066; x_wconf 91' lang='lat' dir='ltr'><strong>sic</strong></span> <span class='ocrx_word' id='word_1_609' title='bbox 1468 5004 1605 5066; x_wconf 88' lang='lat' dir='ltr'><strong>intravit</strong></span> <span class='ocrx_word' id='word_1_610' title='bbox 1625 5003 1815 5080; x_wconf 85' lang='lat' dir='ltr'><strong>AEgyptum,</strong></span> <span class='ocrx_word' id='word_1_611' title='bbox 1831 5003 1920 5076; x_wconf 86' lang='lat' dir='ltr'><strong>idest,</strong></span> 
     </span>
     <span class='ocr_line' id='line_1_50' title="bbox 282 5099 1921 5180; baseline -0.005 -12"><span class='ocrx_word' id='word_1_612' title='bbox 282 5109 390 5170; x_wconf 76' lang='lat' dir='ltr'><strong>terroe</strong></span> <span class='ocrx_word' id='word_1_613' title='bbox 408 5107 613 5178; x_wconf 78' lang='lat' dir='ltr'><strong>injustitia,</strong></span> <span class='ocrx_word' id='word_1_614' title='bbox 639 5107 673 5167; x_wconf 88' lang='lat' dir='ltr'><strong>et</strong></span> <span class='ocrx_word' id='word_1_615' title='bbox 691 5110 835 5180; x_wconf 73' lang='lat' dir='ltr'><strong>popedon</strong></span> <span class='ocrx_word' id='word_1_616' title='bbox 859 5109 895 5165; x_wconf 90' lang='lat' dir='ltr'><strong>in</strong></span> <span class='ocrx_word' id='word_1_617' title='bbox 918 5106 1080 5179; x_wconf 85' lang='lat' dir='ltr'><strong>oeqniioie</strong></span> <span class='ocrx_word' id='word_1_618' title='bbox 1134 5104 1272 5166; x_wconf 88' lang='lat' dir='ltr'><strong>venitin</strong></span> <span class='ocrx_word' id='word_1_619' title='bbox 1288 5101 1456 5164; x_wconf 89' lang='lat' dir='ltr'><strong>mundum.</strong></span> <span class='ocrx_word' id='word_1_620' title='bbox 1474 5103 1561 5163; x_wconf 80' lang='lat' dir='ltr'><strong>Cave</strong></span> <span class='ocrx_word' id='word_1_621' title='bbox 1579 5099 1650 5171; x_wconf 88' lang='lat' dir='ltr'><strong>tibi,</strong></span> <span class='ocrx_word' id='word_1_622' title='bbox 1673 5115 1716 5160; x_wconf 91' lang='lat' dir='ltr'><strong>ne</strong></span> <span class='ocrx_word' id='word_1_623' title='bbox 1736 5115 1811 5161; x_wconf 90' lang='lat' dir='ltr'><strong>cum</strong></span> <span class='ocrx_word' id='word_1_624' title='bbox 1832 5099 1921 5160; x_wconf 87' lang='lat' dir='ltr'><strong>audis</strong></span> 
     </span>
     <span class='ocr_line' id='line_1_51' title="bbox 282 5196 1923 5280; baseline -0.004 -16"><span class='ocrx_word' id='word_1_625' title='bbox 282 5202 348 5275; x_wconf 89' lang='grc' dir='ltr'>(Ρε.</span> <span class='ocrx_word' id='word_1_626' title='bbox 372 5205 402 5275; x_wconf 89' lang='grc'><strong>9,</strong></span> <span class='ocrx_word' id='word_1_627' title='bbox 419 5202 460 5275; x_wconf 88' lang='grc'><strong>9),</strong></span> <span class='ocrx_word' id='word_1_628' title='bbox 477 5219 497 5263; x_wconf 92' lang='lat' dir='ltr'><strong>a</strong></span> <span class='ocrx_word' id='word_1_629' title='bbox 517 5205 612 5279; x_wconf 91' lang='lat' dir='ltr'><strong>cujus</strong></span> <span class='ocrx_word' id='word_1_630' title='bbox 633 5203 811 5278; x_wconf 88' lang='lat' dir='ltr'><strong>conspectu</strong></span> <span class='ocrx_word' id='word_1_631' title='bbox 832 5200 916 5276; x_wconf 82' lang='lat' dir='ltr'><strong>fugit</strong></span> <span class='ocrx_word' id='word_1_632' title='bbox 939 5202 1027 5264; x_wconf 88' lang='lat' dir='ltr'><strong>terra</strong></span> <span class='ocrx_word' id='word_1_633' title='bbox 1048 5202 1080 5263; x_wconf 89' lang='lat' dir='ltr'><strong>et</strong></span> <span class='ocrx_word' id='word_1_634' title='bbox 1134 5202 1220 5280; x_wconf 88' lang='lat' dir='ltr'><strong>quod</strong></span> <span class='ocrx_word' id='word_1_635' title='bbox 1242 5199 1391 5262; x_wconf 89' lang='lat' dir='ltr'><strong>ascendit</strong></span> <span class='ocrx_word' id='word_1_636' title='bbox 1404 5198 1563 5260; x_wconf 84' lang='lat' dir='ltr'><strong>Dominus</strong></span> <span class='ocrx_word' id='word_1_637' title='bbox 1584 5196 1703 5258; x_wconf 89' lang='lat' dir='ltr'><strong>nubem</strong></span> <span class='ocrx_word' id='word_1_638' title='bbox 1719 5197 1837 5269; x_wconf 86' lang='lat' dir='ltr'><strong>levem,</strong></span> <span class='ocrx_word' id='word_1_639' title='bbox 1852 5213 1923 5257; x_wconf 85' lang='lat' dir='ltr'><strong>sus-</strong></span> 
     </span>
     <span class='ocr_line' id='line_1_52' title="bbox 282 5293 1922 5377; baseline -0.004 -16"><span class='ocrx_word' id='word_1_640' title='bbox 282 5301 412 5362; x_wconf 90' lang='lat' dir='ltr'><strong>ooelum.</strong></span> <span class='ocrx_word' id='word_1_641' title='bbox 435 5300 519 5371; x_wconf 87' lang='lat' dir='ltr'><strong>Quia</strong></span> <span class='ocrx_word' id='word_1_642' title='bbox 537 5301 602 5360; x_wconf 89' lang='lat' dir='ltr'><strong>ista</strong></span> <span class='ocrx_word' id='word_1_643' title='bbox 624 5299 688 5360; x_wconf 90' lang='lat' dir='ltr'><strong>duo</strong></span> <span class='ocrx_word' id='word_1_644' title='bbox 709 5298 873 5360; x_wconf 91' lang='lat' dir='ltr'><strong>elementa</strong></span> <span class='ocrx_word' id='word_1_645' title='bbox 892 5300 1077 5360; x_wconf 89' lang='lat' dir='ltr'><strong>commuta·</strong></span> <span class='ocrx_word' id='word_1_646' title='bbox 1134 5298 1255 5377; x_wconf 88' lang='lat' dir='ltr'><strong>piceris</strong></span> <span class='ocrx_word' id='word_1_647' title='bbox 1267 5299 1300 5360; x_wconf 91' lang='lat' dir='ltr'><strong>et</strong></span> <span class='ocrx_word' id='word_1_648' title='bbox 1314 5297 1429 5358; x_wconf 91' lang='lat' dir='ltr'><strong>credas</strong></span> <span class='ocrx_word' id='word_1_649' title='bbox 1445 5295 1531 5373; x_wconf 91' lang='lat' dir='ltr'><strong>quod</strong></span> <span class='ocrx_word' id='word_1_650' title='bbox 1543 5311 1610 5355; x_wconf 89' lang='lat' dir='ltr'><strong>non</strong></span> <span class='ocrx_word' id='word_1_651' title='bbox 1623 5293 1840 5370; x_wconf 85' lang='lat' dir='ltr'><strong>assumpserit</strong></span> <span class='ocrx_word' id='word_1_652' title='bbox 1852 5309 1922 5355; x_wconf 90' lang='lat' dir='ltr'><strong>car-</strong></span> 
     </span>
     <span class='ocr_line' id='line_1_53' title="bbox 282 5389 1920 5474; baseline -0.004 -15"><span class='ocrx_word' id='word_1_653' title='bbox 282 5398 404 5460; x_wconf 90' lang='lat' dir='ltr'><strong>buntur</strong></span> <span class='ocrx_word' id='word_1_654' title='bbox 419 5412 479 5474; x_wconf 88' lang='lat' dir='ltr'><strong>per</strong></span> <span class='ocrx_word' id='word_1_655' title='bbox 493 5396 600 5474; x_wconf 91' lang='lat' dir='ltr'><strong>ipsum</strong></span> <span class='ocrx_word' id='word_1_656' title='bbox 618 5397 652 5456; x_wconf 93' lang='lat' dir='ltr'><strong>in</strong></span> <span class='ocrx_word' id='word_1_657' title='bbox 667 5396 796 5469; x_wconf 91' lang='lat' dir='ltr'><strong>melius,</strong></span> <span class='ocrx_word' id='word_1_658' title='bbox 813 5395 899 5456; x_wconf 90' lang='lat' dir='ltr'><strong>sicut</strong></span> <span class='ocrx_word' id='word_1_659' title='bbox 913 5393 984 5472; x_wconf 90' lang='lat' dir='ltr'><strong>ipse</strong></span> <span class='ocrx_word' id='word_1_660' title='bbox 998 5395 1079 5458; x_wconf 88' lang='lat' dir='ltr'><strong>dicit</strong></span> <span class='ocrx_word' id='word_1_661' title='bbox 1133 5413 1208 5458; x_wconf 92' lang='lat' dir='ltr'><strong>nem</strong></span> <span class='ocrx_word' id='word_1_662' title='bbox 1223 5395 1408 5456; x_wconf 89' lang='lat' dir='ltr'><strong>naturalem</strong></span> <span class='ocrx_word' id='word_1_663' title='bbox 1421 5392 1454 5454; x_wconf 91' lang='lat' dir='ltr'><strong>et</strong></span> <span class='ocrx_word' id='word_1_664' title='bbox 1467 5408 1592 5465; x_wconf 82' lang='lat' dir='ltr'><strong>veram,</strong></span> <span class='ocrx_word' id='word_1_665' title='bbox 1605 5392 1662 5453; x_wconf 88' lang='lat' dir='ltr'><strong>sed</strong></span> <span class='ocrx_word' id='word_1_666' title='bbox 1673 5389 1877 5452; x_wconf 88' lang='lat' dir='ltr'><strong>umbratilem</strong></span> <span class='ocrx_word' id='word_1_667' title='bbox 1891 5392 1920 5453; x_wconf 92' lang='lat' dir='ltr'><strong>et</strong></span> 
     </span>
     <span class='ocr_line' id='line_1_54' title="bbox 280 5487 1916 5573; baseline -0.005 -17"><span class='ocrx_word' id='word_1_668' title='bbox 280 5511 340 5573; x_wconf 89' lang='lat' dir='ltr'><strong>per</strong></span> <span class='ocrx_word' id='word_1_669' title='bbox 354 5494 475 5556; x_wconf 86' lang='lat' dir='ltr'><strong>lsniam</strong></span> <span class='ocrx_word' id='word_1_670' title='bbox 490 5514 497 5553; x_wconf 79' lang='lat' dir='ltr'><strong><em>z</em></strong></span> <span class='ocrx_word' id='word_1_671' title='bbox 513 5497 600 5556; x_wconf 87' lang='lat' dir='ltr'><strong>Ecce</strong></span> <span class='ocrx_word' id='word_1_672' title='bbox 622 5507 682 5569; x_wconf 81' lang='lat' dir='ltr'><strong>eqo</strong></span> <span class='ocrx_word' id='word_1_673' title='bbox 707 5508 787 5555; x_wconf 82' lang='lat' dir='ltr'><strong>creo</strong></span> <span class='ocrx_word' id='word_1_674' title='bbox 805 5498 906 5556; x_wconf 80' lang='lat' dir='ltr'><strong>coelas</strong></span> <span class='ocrx_word' id='word_1_675' title='bbox 920 5507 1026 5555; x_wconf 86' lang='lat' dir='ltr'><strong>novos</strong></span> <span class='ocrx_word' id='word_1_676' title='bbox 1044 5496 1078 5556; x_wconf 90' lang='lat' dir='ltr'><strong>ei</strong></span> <span class='ocrx_word' id='word_1_677' title='bbox 1133 5493 1353 5555; x_wconf 81' lang='lat' dir='ltr'><strong>fantasticam.</strong></span> <span class='ocrx_word' id='word_1_678' title='bbox 1369 5489 1462 5550; x_wconf 88' lang='lat' dir='ltr'><strong>Absit</strong></span> <span class='ocrx_word' id='word_1_679' title='bbox 1476 5489 1540 5550; x_wconf 86' lang='lat' dir='ltr'><strong>lroc</strong></span> <span class='ocrx_word' id='word_1_680' title='bbox 1557 5489 1691 5550; x_wconf 91' lang='lat' dir='ltr'><strong>omnino</strong></span> <span class='ocrx_word' id='word_1_681' title='bbox 1701 5503 1721 5548; x_wconf 89' lang='lat' dir='ltr'><strong>a</strong></span> <span class='ocrx_word' id='word_1_682' title='bbox 1732 5487 1916 5548; x_wconf 86' lang='lat' dir='ltr'><strong>christiano.</strong></span> 
     </span>
     <span class='ocr_line' id='line_1_55' title="bbox 281 5583 1918 5666; baseline -0.004 -12"><span class='ocrx_word' id='word_1_683' title='bbox 281 5594 416 5654; x_wconf 81' lang='lat' dir='ltr'><strong>terram</strong></span> <span class='ocrx_word' id='word_1_684' title='bbox 433 5605 576 5663; x_wconf 71' lang='lat' dir='ltr'><strong>clocam,</strong></span> <span class='ocrx_word' id='word_1_685' title='bbox 597 5591 631 5652; x_wconf 90' lang='lat' dir='ltr'><strong>et</strong></span> <span class='ocrx_word' id='word_1_686' title='bbox 651 5606 720 5652; x_wconf 91' lang='lat' dir='ltr'><strong>non</strong></span> <span class='ocrx_word' id='word_1_687' title='bbox 739 5591 843 5654; x_wconf 79' lang='lat' dir='ltr'><strong>erunt</strong></span> <span class='ocrx_word' id='word_1_688' title='bbox 857 5593 893 5652; x_wconf 88' lang='lat' dir='ltr'><strong>in</strong></span> <span class='ocrx_word' id='word_1_689' title='bbox 907 5595 1078 5654; x_wconf 86' lang='lat' dir='ltr'><strong>memoria</strong></span> <span class='ocrx_word' id='word_1_690' title='bbox 1133 5589 1360 5652; x_wconf 81' lang='lat' dir='ltr'><strong>confundatur</strong></span> <span class='ocrx_word' id='word_1_691' title='bbox 1375 5587 1408 5648; x_wconf 90' lang='lat' dir='ltr'><strong>et</strong></span> <span class='ocrx_word' id='word_1_692' title='bbox 1424 5586 1538 5664; x_wconf 87' lang='lat' dir='ltr'><strong>pereat</strong></span> <span class='ocrx_word' id='word_1_693' title='bbox 1559 5585 1757 5666; x_wconf 90' lang='lat' dir='ltr'><strong>quicumque</strong></span> <span class='ocrx_word' id='word_1_694' title='bbox 1775 5583 1838 5647; x_wconf 90' lang='lat' dir='ltr'><strong>hoc</strong></span> <span class='ocrx_word' id='word_1_695' title='bbox 1852 5599 1918 5648; x_wconf 88' lang='lat' dir='ltr'><strong>cro·</strong></span> 
     </span>
    </p>
   </div>
   <div class='ocr_carea' id='block_1_3' title="bbox 0 0 2042 6420">
    <p class='ocr_par' dir='ltr' id='par_1_4' title="bbox 0 0 2042 6420">
     <span class='ocr_line' id='line_1_56' title="bbox 0 0 2042 6420; baseline 0 5"><span class='ocrx_word' id='word_1_696' title='bbox 0 0 2042 6420; x_wconf 95' lang='lat' dir='ltr'><strong> </strong></span> 
     </span>
    </p>
   </div>
  </div>
 </body>
</html>
