4084 6428
301 230 363 290 903
768 225 944 289 nouom}
965 225 1011 289 Ill
1032 227 1179 289 OPERA.
1195 257 1236 273 -
1251 227 1484 292 SERMONES.
1906 229 1970 291 sol
2021 175 2022 202 ¹

303 406 372 468 prae
407 385 617 450 multitudine
646 383 786 462 piscium
817 385 889 447 rete
921 385 1097 463 rumpitur,
1154 387 1234 448 tunc
1256 391 1317 461 est,
1335 403 1437 466 quum
1461 387 1568 465 ipsam
1583 387 1656 464 jam
1675 385 1865 448 claritatem
1888 387 1970 447 'l'ri-

303 487 381 566 quia
403 501 491 546 nunc
505 484 547 546 ad
562 481 802 544 confessionem
821 482 896 544 ildei
909 483 1009 545 etiam
1024 499 1099 545 cum
1154 484 1268 546 nitatis
1292 485 1515 562 agnoscimus,
1538 499 1637 561 quam
1660 483 1696 544 in
1718 483 1850 544 unitate
1875 483 1968 544 diri-

302 585 416 647 electis
425 581 558 660 reprobi
567 580 651 643 tanti
661 580 798 648 intrent,
809 581 844 643 ut
854 581 959 659 ipsam
970 596 1101 659 quoque
1154 581 1267 643 uitatis
1282 599 1358 643 esse
1375 583 1502 644 certum
1524 581 1686 642 tenemus.
1708 581 1966 658 Quinquaginta

213 737 218 746 .
302 682 485 745 Ecclesiam
499 677 683 740 haeresibus
707 677 870 740 scindant.
887 680 925 740 ln
939 679 1004 740 ista
1019 694 1099 741 vero
1154 678 1300 740 etenum
1313 681 1538 750 terducimus,
1551 677 1778 740 etelectorum
1791 694 1965 739 summam

301 779 486 858 piscatione
501 775 595 838 multi
610 776 717 853 pisces
732 775 765 837 et
779 777 892 852 magni
909 775 1096 854 cupiuntur,
1153 777 1188 837 in
1215 792 1360 852 superna
1384 777 1492 853 patria
1515 776 1612 853 quasi
1635 776 1767 838 centum
1789 777 1966 853 quinqua-

299 881 336 941 et
346 879 417 940 rete
430 892 496 938 non
511 874 691 951 rumpitur3
705 873 783 949 quia
793 875 908 936 sancta
918 876 1098 936 electorum
1153 873 1246 950 ginta
1260 877 1329 935 tres
1343 874 1482 951 piscium
1498 889 1672 934 numerum
1688 875 1853 935 tenemus.

301 973 450 1039 Ecclesia
471 970 679 1034 incontinua
700 971 847 1033 auctoris
868 972 920 1034 sui
941 987 1022 1050 pace
1043 988 1099 1033 re-
1193 973 1273 1032 Post
1281 971 1560 1032 resurrectionem
1572 987 1654 1032 vem
1667 971 1799 1033 Domini
1815 971 1962 1031 missum

302 1073 488 1152 quiescens,
511 1068 612 1131 nullis
629 1070 701 1146 jam
723 1066 981 1130 dissentionibus
1007 1069 1099 1131 dila·
1152 1069 1225 1130 rete
1237 1068 1372 1143 dignum
1387 1068 1450 1130 luit
1463 1069 1500 1130 ut
1522 1069 1571 1129 toi
1589 1068 1698 1144 pisces
1710 1069 1860 1144 caperet,
1879 1069 1963 1145 quot

301 1172 424 1234 ulatur.
1153 1165 1357 1226 solummodo
1381 1166 1504 1226 electos
1530 1165 1624 1226 cives
1650 1181 1806 1242 supernas
1832 1167 1960 1242 patrie

339 1266 514 1332 Miserunt
545 1263 638 1326 retia
671 1263 805 1337 etjam
840 1279 910 1328 mon
941 1265 1100 1327 emebant
1152 1263 1351 1339 designaret.
1379 1264 1426 1326 nt
1447 1278 1527 1324 cum
1553 1264 1645 1325 tamt
1661 1263 1786 1335 essent,
1812 1277 1888 1324 non
1910 1265 1962 1324 est

300 1369 441 1430 tradere
455 1379 535 1440 prce
552 1363 770 1424 multitudine
781 1365 941 1437 pisctum.
965 1364 1098 1438 Afferte
1151 1362 1297 1422 scissum
1314 1361 1390 1422 rete
1406 1359 1515 1439 (ioan.
1532 1375 1603 1432 ιιι,
1620 1358 1685 1439 11).
1701 1359 1836 1438 Adjecit
1846 1363 1962 1422 Evan-

297 1469 340 1528 ctc
367 1464 518 1539 piscibus
543 1474 627 1534 quos
654 1460 880 1534 proniorem
903 1475 1005 1521 cunc.
1031 1463 1099 1521 As·
1152 1457 1270 1532 gelista
1291 1473 1362 1519 rem
1390 1458 1615 1520 necessariam
1643 1456 1784 1518 dicens:
1806 1460 1855 1519 Et
1878 1475 1960 1520 cum

298 1560 411 1624 cendit
440 1562 574 1628 Simon,
602 1556 636 1618 et
662 1556 775 1617 treett
799 1557 875 1618 rete
899 1561 937 1618 m
963 1558 1098 1619 terram
1153 1555 1377 1627 tantiessent,
1392 1555 1542 1616 siretam
1557 1555 1680 1631 magni,
1697 1555 1786 1618 sicut
1797 1557 1960 1633 superius

296 1663 435 1733 pienum
469 1656 606 1729 maenis
635 1655 788 1724 pemeus
825 1654 963 1714 centum
997 1658 1099 1728 qum-
1151 1651 1393 1727 dicitpsemm
1405 1656 1543 1730 mopere
1554 1655 1706 1726 pisceus
1719 1653 1856 1715 nonest
1870 1658 1960 1714 scis-

298 1751 465 1830 quaptnta
500 1751 610 1812 imum
646 1746 754 1826 (Joau.
789 1765 865 1821 xxr,
901 1753 936 1823 6,
971 1750 1035 1830 11).
1069 1755 1097 1813 A
1150 1763 1228 1808 sum
1242 1749 1449 1822 rete:idest,
1467 1750 1578 1826 magui
1592 1751 1697 1822 eram,
1715 1750 1773 1812 sed
1790 1750 1956 1812 intereos

298 1865 418 1928 magno
448 1846 605 1925 mysterio
629 1861 787 1907 numerus
813 1861 880 1908 non
905 1849 1012 1920 vacat,
1039 1849 1095 1910 sed
1151 1843 1296 1906 haereses
1312 1861 1379 1908 non
1398 1848 1504 1908 erant.
1521 1847 1561 1910 ut
1574 1847 1653 1908 ideo
1674 1847 1782 1924 magis
1805 1847 1957 1911 haereses

297 1949 442 2012 intentos
481 1960 542 2006 nos
580 1943 666 2005 tanti
705 1943 853 2020 mysterii
889 1945 1096 2021 profunditas
1151 1957 1217 2003 non
1232 1943 1337 2015 erant,
1353 1943 1430 2020 quia
1446 1945 1558 2020 magni
1574 1945 1679 2006 erunt.

296 2044 459 2123 expectat.
476 2044 592 2119 Neque
610 2041 698 2102 enim
718 2041 913 2117 quantitatis
934 2059 1096 2104 summam
1190 2041 1319 2102 Mittite
1333 2043 1564 2104 inductorem
1576 2041 1955 2119 noviomacensem

297 2144 450 2207 sollerter
468 2139 680 2215 evangelista
694 2138 909 2214 exprimeret,
927 2140 1097 2202 nisibeno
1151 2137 1245 2214 quasi
1260 2136 1386 2198 diceret
1402 2151 1409 2198 τ’
1426 2138 1503 2214 quie
1524 2139 1631 2200 Judaei
1647 2138 1765 2200 nolunt
1780 2139 1955 2217 praedice-

296 2239 504 2304 sacramento
528 2237 660 2314 plenam
680 2251 755 2297 esse
773 2236 969 2313 judicasset.
996 2238 1096 2300 Scitis
1150 2235 1273 2296 tionem
1293 2235 1473 2312 suscipere,
1501 2236 1734 2298 convertimini
1755 2237 1798 2298 ad
1822 2240 1953 2314 gentes,

295 2354 441 2416 namque
463 2335 548 2414 quod
570 2335 605 2395 in
623 2334 833 2395 'testamento
853 2335 970 2407 veteri,
987 2336 1102 2397 omnis¹
1149 2333 1182 2394 et
1194 2332 1228 2392 in
1244 2333 1293 2394 eis
1308 2333 1489 2408 expandite
1500 2335 1570 2395 rete
1588 2333 1839 2411 praedicationis
1854 2339 1889 2396 et
1901 2336 1955 2396 in-

295 2435 445 2515 operatio
460 2448 520 2512 per
540 2431 696 2508 Decalogi
711 2431 866 2494 mandata
890 2433 1092 2511 precipitur.
1148 2429 1300 2502 venietis,
1321 2429 1418 2501 idest,
1436 2430 1530 2492 multi
1542 2433 1781 2494 convertentur
1793 2447 1838 2493 ex
1855 2433 1953 2510 ipsis.

295 2537 334 2598 ln
355 2549 442 2596 novo
465 2531 576 2594 autem
600 2530 748 2608 ejusdem
770 2531 974 2611 operationis
988 2531 1094 2593 virtus
1188 2527 1363 2589 Miserum
1377 2541 1463 2604 erpo
1478 2529 1564 2601 rete,
1579 2532 1695 2602 etjam
1709 2545 1779 2592 oon
1792 2531 1953 2592 volebant

295 2649 355 2712 per
383 2629 608 2707 septilormem
640 2627 783 2703 gratiam
813 2627 958 2704 Spiritus
987 2629 1095 2690 sancti
1148 2627 1228 2686 titud
1241 2625 1952 2702 irmerepraemmtttucmepsscmmuul-

294 2727 521 2806 multiplicatis
532 2724 685 2786 fidelibus
697 2725 805 2786 detur.
818 2725 920 2797 Quem
933 2725 1093 2803 propheta
1147 2722 1253 2784 titudo
1265 2721 1417 2799 piscium,
1439 2721 1536 2796 idest,
1552 2723 1728 2786 multitudo
1743 2724 1895 2786 ddelium
1910 2742 1950 2786 ex

294 2827 493 2890 denuntians
520 2823 631 2884 dicit:
656 2823 809 2897 sparetus
843 2823 1026 2896 saptentiae
1060 2824 1094 2884 et
1147 2818 1301 2895 gentibus
1315 2819 1525 2882 concluditur
1538 2821 1626 2883 intra
1645 2823 1718 2884 rete
1735 2823 1953 2899 praedicatio-

293 2925 494 2994 intellectus,
509 2921 656 2995 spiritus
670 2922 804 2980 constiti
816 2921 850 2980 et
864 2921 1091 2993 fortitudinis,
1148 2917 1210 2978 nis.
1229 2916 1292 2978 Sed
1307 2919 1379 2994 jam
1402 2933 1468 2978 non
1487 2917 1576 2980 valet
1596 2919 1684 2980 trabi
1707 2935 1776 2997 pres
1789 2921 1947 2981 multitu·

293 3021 440 3098 spiritus
468 3018 623 3080 sctcnttae
650 3018 684 3077 ct
706 3017 864 3091 pietatis,
890 3019 924 3078 et
948 3019 1094 3091 replevit
1148 3013 1378 3076 dinezMessis
1392 3019 1529 3089 quidem
1537 3017 1656 3088 mutto,
1669 3018 1949 3092 necromantem

294 3134 375 3182 eum
400 3116 546 3192 spiritus
570 3114 707 3174 tenoris
729 3115 870 3172 Dommt
894 3110 951 3190 (ls.
974 3129 1022 3186 ιι,
1045 3112 1091 3193 2).
1146 3113 1248 3185 pauet
1259 3110 1390 3189 (Matth.
1404 3127 1451 3184 ιι,
1465 3111 1530 3192 37).
1547 3115 1650 3175 Pauci
1660 3115 1738 3175 sunt
1749 3113 1946 3191 piscatores,

296 3215 360 3280 Sed
372 3215 428 3276 ille
440 3214 475 3275 in
486 3213 548 3273 hoc
561 3209 681 3287 spiritu
693 3209 921 3286 operationem
930 3211 1091 3288 praecipit,
1147 3209 1245 3284 pauci
1264 3209 1341 3270 sunt
1365 3209 1495 3286 praelati
1520 3209 1577 3288 qui
1602 3211 1740 3273 trahunt
1764 3211 1878 3289 pisces
1906 3212 1947 3273 ad

295 3330 369 3394 quae
381 3312 478 3373 tidem
493 3307 666 3370 Trinitatis
681 3307 843 3383 agnoscit,
860 3309 944 3369 utet
958 3309 1092 3371 Patrem
1146 3305 1282 3378 terram,
1296 3305 1392 3380 idest,
1414 3306 1527 3370 fideles
1549 3308 1590 3369 ed
1612 3308 1770 3370 aeternam
1790 3310 1947 3386 patriam,

293 3415 327 3475 et
347 3410 469 3474 Filium
493 3408 526 3470 et
549 3405 708 3482 Spiritum
730 3405 880 3467 sanctum
901 3405 1001 3466 unius
1022 3407 1094 3469 vir·
1147 3403 1224 3480 quia
1241 3405 1351 3480 potius
1377 3407 1531 3482 quaeruut
1551 3421 1624 3484 quae
1644 3422 1705 3468 sua
1727 3409 1817 3479 sunt,
1847 3423 1946 3484 quam

292 3509 374 3574 tutis
387 3507 510 3578 credat,
526 3504 626 3565 unius
639 3502 835 3565 substantiae
847 3517 922 3566 esse
935 3503 1090 3566 fateatur.
1147 3516 1220 3578 quae
1234 3503 1313 3564 lesu
1329 3502 1463 3565 Christi.

334 3607 416 3682 Quia
440 3604 543 3682 igitur
566 3603 702 3680 septem,
726 3617 799 3679 quae
815 3602 969 3678 superius
998 3602 1090 3664 dixi-
1185 3601 1277 3662 Dtett
1291 3613 1374 3676 erqo
1396 3603 1583 3676 dtsetputus
1599 3605 1654 3664 tlte
1674 3616 1776 3678 quem
1787 3605 1946 3678 edicebat

292 3723 377 3776 mus,
394 3719 453 3782 per
476 3717 597 3764 norum
620 3700 867 3761 'testamentum
891 3698 993 3761 latius
1014 3700 1091 3763 data
1145 3699 1247 3760 Jesus
1263 3699 1395 3759 Petro:
1417 3701 1586 3760 Dominus
1603 3700 1656 3762 cst
1673 3699 1784 3776 (ioan.
1807 3715 1881 3772 ιιι,
1900 3700 1944 3778 7).

292 3805 380 3877 sunt,
395 3801 508 3864 decem
520 3813 601 3862 uero
615 3800 780 3875 precepta
793 3811 853 3874 per
864 3799 971 3871 retus,
983 3799 1092 3860 omnis
1147 3795 1257 3865 Queri
1284 3795 1391 3871 potest
1409 3811 1471 3856 cur
1496 3797 1589 3873 prius
1616 3799 1765 3858 loannes
1790 3798 1947 3873 cognorit

289 3899 526 3966 nostravirtus
547 3895 579 3958 et
598 3894 747 3972 operatio
762 3894 949 3971 perdecem
964 3895 1092 3974 etsep·
1145 3883 1271 3954 iesum.
1293 3891 1341 3953 Ad
1366 3893 1451 3969 quod
1480 3892 1547 3954 dici
1577 3893 1684 3969 potest
1711 3893 1798 3970 quod
1827 3893 1946 3956 beatus

290 4005 358 4065 tem
385 3997 494 4076 potest
521 3994 619 4072 plane
646 3993 893 4070 comprehendi.
924 3995 1091 4056 Ducamus
1145 3991 1291 4052 loannes
1314 3990 1444 4052 acutior
1461 3991 1534 4052 erat
1559 3989 1600 4052 ad
1624 3990 1889 4065 intelligendum,
1914 3993 1946 4053 et

292 4114 372 4174 ergo
394 4111 453 4174 per
467 4093 634 4168 trigonum
656 4090 769 4152 decem
784 4091 816 4152 et
831 4091 968 4168 septem,
985 4092 1092 4153 etre-
1146 4086 1328 4163 sapientior
1352 4087 1498 4160 ceteris,
1529 4088 1562 4149 et
1587 4086 1662 4150 ideo
1685 4088 1760 4167 plus
1788 4089 1947 4164 cognovit

292 4195 390 4258 niunt
413 4187 653 4270 quinquaqinta
676 4187 709 4248 et
732 4203 844 4247 uuum.
862 4187 924 4259 Qui
944 4187 1091 4265 prolecto
1144 4186 1268 4248 lesum.
1290 4183 1384 4246 Unde
1408 4199 1475 4246 nou
1500 4185 1665 4246 immerito
1695 4183 1820 4248 dicitur
1843 4202 1947 4263 super

290 4305 448 4356 numerus
480 4303 500 4348 a
531 4299 651 4360 magno
688 4284 847 4361 mysterio
880 4299 947 4346 nou
980 4286 1088 4358 vacat,
1144 4282 1258 4360 pectus
1284 4280 1406 4344 Christi
1433 4283 1469 4343 in
1502 4298 1596 4344 coena
1626 4281 1839 4356 recubuisse,
1865 4285 1942 4361 quia

292 4391 369 4470 quia
378 4391 449 4468 jam
462 4385 497 4446 in
509 4381 719 4445 Testamento
730 4383 836 4442 reteri
848 4380 990 4458 legimus
1004 4385 1088 4460 quod
1144 4378 1265 4440 exinde
1276 4377 1404 4442 incerta
1418 4379 1452 4442 et
1466 4380 1594 4442 occulta
1607 4381 1779 4457 sapientiae
1792 4381 1853 4442 Dei
1869 4397 1943 4442 ma-

292 4503 400 4551 annus
444 4479 739 4561 quinquagesimus
775 4479 937 4541 lubilaeus
975 4482 1089 4542 vocari
1144 4475 1443 4540 nilestetusuutei.

286 4590 402 4666 jussus
416 4583 479 4654 est,
496 4581 531 4642 in
546 4594 611 4656 quo
624 4577 781 4638 videlicet
795 4579 933 4640 cunctus
949 4579 1090 4656 populus
1183 4577 1301 4637 Simos
1310 4576 1429 4638 autem
1440 4575 1570 4637 Petrus
1577 4589 1682 4649 quum
1689 4577 1845 4638 aedisset
1854 4579 1942 4650 quod

289 4685 331 4747 ab
353 4681 443 4747 omni
466 4693 566 4756 opere
580 4675 813 4753 requiesceret.
838 4676 903 4738 Sed
923 4693 1004 4738 vera
1030 4693 1088 4739 re·
1142 4675 1244 4734 Jesus
1260 4673 1360 4745 essct,
1387 4673 1505 4734 tscotco
1525 4673 1698 4735 succtnett
1722 4689 1796 4735 se...
1829 4671 1940 4752 (loen.

290 4783 385 4862 quies
404 4781 439 4841 in
457 4777 584 4840 unitate
608 4774 658 4836 est
679 4794 687 4833 ε
708 4772 811 4833 dividi
839 4773 959 4852 quippe
986 4791 1088 4835 unum
1142 4785 1213 4842 ιιι,
1227 4768 1273 4850 7).
1291 4771 1383 4832 Sicut
1396 4773 1544 4832 loannes
1562 4771 1635 4831 erat
1655 4770 1787 4832 caeteris
1806 4771 1943 4848 sapien·

289 4897 357 4944 non
381 4876 498 4956 potest.
521 4873 584 4936 Ubi
610 4872 699 4934 enim
730 4869 877 4933 scissura
899 4869 1085 4944 divisionis,
1141 4867 1217 4939 tior,
1234 4867 1280 4929 ita
1292 4865 1410 4929 beatus
1425 4867 1544 4929 Petrus
1562 4867 1627 4928 lide
1643 4868 1677 4929 et
1691 4867 1856 4930 charitate
1875 4867 1942 4929 ler-

288 4993 368 5042 vere
392 4974 524 5052 requies
551 4985 617 5032 non
645 4970 705 5031 est.
733 4970 899 5030 Ducamus
928 4984 1007 5046 ergo
1029 4985 1089 5048 per
1141 4965 1281 5027 sentior.
1296 4965 1382 5026 Nem
1397 4964 1488 5028 solus
1503 4965 1624 5040 legitur
1638 4980 1941 5042 superequasam-

287 5077 455 5153 trigonum
470 5066 712 5148 quinquaginta
729 5065 762 5127 et
776 5081 888 5138 unum,
906 5066 990 5128 flunt
1008 5083 1089 5128 cen·
1141 5061 1284 5135 bulasse,
1302 5064 1338 5124 ut
1351 5062 1481 5124 veniret
1499 5062 1541 5124 ad
1566 5065 1690 5134 lesum,
1711 5061 1803 5124 solus
1828 5063 1863 5123 in
1876 5063 1940 5124 bac

287 5179 356 5237 tum
379 5166 619 5250 quinquaginta
641 5166 721 5226 tres.
746 5163 829 5235 Quia
851 5164 956 5240 igitur
979 5165 1087 5227 omnis
1141 5159 1283 5222 lectione
1305 5160 1342 5222 in
1360 5173 1452 5222 mare
1469 5175 1505 5222 se
1526 5159 1670 5232 misisse,
1694 5160 1727 5222 et
1746 5159 1852 5222 multa
1872 5160 1939 5222 alla

287 5269 436 5350 operatio
452 5267 565 5328 nostra
589 5265 622 5326 et
642 5263 749 5324 virtus
771 5261 806 5321 in
831 5261 895 5321 ilde
913 5261 1086 5323 Trinitatis
1140 5273 1215 5335 quas
1239 5257 1425 5320 devotionis
1438 5259 1510 5334 ejus
1521 5257 1554 5319 et
1563 5257 1640 5320 fidei
1653 5257 1731 5319 sunt
1741 5259 1938 5334 argumenta

286 5367 436 5432 exhibite
452 5363 492 5426 ad
506 5361 655 5440 requiem
665 5357 782 5430 tendit,
792 5357 917 5434 septem
927 5359 961 5421 et
972 5358 1084 5420 decem
1139 5353 1422 5417 manifestissima.
1450 5354 1541 5428 Quod
1571 5356 1681 5417 eutem
1714 5354 1806 5416 misit
1837 5355 1938 5416 sein

284 5469 336 5529 ter
358 5464 521 5533 ducimus,
539 5461 574 5521 ut
597 5458 638 5520 ed
661 5455 902 5534 quinquaginta
926 5455 958 5518 et
982 5471 1084 5518 unum
1138 5468 1240 5526 mare,
1257 5452 1423 5529 significet
1436 5467 1492 5514 eos
1507 5453 1564 5531 qui
1582 5451 1751 5530 perfidem
1766 5449 1937 5514 Christi'in

284 5563 399 5626 venire
425 5559 614 5622 debeamus.
641 5557 680 5618 lit
695 5557 786 5618 'vers
811 5553 944 5630 requies
970 5556 1083 5618 nostra
1139 5551 1223 5614 mari
1233 5550 1333 5629 hujus
1344 5551 1501 5614 saeculise
1511 5548 1723 5630 passionibus
1732 5549 1935 5613 obtulerunt.
