4108 6418
850 496 1074 598 Quinta

283 751 868 922 eonrrnnrro
942 746 1641 918 nncnnrnnmn

761 1122 919 1208 niune
962 1122 1162 1209 enixius

401 1495 614 1585 TITULUS
638 1495 670 1581 I.

245 1729 299 1790 DE
321 1727 735 1790 CONSTITUTIONIBUS.
760 1723 774 1804 (
795 1724 820 1805 ).

169 1913 311 1972 Honorius
329 1911 491 1984 episcopus,
513 1925 614 1968 servus
633 1924 780 1966 servorum
793 1909 858 1978 Dei,
890 1909 930 1966 di-

133 2002 205 2060 iecto
219 2003 288 2075 titio,
304 2001 442 2072 Magistro
458 1998 825 2068 Tuocredo,Ar·ebidiueouo
835 2000 927 2056 Bouo-

132 2091 236 2160 uieasi,
258 2091 386 2160 salutern,
405 2093 429 2146 et
448 2087 637 2158 apostoticam
652 2086 928 2162 benedictinarum).

436 2293 572 2354 CAPUT
593 2293 618 2351 Ι.

173 2481 203 2540 N
206 2495 275 2542 orae
288 2495 465 2541 causarum
480 2479 719 2556 emergentium
730 2479 929 2556 quaestiones

133 2578 228 2639 noris
252 2577 390 2653 exigunt
417 2576 640 2638 decisionibus
672 2576 857 2648 terminari,
895 2576 931 2636 ut

133 2674 274 2751 singulis
286 2674 421 2746 morbis,
436 2673 697 2751 competentibus
709 2673 864 2734 remediis
878 2673 931 2732 de·
977 2706 980 2714 ·

132 2772 267 2850 putatis
278 2775 335 2848 jus
356 2787 453 2833 suum
475 2771 595 2846 cuique
616 2769 794 2832 salubriter
807 2769 931 2830 tribua·

131 2869 199 2931 tur.
215 2869 307 2929 Licet
319 2869 421 2943 igitur
433 2884 453 2929 a
465 2867 661 2945 quibusdam
675 2867 931 2945 praedecessori-

986 1457 1149 1535 Epistolas
1176 1455 1365 1519 Decretales
1394 1472 1495 1533 super
1520 1455 1584 1527 bis,
1611 1467 1782 1531 quasnos-

985 1556 1057 1627 tris,
1098 1555 1232 1616 suborta
1265 1553 1478 1630 temporibus,
1518 1569 1578 1630 per
1614 1565 1685 1620 nos,
1729 1547 1783 1610 rel

985 1652 1104 1713 iratres
1128 1653 1257 1714 nostros
1289 1651 1481 1722 decidimus,
1516 1649 1684 1710 ueletiam
1706 1645 1783 1706 aliis

985 1749 1025 1810 de
1039 1749 1186 1826 ipsorum
1199 1749 1338 1811 consilio
1349 1749 1573 1810 commisimus
1588 1743 1781 1815 decidenda,

986 1847 1157 1923 compilari
1179 1846 1333 1922 fecimus3
1350 1847 1382 1908 et
1393 1846 1454 1908 tibi
1476 1845 1537 1906 sub
1554 1845 1648 1906 Bulla
1669 1840 1783 1904 nostra

985 1943 1139 2005 duximus
1155 1944 1367 2006 destinandas
1387 1945 1565 2021 :quocirca
1588 1937 1781 2003 discretioni

983 2043 1050 2103 tuae
1064 2058 1125 2118 per
1138 2043 1327 2120 Apostolica
1344 2041 1467 2118 scripta
1482 2039 1687 2110 mandamus,
1705 2052 1783 2113 qua-

983 2139 1081 2200 tenus
1100 2141 1149 2200 eis
1166 2139 1359 2201 solemniter
1373 2137 1560 2216 publicatis
1578 2136 1702 2212 absque
1714 2132 1782 2194 ulio

985 2237 1140 2314 scrupulo
1162 2235 1376 2297 dubitationis
1397 2235 1513 2308 utaris,
1535 2234 1567 2297 et
1581 2233 1622 2294 ab
1637 2233 1713 2293 aliis
1727 2247 1784 2293 re-

985 2333 1051 2410 cipi
1065 2334 1180 2407 facias,
1194 2334 1305 2395 tamin
1316 2333 1464 2410 judiciis,
1480 2347 1578 2409 quam
1594 2331 1630 2392 in
1645 2329 1781 2391 scholis.

984 2533 1161 2592 Honorius
1175 2535 1274 2603 Peru
1290 2533 1355 2602 ΙΙΙ,
1368 2533 1513 2590 Bonoui.
1530 2523 1730 2606 Episcopo(
1754 2524 1779 2605 ).

1282 2717 1418 2777 CAPUT
1439 2716 1480 2774 ΙΙ.

1023 2868 1163 2930 Noverit
1179 2869 1383 2930 Fraternitas
1399 2868 1468 2940 tua,
1484 2867 1569 2945 quod
1587 2867 1655 2927 Nos
1668 2865 1703 2926 in
1715 2867 1782 2926 Ba-

132 2966 257 3028 nostris
280 2981 340 3043 per
365 2981 405 3028 ea
431 2981 505 3043 quae
535 2965 605 3025 suis
630 2965 833 3041 temporibus
853 2967 930 3027 sunt
984 2965 1078 3026 silica
1097 2967 1257 3043 principis
1273 2965 1516 3042 Apostolorum,
1538 2963 1701 3040 praesente
1715 2964 1783 3022 Re-

133 3061 256 3134 decisa,
282 3059 388 3122 torma
411 3059 533 3121 suturis
558 3060 700 3136 negotiis
721 3059 858 3137 provide
886 3060 930 3122 sit
983 3063 1222 3124 verendissimo
1235 3064 1269 3124 in
1285 3063 1414 3125 Christo
1428 3062 1497 3122 alio
1513 3061 1637 3132 nostro,
1654 3058 1778 3120 illustri

131 3158 249 3220 relicta
265 3179 273 3218 z
288 3157 366 3235 quia
387 3157 497 3220 tamen
509 3157 647 3236 prodiga
666 3173 777 3219 rerum
795 3157 925 3230 natura,
983 3165 1206 3224 Romanorum
1218 3161 1418 3239 imperatore
1432 3161 1465 3222 et
1477 3174 1607 3237 semper
1620 3157 1779 3234 Augusto,

133 3256 313 3317 secundum
327 3256 507 3318 varietates
524 3254 757 3332 multiplicium
777 3271 926 3328 casuum,
982 3259 1017 3320 in
1041 3258 1264 3320 celebratione
1286 3259 1475 3330 missarum,
1492 3256 1666 3334 postquam
1679 3253 1780 3332 capiti

132 3353 220 3430 parit
238 3350 385 3430 quotidie
403 3369 507 3415 noxas
528 3369 663 3430 causas3
687 3368 748 3414 nos
768 3353 928 3429 quasdam
983 3373 1042 3419 suo
1063 3358 1282 3435 imposuimus
1305 3356 1438 3434 imperii
1450 3355 1613 3426 diadema,
1638 3354 1678 3414 de
1700 3368 1781 3413 oon-

147 3503 301 3577 (l)Letit.l
310 3502 345 3560 de
357 3504 384 3561 la
396 3503 562 3572 Compitum
571 3504 719 3574 prioeuest
731 3501 842 3559 intituli
855 3501 924 3574 ign·
984 3505 1078 3563 'ubeat
1092 3506 1238 3564 Tancredo
1253 3505 1327 3563 lianc
1338 3504 1568 3562 constitutionem
1579 3502 1715 3560 Bononiae
1726 3517 1777 3572 pn-

60 3622 65 3630 .
132 3576 239 3633 lement
264 3577 305 3632 De
327 3573 586 3654 Gorrstitutiouibus.
600 3575 655 3630 Les
674 3571 838 3654 Decretales
857 3570 925 3653 iliu·
979 3523 1086 3632 {elicere
1101 3584 1154 3645 est,
1170 3578 1235 3648 qnia
1251 3579 1381 3632 Potestas
1402 3582 1430 3631 ct
1448 3575 1568 3646 populus
1589 3571 1779 3630 Bononiensis

131 3645 287 3775 {orienncs
299 3659 336 3701 en
346 3651 395 3701 ont
407 3643 490 3700 laitle
505 3649 546 3700 nt.
563 3645 629 3713 ben
639 3642 778 3699 leiarsant
793 3640 928 3713 precedcr
982 3645 1185 3718 sesejfflrxerar
1198 3645 1304 3700 foedere
1320 3659 1385 3701 cum
1400 3644 1510 3701 Otlrone
1526 3645 1597 3712 lmp.
1610 3641 1681 3708 ,ideo
1695 3643 1778 3697 inno·

151 3733 170 3774 u
186 3718 263 3772 titre:
273 3717 314 3770 De
329 3715 477 3780 Talabara,
492 3715 540 3783 qni
554 3713 669 3769 devient
681 3713 707 3768 le
722 3714 854 3784 premier.
982 3716 1093 3773 centius
1104 3717 1154 3784 ΙΙΙ,
1171 3714 1223 3772 sub
1239 3729 1321 3786 poena
1335 3711 1638 3770 excommunicationis
1653 3717 1681 3766 et
1694 3709 1779 3768 Scho

160 3787 202 3859 (a)
217 3787 358 3865 Honorius
368 3785 417 3851 ΙΙΙ,
430 3797 579 3864 successor
588 3783 747 3840 innocentii
755 3783 806 3851 Ill,
820 3783 846 3838 in
860 3782 927 3838 mul·
982 3789 1072 3844 larum
1093 3786 1297 3854 translationis,
1317 3785 1454 3841 desistere
1461 3782 1542 3866 jubet
1556 3782 1659 3856 populo
1682 3783 1775 3838 Bono-

130 3859 169 3915 tis
183 3854 418 3928 ipsumimrtatus,
433 3853 575 3934 Epistolas
590 3851 676 3910 edidit
692 3851 923 3921 Decretales,de-
981 3857 1084 3924 aiensi,
1100 3856 1192 3926 Epist.
1206 3857 1249 3924 79,
1267 3858 1316 3913 ite.
1334 3857 1360 3924 2,
1383 3869 1437 3926 qua
1460 3869 1489 3910 tn
1505 3852 1660 3926 pertinacia
1679 3859 1778 3909 contra

133 3942 197 3986 cem
217 3920 295 3981 libris
313 3923 547 4006 comprehensas,
560 3930 640 4004 Juxta
661 3938 812 3980 numerum
826 3923 926 3980 decem
982 3927 1084 3985 sedem
1104 3927 1297 3999 Apostolicam
1312 3931 1499 3990 remanserat,
1522 3925 1588 3980 licet
1604 3929 1687 3978 antea
1702 3921 1776 3979 Otho

132 4011 273 4056 annorum
286 3994 388 4067 qmbus
399 3993 557 4051 Ecclesiam
578 4001 658 4061 rexit,
672 4002 701 4052 et
713 4001 810 4051 contra
829 3993 927 4052 hostes
982 3998 1017 4055 ab
1034 4000 1200 4055 Innocentio
1215 4000 1265 4066 ΙΙΙ,
1279 3997 1434 4070 depositus,
1450 4003 1480 4053 et
1493 3995 1522 4051 in
1538 3995 1599 4066 ejus
1613 3994 1707 4050 locum
1722 3991 1778 4050 sul·

133 4067 215 4127 Sedis
233 4065 404 4139 Apostolicae
416 4064 535 4122 feliciter
544 4063 668 4122 defendit
681 4082 689 4123 :
705 4065 779 4122 sicut
797 4063 862 4122 lecit
876 4067 924 4122 ln·
982 4069 1075 4126 iectus
1089 4068 1249 4125 Fridericns
1264 4068 1373 4125 luisset.

132 4138 339 4200 nocentiuslll,
350 4136 397 4208 qui
409 4136 488 4209 juxta
499 4134 643 4192 sexdecim
659 4150 750 4192 annos
760 4139 804 4192 sui
816 4135 938 4208 pontib-
1017 4139 1058 4213 (a)
1073 4141 1140 4196 llaec
1150 4140 1316 4197 constitutio
1326 4139 1429 4209 scripta
1441 4145 1483 4194 est
1494 4137 1634 4208 Episcopo
1645 4134 1777 4203 Bononi,

132 4217 213 4268 catus
236 4209 264 4266 in
288 4207 407 4264 totidem
430 4206 516 4264 libros
537 4221 605 4264 suas
628 4207 770 4277 Epistolas
793 4206 923 4278 digessit.
981 4211 1103 4267 ilenrico
1115 4210 1195 4265 dulia
1204 4211 1316 4278 Erotio,
1328 4217 1429 4280 atquae
1440 4207 1558 4264 retertur
1574 4208 1602 4263 in
1613 4206 1776 4278 capNoue-

132 4279 251 4350 Quidam
267 4279 429 4335 existimant
443 4276 676 4358 Tancredum,de
691 4292 747 4349 que
762 4276 809 4334 bic
819 4278 923 4350 agitur,
981 4283 1031 4350 rit,
1042 4281 1088 4351 49,
1104 4281 1136 4336 eie
1150 4285 1220 4336 seut.
1236 4296 1420 4348 excommun,
1438 4281 1466 4334 in
1482 4293 1536 4350 qua
1552 4285 1648 4335 tamen
1663 4275 1779 4333 nullatit

131 4349 371 4410 Archidiaconum
397 4349 618 4416 Bononiensem,
641 4349 712 4421 juris
737 4346 926 4419 professorem
981 4353 1088 4408 mentio
1110 4351 1253 4408 Friderici.
1271 4350 1361 4424 liujus
1383 4351 1511 4423 episcopi
1530 4348 1717 4406 Bononiensis
1732 4347 1776 4402 in·

110 4489 111 4494 .
131 4421 279 4490 eximium,
295 4419 411 4478 lionorii
427 4419 508 4492 jussu
526 4417 850 4500 banc-Gonrpilationem
866 4419 925 4475 edi·
981 4430 1085 4479 tererat
1101 4421 1175 4478 bona
1192 4422 1320 4479 ecclesiae
1335 4437 1394 4478 snm
1409 4421 1582 4487 confirmari,
1598 4433 1719 4491 equorum
1731 4416 1778 4490 jus

132 4493 218 4562 disse,
240 4493 314 4548 inter
356 4505 409 4547 uos
432 4489 484 4547 luit
507 4491 646 4547 Antonius
670 4489 848 4562 Augustinus
870 4491 924 4548 Ar·
980 4492 1146 4550 indubium
1168 4493 1364 4562 revocabatur,
1378 4499 1409 4548 ut
1433 4491 1529 4548 scribit
1547 4490 1635 4546 abbas
1657 4491 1775 4560 Ursper-

131 4563 330 4645 cbiepiscopus
338 4505 587 4644 qlarraconensis:
604 4567 701 4642 contra
717 4560 798 4632 cujus
811 4569 925 4618 senten·
980 4565 1088 4692 gensis,
1105 4572 1133 4620 et
1154 4565 1215 4636 ipsc
1236 4565 1378 4620 Honorius
1396 4563 1488 4632 Epist.
1505 4562 1568 4630 572,
1584 4561 1632 4632 qui
1648 4566 1678 4615 ut
1692 4558 1777 4615 refert

131 4635 201 4692 tiam
227 4632 295 4690 lacit
318 4647 407 4704 prima
423 4633 590 4691 Constitutro
605 4630 689 4704 nurus
703 4632 924 4704 compilationis,
1003 4635 1101 4691 zovins
1112 4635 1150 4690 ud
1161 4651 1229 4690 cau.
1247 4635 1324 4702 ΙΙΙΘ,
1339 4649 1416 4690 arrae.
1432 4635 1458 4697 2,
1473 4630 1694 4689 consuetudines
1705 4641 1773 4684 eon-

152 4720 219 4764 uam
239 4703 274 4760 ad
289 4703 382 4776 ipsum
397 4700 572 4760 {tancredum
593 4700 689 4774 dirigit
710 4703 862 4770 Honorius,
877 4701 924 4758 arl-

131 4721 229 4848 gitque
248 4789 279 4831 sa
294 4774 436 4847 Epistolas
469 4774 631 4830 Decretalcs
652 4773 799 4846 compilari
824 4772 926 4831 iecisse

132 4863 204 4919 quas
219 4851 316 4918 postea
332 4845 384 4902 sub
398 4844 477 4902 Bulla
492 4845 546 4916 ipsi
561 4843 707 4900 Tancredu
722 4842 883 4912 destinavit,
895 4851 926 4900 ut

131 4921 227 4975 tamin
241 4915 459 4989 judiciis,quam
476 4915 505 4972 in
517 4913 627 4972 Scholia
641 4915 684 4970 eis
697 4921 832 4983 uteretur,
848 4921 876 4972 et
890 4915 925 4972 ab

133 4989 196 5045 aliis
214 4989 301 5070 recipi
316 4986 431 5044 lauerat.
446 4987 509 5044 Scio
529 4984 698 5068 quibusdam
717 4985 810 5042 risum
825 4986 923 5056 inisse,

132 5058 264 5132 quamvis
278 5057 307 5115 nl
331 5059 473 5115 Honorius
492 5058 645 5130 scripserit,
662 5070 719 5112 non
742 5063 837 5113 tamen
859 5057 925 5113 inde

131 5131 213 5214 sequi
236 5130 304 5201 quin
323 5127 485 5186 tancredus
507 5129 567 5201 ipse
582 5128 714 5185 collector
729 5125 821 5186 luerit.
836 5128 926 5200 Hujus

131 5201 276 5283 opinionis
290 5200 396 5257 nullam
411 5198 605 5272 conjecturam
620 5198 713 5256 video.
728 5199 801 5256 Nem
823 5213 923 5271 quam·

131 5287 176 5329 ms
192 5271 368 5330 iustinianus
389 5270 562 5328 Triboniano
574 5269 646 5343 juris
666 5269 758 5326 civilis
780 5269 923 5326 collectio·

132 5356 199 5399 nem
212 5343 328 5414 exsequi
343 5340 530 5409 mandaverit,
547 5356 582 5398 ex
594 5341 655 5414 ipsa
671 5347 767 5398 tamen
786 5343 924 5398 constitu·

131 5413 209 5470 tione
231 5411 267 5470 ad
281 5411 415 5470 eumdem
438 5411 640 5470 'tribonianum
661 5411 784 5469 dilucide
803 5419 922 5482 constat,

131 5484 400 5542 iurisconsultorum
424 5483 537 5540 diversa
563 5491 754 5554 responsaret
781 5483 923 5540 volumina

131 5553 307 5626 congerendi
318 5554 465 5627 negotium
475 5551 679 5624 demandasse3
693 5554 768 5626 qnod
779 5554 925 5612 Tanoredo
980 5571 1056 5614 mam
1073 5558 1192 5612 missum
1206 5555 1443 5626 impetrantium
1457 5551 1559 5610 deinde
1574 5553 1707 5608 inunctus
1719 5556 1771 5617 est,

131 5625 256 5684 delatum
275 5640 331 5683 non
351 5626 524 5698 agnoscitur.
541 5624 621 5681 Ratio
637 5639 704 5680 xero
719 5639 769 5681 rur
785 5625 925 5682 lionorius
980 5635 1008 5684 et
1023 5634 1174 5684 coronatus
1194 5641 1226 5683 en
1243 5623 1414 5696 conditione,
1429 5632 1457 5681 nt
1478 5624 1653 5681 libertatibus
1673 5621 1770 5678 Eccle-

981 4713 1022 4763 tra
1040 4705 1199 4762 libertatem
1213 4707 1376 4762 Ecclesima
1393 4701 1629 4768 Bononiensibus,
1646 4699 1774 4780 spoleta·

980 4778 1036 4847 nis,
1053 4775 1267 4842 Narniensibus,
1285 4773 1522 4840 Ferrariensibus,
1539 4772 1613 4828 villae
1625 4767 1774 4836 Medianas,

980 4855 1008 4904 et
1020 4847 1125 4903 montis
1138 4847 1239 4903 Falisci
1250 4846 1410 4902 civitatibus
1422 4851 1530 4899 temere
1542 4842 1643 4908 editas,
1655 4853 1774 4918 conces7

980 4920 1076 4975 aiones
1096 4931 1218 4989 quoque,
1243 4931 1276 4973 ac
1300 4914 1468 4972 donationes
1494 4911 1657 4986 patrimonii
1685 4916 1776 4965 sancti

980 4989 1056 5047 Petri
1072 4989 1164 5044 irritas
1179 5003 1244 5044 csso
1258 4985 1393 5042 decrevit.
1410 4986 1515 5043 Civitas
1533 4981 1665 5056 equidem
1680 4981 1773 5062 Bona·

981 5061 1097 5128 niensis,
1112 5067 1140 5115 et
1152 5057 1211 5114 lere
1225 5073 1326 5114 ornnes
1338 5057 1477 5121 ciuitates,
1491 5070 1554 5128 quae
1569 5052 1605 5110 ad
1617 5051 1775 5132 Ecclesiam

1001 5131 1131 5200 ertinent,
1142 5129 1319 5198 rebellarant,
1329 5135 1359 5185 et
1368 5129 1500 5184 vexillum
1509 5127 1537 5182 in
1546 5141 1601 5197 qno
1612 5120 1776 5193 majusculis

979 5147 1080 5259 fitteris
1100 5208 1161 5258 erat
1181 5200 1366 5273 descriptum,
1380 5199 1566 5264 Ltnnnras,
1593 5194 1729 5276 lecerunt,
1743 5197 1775 5248 ut

980 5272 1066 5330 reiert
1087 5275 1255 5344 anonymus
1284 5271 1315 5328 iu
1335 5275 1394 5328 cite
1415 5269 1542 5340 Gregorii
1555 5267 1609 5334 Xl,
1628 5263 1702 5321 celita
1725 5278 1776 5336 per

980 5346 1009 5404 C.
1023 5345 1058 5404 V.
1073 5345 1255 5401 Franciscnm
1276 5345 1459 5414 Bosqnetum,
1476 5355 1511 5396 ex
1526 5334 1696 5419 bibliotheca
1714 5337 1772 5418 Eu·

979 5415 1071 5472 xensi.
1087 5413 1199 5472 Othone
1213 5429 1282 5470 vcro
1294 5414 1464 5484 imperatore
1475 5417 1595 5476 mortuo,
1615 5407 1775 5466 Frrderrcus

981 5486 1131 5558 imperium
1145 5485 1181 5542 ab
1197 5484 1321 5541 lionoris
1337 5498 1387 5554 per
1397 5481 1528 5539 abbatam
1540 5480 1711 5538 Fuldensem
1722 5479 1774 5535 lle·
