4078 6442
312 265 373 327 515
931 265 1107 328 HONORII
1130 267 1175 328 Ill
1197 269 1348 332 OPERA.
1914 277 1983 338 516

353 429 391 488 ln
407 427 600 504 episcopatu
614 426 796 488 asisinati:
824 427 973 489 Ecclesia
995 427 1108 488 Sancti
1162 431 1336 492 annuatim
1349 445 1453 490 uuam
1467 428 1588 492 libram
1603 445 1702 494 cerae.
1718 434 1823 497 Eleu
1839 434 1981 498 factum

314 523 441 597 L'berti,
459 523 667 586 testacearios
682 525 846 586 lucenses.
965 597 969 604 ¹
1163 528 1321 589 censuale
1351 529 1500 605 tempore
1528 528 1655 591 domini
1684 533 1875 594 Innocentii
1908 537 1977 607 IV,

353 623 593 686 nonasterium
622 623 735 684 Sancti
761 622 926 696 Damiani,
949 623 1036 700 quod
1057 627 1107 684 est
1162 641 1250 686 anno
1262 627 1293 685 2.
1302 625 1393 697 Quod
1406 627 1457 688 est
1466 629 1669 704 exemptum,
1679 631 1977 710 secundumquod

312 721 466 792 liberum,
480 737 580 782 unam
596 719 714 781 libram
729 735 827 782 cerae.
1161 722 1196 783 in
1211 738 1327 784 eornm
1342 724 1519 800 privilegio
1531 727 1732 790 continetur.

352 819 592 881 Monasterium
615 818 727 881 Sancti
748 817 856 892 Pauli,
874 818 1032 881 2solidos
1053 819 1107 880 lu·
1200 821 1363 893 Castrum
1390 821 1477 899 quod
1500 823 1698 886 illorichicla
1724 825 1860 900 dicitur,
1877 827 1977 888 sicut

312 931 439 979 censes.
1159 918 1330 980 invenitur
1355 919 1393 980 iu
1421 920 1566 996 registro
1591 923 1745 1000 Gregorii
1771 927 1875 1002 Papae
1907 928 1975 988 Vll

351 1013 498 1076 Ecclesia
517 1013 631 1076 Sancti
646 1014 816 1076 Francisei
835 1013 876 1076 de
889 1014 1010 1087 Asisio,
1031 1029 1105 1094 quae
1155 1015 1244 1092 juris
1255 1015 1346 1078 beati
1357 1017 1449 1080 Petri
1463 1019 1526 1080 est.

311 1109 416 1174 libera
431 1111 492 1184 est,
508 1126 609 1172 unam
624 1111 744 1174 libram
765 1127 863 1174 cerae.

348 1210 518 1273 lohannes
537 1209 578 1272 de
599 1209 763 1272 Monacbo
782 1208 960 1272 familiaris
978 1209 1105 1272 domini
1198 1215 1241 1274 In
1262 1215 1432 1276 Marciis.
1455 1213 1493 1276 ln
1513 1215 1720 1278 Ariminensi
1740 1217 1969 1297 episcopatu:

307 1305 436 1382 AEgtdii
458 1305 655 1378 cardinalis,
682 1305 779 1368 debet
800 1307 973 1368 annuatim
1002 1323 1104 1368 uuum
1159 1307 1340 1388 Episcopus
1364 1327 1425 1390 pro
1447 1312 1612 1391 Ripatico,
1628 1330 1729 1376 unam
1751 1315 1877 1378 libram
1903 1334 1969 1380 ar-

308 1402 441 1466 obolum
456 1403 664 1482 imperialem
679 1419 739 1481 pro
762 1402 872 1476 leudo,
894 1421 992 1482 quem
1014 1405 1106 1468 tenet
1159 1407 1262 1483 genti.

308 1501 350 1563 ab
366 1501 514 1564 Ecclesia
527 1504 677 1564 Romana
688 1501 724 1564 in
739 1501 850 1563 castro
865 1502 1049 1575 Bothoniae,
1071 1505 1106 1566 et
1198 1499 1246 1567 D'e
1260 1505 1360 1568 Plebe
1380 1507 1493 1569 Sancti
1511 1508 1718 1582 Paterniani,
1734 1511 1755 1572 3
1769 1511 1902 1574 solidos
1917 1513 1968 1574 lu-

308 1602 448 1663 vocatur
458 1599 629 1662 Armenia.
645 1599 685 1661 Et
705 1598 822 1661 babuit
841 1598 977 1661 laudum
995 1601 1104 1678 ipsum
1159 1619 1288 1665 censes.

308 1699 456 1776 tempore
471 1697 711 1774 dominiPapoe
724 1697 914 1760 innocentii
930 1701 990 1771 iv,
1016 1713 1104 1762 anno
1199 1701 1347 1763 Ecclesia
1376 1703 1489 1764 Sancti
1520 1704 1673 1780 Georgii,
1711 1721 1812 1768 uuam
1835 1707 1967 1771 libram

308 1793 761 1874 eius3.[Addttomentum.]
1158 1813 1256 1860 cerae.

348 1896 385 1955 In
418 1893 610 1971 episcopatu
638 1891 839 1968 Eugubino:
863 1895 1104 1956 Monasterium
1197 1896 1346 1958 Ecclesia
1372 1898 1486 1960 Sancti
1509 1898 1608 1960 Pauli
1634 1898 1676 1962 de
1697 1901 1966 1978 Montescutulo,

309 1991 422 2053 Sancti
436 1991 623 2064 AEmiliani,
639 1993 659 2052 3
674 1991 799 2053 solidos
814 1991 978 2054 lucenses.
1156 1993 1322 2056 2'solidos
1334 1994 1499 2057 lucenses.

347 2088 585 2152 Monasterium
602 2088 715 2150 Sancti
732 2087 910 2162 Ambrosii,
926 2092 946 2151 3
965 2090 1100 2153 solidos.
1197 2093 1346 2154 Ecclesia
1362 2095 1475 2156 Sancti
1488 2093 1682 2168 salvatoris,
1695 2099 1716 2158 2
1728 2097 1867 2160 solidos.

346 2188 495 2250 Ecclesia
518 2186 631 2249 Sancti
656 2187 775 2263 Augeli
803 2186 844 2248 de
867 2187 1062 2262 classema,
1082 2191 1102 2250 3
1196 2191 1435 2253 Monasterium
1452 2192 1565 2254 Sancti
1584 2193 1773 2269 Gaudentii,
1798 2195 1963 2260 tbisan-

307 2285 430 2348 solidos
445 2285 608 2347 lucenses.
1155 2289 1232 2352 tios.

346 2383 586 2446 Monasterium
615 2382 728 2444 Sancti
761 2383 892 2457 Donati,
922 2385 943 2445 2
977 2385 1100 2447 solidos
1196 2388 1435 2450 Monasterium
1448 2389 1562 2450 Sancti
1576 2389 1731 2463 Petri,12
1743 2389 1915 2454 lucenses.

304 2481 467 2545 lucenses.
1195 2485 1279 2562 Ripa
1292 2485 1577 2558 Maris,5solidos
1590 2486 1754 2550 lucenses.

345 2583 384 2643 In
412 2579 605 2658 episcopatu
634 2578 815 2642 Tudertino
832 2601 840 2640 ε
861 2580 1099 2643 Mouastarium
1194 2581 1342 2645 Ecclesia
1358 2583 1470 2646 Sancti
1485 2583 1650 2647 lobannis
1664 2585 1705 2647 de
1720 2587 1842 2661 Cornu,
1863 2590 1885 2649 2
1900 2606 1961 2652 so-

306 2679 418 2740 Sancti
433 2677 571 2750 Alberti,
588 2678 626 2739 12
641 2676 765 2740 solidos
779 2677 943 2740 lucenses.
1154 2678 1239 2742 lidos
1254 2680 1417 2742 lucenses.

344 2776 583 2838 Monasterium
619 2775 748 2837 Sanctae
784 2776 903 2838 Mariae
937 2776 978 2838 de
1012 2777 1096 2850 Guti,
1193 2780 1263 2844 Hoc
1297 2779 1445 2857 tempore
1476 2778 1630 2842 dominus
1662 2783 1753 2859 Papa
1781 2784 1956 2860 Eugenius

305 2890 404 2936 unam
419 2873 540 2935 libram
552 2889 649 2935 cerae.
666 2865 762 2945 Quod
772 2873 1035 2951 estexemptum.
1153 2875 1323 2938 adinvenit
1348 2875 1606 2940 subtractionem
1635 2878 1670 2940 et
1696 2878 1954 2944 diminutionem

343 2972 1098 3036 MonasteriumSanctibaurentidecollazoue
1153 2989 1283 3047 census,
1300 2989 1397 3052 quem
1416 2974 1637 3038 ariminensis
1660 2975 1837 3056 episcopus
1853 2981 1956 3042 Late-

303 3071 512 3132 dominarum
523 3070 739 3142 inclusarum,
751 3085 852 3130 unam
866 3069 986 3131 libram
999 3087 1096 3134 cerae.
1152 3071 1289 3134 ranensi
1314 3070 1438 3150 palatio
1457 3071 1572 3136 debuit
1590 3073 1689 3135 annis
1708 3075 1851 3152 singulis
1871 3094 1953 3156 per-

344 3171 381 3229 ln
397 3167 588 3246 episcopatu
601 3167 788 3228 Nucerino:
804 3166 952 3230 Ecclesia
967 3170 1096 3232 Sanctae
1152 3170 1303 3232 solvisse.
1340 3169 1435 3232 Unde
1475 3170 1721 3234 Ariminensem
1755 3174 1952 3253 episcopum

302 3265 464 3328 Mariaciu
476 3265 586 3335 Suria,
600 3265 753 3326 3selidos
768 3265 931 3327 lucenses.
1152 3266 1361 3345 Raynaldum
1383 3267 1424 3330 ad
1444 3269 1609 3331 rationem
1629 3270 1752 3347 posuit,
1776 3271 1834 3349 qui
1849 3288 1952 3336 reeo-

340 3364 581 3427 Monasterium
594 3363 705 3425 Waldi
709 3407 768 3426 .....
926 3421 932 3432 ,
1151 3365 1266 3444 gnovit
1286 3365 1320 3427 et
1340 3363 1589 3440 contessusest,
1606 3383 1768 3430 summam
1789 3369 1952 3434 ltilibra-

342 3465 378 3524 ln
394 3463 586 3540 episcopatu
609 3460 779 3539 Spoletino
792 3483 799 3522 :
814 3461 962 3523 Ecclesia
982 3463 1095 3525 Sancti
1150 3481 1224 3526 rum
1237 3463 1395 3526 Romanis
1410 3463 1626 3528 Pontificibus
1642 3464 1845 3530 subtractam
1858 3483 1947 3544 esse,

300 3561 401 3636 Petri,
419 3561 517 3642 juxta
537 3561 643 3639 ipsam
659 3559 839 3632 civitatem,
858 3562 880 3622 2
900 3560 1023 3623 solidos
1042 3560 1096 3622 lu·
1150 3563 1182 3626 et
1192 3563 1289 3641 juna
1301 3561 1948 3642 beneplacitumejusexindesatisrecit.

298 3679 425 3724 censes.
1148 3660 1361 3724 Postmodum
1376 3675 1435 3738 pro
1456 3660 1582 3722 eisdem
1603 3660 1703 3724 rebus
1725 3663 1850 3726 sancta
1874 3666 1949 3729 Ro·

339 3760 487 3822 Ecclesia
499 3759 611 3822 Sancti
628 3758 770 3838 Spiritus
785 3757 826 3821 de
838 3759 982 3836 Capana,
993 3775 1093 3822 unam
1148 3773 1255 3820 manas
1270 3757 1440 3831 Ecclesiae,
1457 3773 1530 3836 quae
1545 3758 1580 3820 in
1595 3775 1655 3821 suo
1670 3760 1848 3837 privilegio
1863 3777 1950 3825 con-

298 3857 415 3920 libram
431 3873 528 3920 cerae.
1147 3855 1304 3929 tinentur,
1318 3855 1474 3919 videlicet
1487 3857 1588 3920 Porta
1600 3858 1714 3920 Sancti
1726 3860 1857 3932 bonati,
1872 3877 1949 3938 quae

336 3957 575 4019 Monasterium
605 3955 717 4018 Sancti
744 3955 835 4018 Petri
863 3953 903 4016 de
928 3955 1090 4028 Bouaria,
1146 3953 1286 4018 vocatur
1300 3953 1413 4016 Sancti
1435 3953 1588 4028 Andreae,
1604 3954 1674 4018 tota
1694 3955 1846 4032 integra:
1868 3975 1944 4022 me—

294 4055 315 4114 5
329 4055 452 4116 solidos
466 4055 631 4115 lucenses.
1146 4051 1251 4114 dietas
1262 4052 1302 4114 de
1313 4053 1413 4114 Porta
1424 4051 1575 4125 Galilaea,
1587 4069 1661 4130 quae
1677 4056 1817 4116 vocatur
1830 4057 1945 4120 Sancti

335 4151 483 4212 Ecclesia
509 4151 638 4212 Sanctae
660 4148 777 4210 Mariae
801 4147 841 4210 de
860 4149 964 4222 casis,
989 4165 1090 4212 unam
1145 4151 1258 4213 Petri:
1289 4149 1456 4212 Porticum
1482 4149 1588 4212 totum
1610 4150 1647 4212 in
1675 4151 1854 4229 integrum,
1882 4171 1946 4232 per

295 4245 413 4308 libram
429 4263 513 4308 cerae
529 4246 712 4308 annuatim.
1145 4249 1230 4327 quod
1245 4248 1394 4326 pergitur
1415 4247 1456 4309 ad
1472 4263 1583 4326 mare;
1604 4249 1638 4311 et
1656 4249 1831 4326 porticum,
1855 4253 1947 4316 unde

333 4345 482 4406 Ecclesia
506 4345 618 4406 Sancti
643 4343 739 4404 Pauli
763 4344 798 4405 in
820 4344 941 4422 Campo
962 4345 1086 4421 Salese,
1143 4347 1315 4423 ingressus
1327 4346 1377 4408 est
1386 4345 1427 4407 ad
1441 4345 1687 4424 episcopatum:
1702 4347 1862 4410 medietas
1873 4351 1946 4413 tota

292 4457 393 4502 unam
406 4441 525 4504 libram
536 4457 632 4504 cerac.
1143 4461 1186 4506 ex
1200 4444 1330 4520 integro
1345 4443 1439 4521 Ripae
1455 4441 1577 4510 littoris
1593 4443 1706 4518 maris,
1723 4461 1798 4508 cum
1815 4447 1947 4510 medie-

332 4540 480 4602 Ecclesia
503 4539 592 4602 beati
620 4539 717 4602 Pauli
741 4539 782 4600 de
811 4539 955 4614 (talleto,
986 4559 1087 4604 unam
1141 4543 1210 4610 tate
1222 4541 1262 4602 de
1276 4541 1429 4604 districtu
1454 4557 1526 4613 sue,
1546 4557 1620 4619 quae
1635 4541 1677 4604 ad
1703 4542 1825 4606 littoris
1848 4547 1945 4623 ripas

291 4637 410 4700 libram
424 4653 521 4700 cerat.
1142 4639 1297 4717 pertinet,
1307 4640 1378 4702 sive
1388 4639 1429 4700 de
1440 4642 1459 4701 J
1462 4638 1567 4714 udeis,
1580 4639 1651 4702 sive
1662 4639 1702 4702 de
1716 4641 1918 4705 Christianis
1933 4662 1941 4701 ε

329 4735 477 4798 Ecclesia
508 4735 620 4798 Sancti
643 4735 805 4814 Spiritus,
834 4752 934 4798 unam
963 4737 1086 4800 libram
1140 4731 1257 4799 verum
1283 4737 1384 4799 etiam
1408 4737 1441 4798 et
1463 4735 1556 4798 littus
1584 4737 1687 4798 maris
1714 4737 1896 4802 decurrens
1921 4758 1943 4804 a

291 4851 387 4898 cerae.
1141 4835 1335 4898 Flumicello
1355 4851 1459 4912 usque
1483 4833 1524 4896 ad
1546 4834 1697 4907 fluvium,
1721 4836 1778 4914 qui
1800 4839 1944 4902 vocatur

329 4933 567 4996 Monasterium
582 4925 836 4996 SanctaeMariae
848 4931 1083 5006 VallisGerlae,
1140 4933 1325 5008 Maricula3
1349 4932 1436 4994 idem
1458 4931 1611 4994 dominus
1633 4936 1724 5010 Papa
1751 4933 1792 4994 ab
1821 4936 1940 4999 eodem

288 5047 388 5094 unam
403 5032 522 5096 libram
538 5047 635 5094 ceros.
650 5030 741 5105 Quod
758 5033 808 5092 est
822 5030 1022 5107 exemptum.
1140 5031 1294 5107 episcope
1309 5030 1428 5092 libram
1441 5029 1516 5108 puri
1531 5030 1663 5106 argenti
1677 5029 1741 5092 sibi
1756 5032 1789 5094 et
1801 5049 1941 5096 succes-

327 5131 707 5194 MonasteriumSanctae
722 5128 887 5190 Mariaede
899 5127 1081 5205 Aquaviva,
1139 5129 1269 5191 soribus
1284 5128 1354 5190 suis
1374 5129 1473 5190 annis
1495 5127 1638 5206 singulis
1664 5128 1837 5192 constituit
1859 5147 1941 5208 per·-

286 5245 386 5292 unam
402 5229 520 5292 libram
536 5244 633 5290 cerae.
651 5225 743 5299 Quod
759 5225 808 5288 est
822 5227 1022 5302 exemptum.
1139 5227 1342 5290 solvendam.
1374 5226 1409 5288 Si
1434 5240 1509 5303 quae
1538 5225 1641 5302 igitur
1670 5224 1847 5304 privilegia
1882 5231 1938 5291 rel

325 5327 565 5390 Monasterium
582 5325 694 5388 Sancti
707 5323 798 5386 Petri
813 5323 854 5385 de
868 5325 979 5386 Monte
994 5327 1083 5388 Mar·
1138 5324 1260 5403 scripta
1281 5324 1448 5403 praedictae
1472 5323 1696 5386 ariminensis
1724 5323 1876 5389 ecclesiae
1899 5327 1937 5390 in

286 5442 380 5498 cane,
396 5427 435 5486 12
456 5425 619 5488 lucenses.
1137 5423 1304 5501 posterum
1326 5423 1553 5500 apparuerint,
1572 5438 1646 5500 quae
1661 5422 1826 5487 minorem
1849 5441 1938 5503 pen-

324 5523 563 5586 Monasterium
589 5521 718 5584 Sanctae
733 5519 849 5583 Mariae
874 5519 1080 5597 Magdalenae
1137 5522 1264 5584 sienem
1286 5520 1491 5594 contineant,
1516 5519 1607 5584 circa
1630 5520 1757 5598 partem
1777 5521 1869 5584 illam
1894 5523 1937 5587 de

279 5627 377 5704 juxta
399 5623 555 5683 Nursiarn
576 5621 611 5682 in
628 5619 763 5680 dioecesi
786 5619 964 5696 Spoletana
985 5621 1082 5684 debet
1136 5621 1246 5681 cetero
1259 5618 1387 5680 nullum
1407 5608 1509 5681 robur
1522 5617 1703 5680 obtineant.
