<?xml version="1.0" encoding="UTF-8"?>
<!DOCTYPE html PUBLIC "-//W3C//DTD XHTML 1.0 Transitional//EN"
    "http://www.w3.org/TR/xhtml1/DTD/xhtml1-transitional.dtd">
<html xmlns="http://www.w3.org/1999/xhtml" xml:lang="en" lang="en">
 <head>
  <title>
</title>
<meta http-equiv="Content-Type" content="text/html;charset=utf-8" />
  <meta name='ocr-system' content='tesseract 3.04.00' />
  <meta name='ocr-capabilities' content='ocr_page ocr_carea ocr_par ocr_line ocrx_word'/>
</head>
<body>
  <div class='ocr_page' id='page_1' title='image "./mediiaevibiblio05bottgoog/mediiaevibiblio05bottgoog_0025.png"; bbox 0 0 4106 6422; ppageno 0'>
   <div class='ocr_carea' id='block_1_1' title="bbox 302 276 363 324">
    <p class='ocr_par' dir='ltr' id='par_1_1' title="bbox 302 276 363 324">
     <span class='ocr_line' id='line_1_1' title="bbox 302 276 363 324; baseline 0 0"><span class='ocrx_word' id='word_1_1' title='bbox 302 276 363 324; x_wconf 74' lang='lat' dir='ltr'><strong>xlx</strong></span> 
     </span>
    </p>
   </div>
   <div class='ocr_carea' id='block_1_2' title="bbox 169 420 1100 496">
    <p class='ocr_par' dir='ltr' id='par_1_2' title="bbox 169 420 1100 496">
     <span class='ocr_line' id='line_1_2' title="bbox 169 420 1100 496; baseline 0 -16"><span class='ocrx_word' id='word_1_2' title='bbox 169 426 174 433; x_wconf 87' lang='lat'>&#39;</span> <span class='ocrx_word' id='word_1_3' title='bbox 299 421 409 490; x_wconf 86' lang='lat' dir='ltr'><strong>nortus,</strong></span> <span class='ocrx_word' id='word_1_4' title='bbox 426 420 595 496; x_wconf 86' lang='lat' dir='ltr'><strong>parcequ&#39;ils</strong></span> <span class='ocrx_word' id='word_1_5' title='bbox 615 420 742 480; x_wconf 89' lang='lat' dir='ltr'><strong>oubiient</strong></span> <span class='ocrx_word' id='word_1_6' title='bbox 759 435 810 479; x_wconf 89' lang='lat' dir='ltr'><strong>ces</strong></span> <span class='ocrx_word' id='word_1_7' title='bbox 828 420 1051 496; x_wconf 79' lang='lat' dir='ltr'><strong>genrisscmeuts</strong></span> <span class='ocrx_word' id='word_1_8' title='bbox 1065 421 1100 480; x_wconf 90' lang='lat' dir='ltr'><strong>de</strong></span> 
     </span>
    </p>
   </div>
   <div class='ocr_carea' id='block_1_3' title="bbox 297 507 1103 4387">
    <p class='ocr_par' dir='ltr' id='par_1_3' title="bbox 300 507 1099 690">
     <span class='ocr_line' id='line_1_3' title="bbox 300 507 1099 592; baseline 0.003 -16"><span class='ocrx_word' id='word_1_9' title='bbox 300 507 431 592; x_wconf 55' lang='lat' dir='ltr'><strong>l&#39;Qiise,</strong></span> <span class='ocrx_word' id='word_1_10' title='bbox 449 533 486 578; x_wconf 88' lang='lat' dir='ltr'><strong>au</strong></span> <span class='ocrx_word' id='word_1_11' title='bbox 504 519 602 576; x_wconf 89' lang='lat' dir='ltr'><strong>milieu</strong></span> <span class='ocrx_word' id='word_1_12' title='bbox 620 519 753 592; x_wconf 85' lang='lat' dir='ltr'><strong>desquels</strong></span> <span class='ocrx_word' id='word_1_13' title='bbox 777 520 805 577; x_wconf 91' lang='lat' dir='ltr'><strong>le</strong></span> <span class='ocrx_word' id='word_1_14' title='bbox 825 519 892 578; x_wconf 89' lang='lat' dir='ltr'><strong>bien</strong></span> <span class='ocrx_word' id='word_1_15' title='bbox 912 518 1099 592; x_wconf 85' lang='lat' dir='ltr'><strong>s&#39;accomplit,</strong></span> 
     </span>
     <span class='ocr_line' id='line_1_4' title="bbox 303 615 946 690; baseline 0.002 -16"><span class='ocrx_word' id='word_1_16' title='bbox 303 615 482 690; x_wconf 73' lang='lat' dir='ltr'><strong>auiourd’hui</strong></span> <span class='ocrx_word' id='word_1_17' title='bbox 492 630 605 674; x_wconf 89' lang='lat' dir='ltr'><strong>comme</strong></span> <span class='ocrx_word' id='word_1_18' title='bbox 620 615 692 674; x_wconf 90' lang='lat' dir='ltr'><strong>dans</strong></span> <span class='ocrx_word' id='word_1_19' title='bbox 705 622 771 674; x_wconf 89' lang='lat' dir='ltr'><strong>tous</strong></span> <span class='ocrx_word' id='word_1_20' title='bbox 785 617 828 675; x_wconf 89' lang='lat' dir='ltr'><strong>les</strong></span> <span class='ocrx_word' id='word_1_21' title='bbox 842 625 946 690; x_wconf 80' lang='lat' dir='ltr'><strong>temps.</strong></span> 
     </span>
    </p>

    <p class='ocr_par' dir='ltr' id='par_1_4' title="bbox 298 710 1103 3205">
     <span class='ocr_line' id='line_1_5' title="bbox 335 710 1096 788; baseline 0 -16"><span class='ocrx_word' id='word_1_22' title='bbox 335 714 380 772; x_wconf 75' lang='lat' dir='ltr'><strong>ii.</strong></span> <span class='ocrx_word' id='word_1_23' title='bbox 397 715 452 772; x_wconf 88' lang='lat' dir='ltr'><strong>Les</strong></span> <span class='ocrx_word' id='word_1_24' title='bbox 469 712 697 772; x_wconf 79' lang='lat' dir='ltr'><strong>consideratione</strong></span> <span class='ocrx_word' id='word_1_25' title='bbox 715 712 751 770; x_wconf 89' lang='lat' dir='ltr'><strong>de</strong></span> <span class='ocrx_word' id='word_1_26' title='bbox 766 715 793 772; x_wconf 88' lang='lat' dir='ltr'><strong>la</strong></span> <span class='ocrx_word' id='word_1_27' title='bbox 809 713 991 788; x_wconf 81' lang='lat' dir='ltr'>philosophie</span> <span class='ocrx_word' id='word_1_28' title='bbox 1010 710 1096 773; x_wconf 76' lang='lat' dir='ltr'><strong>obre·</strong></span> 
     </span>
     <span class='ocr_line' id='line_1_6' title="bbox 301 811 1101 886; baseline 0.001 -17"><span class='ocrx_word' id='word_1_29' title='bbox 301 812 398 869; x_wconf 77' lang='lat' dir='ltr'><strong>denne</strong></span> <span class='ocrx_word' id='word_1_30' title='bbox 412 815 441 868; x_wconf 88' lang='lat' dir='ltr'><strong>et</strong></span> <span class='ocrx_word' id='word_1_31' title='bbox 458 811 596 884; x_wconf 88' lang='lat' dir='ltr'><strong>pratique,</strong></span> <span class='ocrx_word' id='word_1_32' title='bbox 614 811 679 870; x_wconf 87' lang='lat' dir='ltr'><strong>telle</strong></span> <span class='ocrx_word' id='word_1_33' title='bbox 694 825 750 886; x_wconf 90' lang='lat' dir='ltr'><strong>que</strong></span> <span class='ocrx_word' id='word_1_34' title='bbox 768 812 811 870; x_wconf 87' lang='lat' dir='ltr'><strong>les</strong></span> <span class='ocrx_word' id='word_1_35' title='bbox 822 814 1054 885; x_wconf 83' lang='lat' dir='ltr'><strong>contemporales</strong></span> <span class='ocrx_word' id='word_1_36' title='bbox 1072 813 1101 870; x_wconf 85' lang='lat' dir='ltr'><strong>la</strong></span> 
     </span>
     <span class='ocr_line' id='line_1_7' title="bbox 299 906 1100 982; baseline 0.002 -16"><span class='ocrx_word' id='word_1_37' title='bbox 299 908 524 980; x_wconf 84' lang='lat' dir='ltr'><strong>comprensiout,</strong></span> <span class='ocrx_word' id='word_1_38' title='bbox 536 907 663 982; x_wconf 83' lang='lat' dir='ltr'><strong>toujours</strong></span> <span class='ocrx_word' id='word_1_39' title='bbox 680 906 836 981; x_wconf 80' lang='lat' dir='ltr'><strong>procedant</strong></span> <span class='ocrx_word' id='word_1_40' title='bbox 852 923 904 982; x_wconf 93' lang='lat' dir='ltr'><strong>par</strong></span> <span class='ocrx_word' id='word_1_41' title='bbox 913 909 1056 968; x_wconf 84' lang='lat' dir='ltr'><strong>divisione</strong></span> <span class='ocrx_word' id='word_1_42' title='bbox 1071 919 1100 968; x_wconf 89' lang='lat' dir='ltr'><strong>et</strong></span> 
     </span>
     <span class='ocr_line' id='line_1_8' title="bbox 300 1000 1098 1080; baseline 0.006 -18"><span class='ocrx_word' id='word_1_43' title='bbox 300 1000 524 1076; x_wconf 76' lang='lat' dir='ltr'><strong>enumeratione,</strong></span> <span class='ocrx_word' id='word_1_44' title='bbox 541 1020 578 1064; x_wconf 90' lang='lat' dir='ltr'><strong>ne</strong></span> <span class='ocrx_word' id='word_1_45' title='bbox 592 1013 659 1064; x_wconf 91' lang='lat' dir='ltr'><strong>sont</strong></span> <span class='ocrx_word' id='word_1_46' title='bbox 671 1020 724 1079; x_wconf 88' lang='lat' dir='ltr'><strong>pes</strong></span> <span class='ocrx_word' id='word_1_47' title='bbox 738 1004 933 1080; x_wconf 79' lang='lat' dir='ltr'><strong>etrangirresd</strong></span> <span class='ocrx_word' id='word_1_48' title='bbox 944 1009 1098 1067; x_wconf 84' lang='lat' dir='ltr'><strong>Honorius.</strong></span> 
     </span>
     <span class='ocr_line' id='line_1_9' title="bbox 302 1102 1102 1172; baseline 0.014 -18"><span class='ocrx_word' id='word_1_49' title='bbox 302 1122 317 1154; x_wconf 69' lang='grc' dir='ltr'>ι</span> <span class='ocrx_word' id='word_1_50' title='bbox 335 1102 462 1172; x_wconf 78' lang='lat' dir='ltr'><strong>Quatuor</strong></span> <span class='ocrx_word' id='word_1_51' title='bbox 473 1103 551 1162; x_wconf 89' lang='lat' dir='ltr'><strong>enim</strong></span> <span class='ocrx_word' id='word_1_52' title='bbox 566 1111 633 1160; x_wconf 89' lang='lat' dir='ltr'><strong>sunt</strong></span> <span class='ocrx_word' id='word_1_53' title='bbox 645 1118 742 1162; x_wconf 78' lang='lat' dir='ltr'><strong>cause</strong></span> <span class='ocrx_word' id='word_1_54' title='bbox 754 1105 844 1162; x_wconf 78' lang='lat' dir='ltr'>nostri</span> <span class='ocrx_word' id='word_1_55' title='bbox 855 1103 971 1164; x_wconf 89' lang='lat' dir='ltr'><strong>doloris.</strong></span> <span class='ocrx_word' id='word_1_56' title='bbox 986 1105 1102 1164; x_wconf 87' lang='lat' dir='ltr'><strong>Flemus</strong></span> 
     </span>
     <span class='ocr_line' id='line_1_10' title="bbox 301 1199 1100 1278; baseline 0.005 -21"><span class='ocrx_word' id='word_1_57' title='bbox 301 1207 417 1274; x_wconf 88' lang='lat' dir='ltr'><strong>propter</strong></span> <span class='ocrx_word' id='word_1_58' title='bbox 436 1201 568 1258; x_wconf 87' lang='lat' dir='ltr'><strong>miserias</strong></span> <span class='ocrx_word' id='word_1_59' title='bbox 592 1199 679 1274; x_wconf 77' lang='lat' dir='ltr'><strong>hujus</strong></span> <span class='ocrx_word' id='word_1_60' title='bbox 703 1201 817 1273; x_wconf 82' lang='lat' dir='ltr'><strong>secuit,</strong></span> <span class='ocrx_word' id='word_1_61' title='bbox 843 1207 958 1275; x_wconf 86' lang='lat' dir='ltr'><strong>propter</strong></span> <span class='ocrx_word' id='word_1_62' title='bbox 983 1211 1100 1278; x_wconf 90' lang='lat' dir='ltr'><strong>peccata</strong></span> 
     </span>
     <span class='ocr_line' id='line_1_11' title="bbox 299 1298 1102 1374; baseline 0.002 -18"><span class='ocrx_word' id='word_1_63' title='bbox 299 1303 408 1368; x_wconf 83' lang='lat' dir='ltr'><strong>nosne,</strong></span> <span class='ocrx_word' id='word_1_64' title='bbox 434 1305 551 1372; x_wconf 85' lang='lat' dir='ltr'><strong>propter</strong></span> <span class='ocrx_word' id='word_1_65' title='bbox 572 1298 804 1372; x_wconf 77' lang='lat' dir='ltr'><strong>compassionem</strong></span> <span class='ocrx_word' id='word_1_66' title='bbox 826 1299 959 1373; x_wconf 80' lang='lat' dir='ltr'><strong>proximi,</strong></span> <span class='ocrx_word' id='word_1_67' title='bbox 984 1307 1102 1374; x_wconf 88' lang='lat' dir='ltr'><strong>propter</strong></span> 
     </span>
     <span class='ocr_line' id='line_1_12' title="bbox 298 1393 1098 1472; baseline 0.003 -18"><span class='ocrx_word' id='word_1_68' title='bbox 298 1393 466 1456; x_wconf 85' lang='lat' dir='ltr'><strong>dilationem</strong></span> <span class='ocrx_word' id='word_1_69' title='bbox 484 1395 653 1468; x_wconf 77' lang='lat' dir='ltr'><strong>praemii...=</strong></span> <span class='ocrx_word' id='word_1_70' title='bbox 676 1396 715 1454; x_wconf 81' lang='lat' dir='ltr'><strong>Le</strong></span> <span class='ocrx_word' id='word_1_71' title='bbox 727 1411 796 1454; x_wconf 91' lang='lat' dir='ltr'><strong>sens</strong></span> <span class='ocrx_word' id='word_1_72' title='bbox 811 1397 902 1455; x_wconf 90' lang='lat' dir='ltr'><strong>moral</strong></span> <span class='ocrx_word' id='word_1_73' title='bbox 918 1411 956 1456; x_wconf 92' lang='lat' dir='ltr'><strong>ou</strong></span> <span class='ocrx_word' id='word_1_74' title='bbox 974 1398 1098 1472; x_wconf 89' lang='lat' dir='ltr'><strong>tropolo-</strong></span> 
     </span>
     <span class='ocr_line' id='line_1_13' title="bbox 299 1491 1101 1568; baseline 0.004 -18"><span class='ocrx_word' id='word_1_75' title='bbox 299 1491 418 1564; x_wconf 76' lang='lat' dir='ltr'><strong>logique</strong></span> <span class='ocrx_word' id='word_1_76' title='bbox 440 1491 492 1548; x_wconf 87' lang='lat' dir='ltr'><strong>des</strong></span> <span class='ocrx_word' id='word_1_77' title='bbox 518 1499 610 1550; x_wconf 81' lang='lat' dir='ltr'><strong>testes</strong></span> <span class='ocrx_word' id='word_1_78' title='bbox 634 1492 703 1566; x_wconf 88' lang='lat' dir='ltr'><strong>qu’il</strong></span> <span class='ocrx_word' id='word_1_79' title='bbox 722 1501 886 1552; x_wconf 90' lang='lat' dir='ltr'><strong>commenta</strong></span> <span class='ocrx_word' id='word_1_80' title='bbox 906 1495 948 1552; x_wconf 95' lang='lat' dir='ltr'><strong>lui</strong></span> <span class='ocrx_word' id='word_1_81' title='bbox 970 1493 1101 1568; x_wconf 76' lang='lat' dir='ltr'><strong>eebappe</strong></span> 
     </span>
     <span class='ocr_line' id='line_1_14' title="bbox 300 1586 1103 1664; baseline 0.006 -19"><span class='ocrx_word' id='word_1_82' title='bbox 300 1586 367 1645; x_wconf 90' lang='lat' dir='ltr'><strong>bien</strong></span> <span class='ocrx_word' id='word_1_83' title='bbox 382 1588 476 1647; x_wconf 90' lang='lat' dir='ltr'><strong>moins</strong></span> <span class='ocrx_word' id='word_1_84' title='bbox 490 1603 605 1659; x_wconf 79' lang='lat' dir='ltr'><strong>encore,</strong></span> <span class='ocrx_word' id='word_1_85' title='bbox 619 1596 647 1647; x_wconf 86' lang='lat' dir='ltr'><strong>et</strong></span> <span class='ocrx_word' id='word_1_86' title='bbox 661 1590 699 1648; x_wconf 93' lang='lat' dir='ltr'><strong>lui</strong></span> <span class='ocrx_word' id='word_1_87' title='bbox 714 1591 822 1662; x_wconf 86' lang='lat' dir='ltr'><strong>inspira</strong></span> <span class='ocrx_word' id='word_1_88' title='bbox 840 1589 913 1648; x_wconf 90' lang='lat' dir='ltr'><strong>dans</strong></span> <span class='ocrx_word' id='word_1_89' title='bbox 931 1605 965 1649; x_wconf 87' lang='lat' dir='ltr'><strong>ce</strong></span> <span class='ocrx_word' id='word_1_90' title='bbox 978 1593 1103 1664; x_wconf 73' lang='lat' dir='ltr'><strong>memier</strong></span> 
     </span>
     <span class='ocr_line' id='line_1_15' title="bbox 301 1680 1100 1762; baseline 0.008 -20"><span class='ocrx_word' id='word_1_91' title='bbox 301 1699 418 1744; x_wconf 90' lang='lat' dir='ltr'><strong>sermon</strong></span> <span class='ocrx_word' id='word_1_92' title='bbox 435 1680 481 1743; x_wconf 81' lang='lat' dir='ltr'><strong>de&#39;</strong></span> <span class='ocrx_word' id='word_1_93' title='bbox 493 1683 606 1745; x_wconf 78' lang='lat' dir='ltr'><strong>l‘Aveut</strong></span> <span class='ocrx_word' id='word_1_94' title='bbox 627 1702 666 1745; x_wconf 94' lang='lat' dir='ltr'><strong>un</strong></span> <span class='ocrx_word' id='word_1_95' title='bbox 692 1688 820 1762; x_wconf 80' lang='lat' dir='ltr'><strong>iangage</strong></span> <span class='ocrx_word' id='word_1_96' title='bbox 837 1688 915 1762; x_wconf 89' lang='lat' dir='ltr'><strong>pleln</strong></span> <span class='ocrx_word' id='word_1_97' title='bbox 943 1687 1100 1762; x_wconf 77' lang='lat' dir='ltr'><strong>d&#39;energie.</strong></span> 
     </span>
     <span class='ocr_line' id='line_1_16' title="bbox 302 1781 1102 1860; baseline 0.013 -25"><span class='ocrx_word' id='word_1_98' title='bbox 302 1803 315 1835; x_wconf 85' lang='lat'><strong>‹</strong></span> <span class='ocrx_word' id='word_1_99' title='bbox 337 1781 489 1842; x_wconf 66' lang='lat' dir='ltr'><strong>&amp;lendum</strong></span> <span class='ocrx_word' id='word_1_100' title='bbox 504 1784 628 1855; x_wconf 83' lang='lat' dir='ltr'><strong>estquis</strong></span> <span class='ocrx_word' id='word_1_101' title='bbox 645 1784 736 1842; x_wconf 88' lang='lat' dir='ltr'><strong>tribua</strong></span> <span class='ocrx_word' id='word_1_102' title='bbox 755 1784 792 1842; x_wconf 90' lang='lat' dir='ltr'><strong>de</strong></span> <span class='ocrx_word' id='word_1_103' title='bbox 816 1785 912 1844; x_wconf 88' lang='lat' dir='ltr'><strong>causis</strong></span> <span class='ocrx_word' id='word_1_104' title='bbox 929 1787 1102 1860; x_wconf 77' lang='lat' dir='ltr'><strong>contingunt</strong></span> 
     </span>
     <span class='ocr_line' id='line_1_17' title="bbox 300 1880 1100 1955; baseline 0.004 -17"><span class='ocrx_word' id='word_1_105' title='bbox 300 1881 399 1938; x_wconf 85' lang='lat' dir='ltr'><strong>omnia</strong></span> <span class='ocrx_word' id='word_1_106' title='bbox 414 1881 516 1955; x_wconf 80' lang='lat' dir='ltr'><strong>signa:</strong></span> <span class='ocrx_word' id='word_1_107' title='bbox 533 1880 667 1940; x_wconf 86' lang='lat' dir='ltr'><strong>uidelicet</strong></span> <span class='ocrx_word' id='word_1_108' title='bbox 685 1881 721 1939; x_wconf 92' lang='lat' dir='ltr'><strong>ad</strong></span> <span class='ocrx_word' id='word_1_109' title='bbox 735 1881 991 1941; x_wconf 77' lang='lat' dir='ltr'><strong>commonitionem</strong></span> <span class='ocrx_word' id='word_1_110' title='bbox 1011 1883 1100 1942; x_wconf 83' lang='lat' dir='ltr'><strong>bono·</strong></span> 
     </span>
     <span class='ocr_line' id='line_1_18' title="bbox 301 1977 1102 2049; baseline 0.007 -15"><span class='ocrx_word' id='word_1_111' title='bbox 301 1991 376 2047; x_wconf 86' lang='lat' dir='ltr'><strong>rum,</strong></span> <span class='ocrx_word' id='word_1_112' title='bbox 392 1977 428 2034; x_wconf 90' lang='lat' dir='ltr'><strong>ad</strong></span> <span class='ocrx_word' id='word_1_113' title='bbox 443 1983 580 2036; x_wconf 88' lang='lat' dir='ltr'><strong>terrorem</strong></span> <span class='ocrx_word' id='word_1_114' title='bbox 599 1979 750 2049; x_wconf 87' lang='lat' dir='ltr'><strong>malorum,</strong></span> <span class='ocrx_word' id='word_1_115' title='bbox 766 1978 803 2038; x_wconf 90' lang='lat' dir='ltr'><strong>ad</strong></span> <span class='ocrx_word' id='word_1_116' title='bbox 818 1981 1013 2040; x_wconf 79' lang='lat' dir='ltr'><strong>ostensionem</strong></span> <span class='ocrx_word' id='word_1_117' title='bbox 1032 1981 1102 2040; x_wconf 79' lang='lat' dir='ltr'><strong>diui·</strong></span> 
     </span>
     <span class='ocr_line' id='line_1_19' title="bbox 302 2074 1098 2148; baseline 0.008 -17"><span class='ocrx_word' id='word_1_118' title='bbox 302 2087 404 2132; x_wconf 89' lang='lat' dir='ltr'><strong>norum</strong></span> <span class='ocrx_word' id='word_1_119' title='bbox 420 2074 605 2148; x_wconf 76' lang='lat' dir='ltr'><strong>iudiciorum.</strong></span> <span class='ocrx_word' id='word_1_120' title='bbox 629 2078 654 2133; x_wconf 91' lang='lat' dir='ltr'><strong>l.</strong></span> <span class='ocrx_word' id='word_1_121' title='bbox 672 2075 718 2134; x_wconf 80' lang='lat' dir='ltr'><strong>Ad</strong></span> <span class='ocrx_word' id='word_1_122' title='bbox 734 2077 988 2137; x_wconf 81' lang='lat' dir='ltr'><strong>commonitionem</strong></span> <span class='ocrx_word' id='word_1_123' title='bbox 1008 2078 1098 2138; x_wconf 89' lang='lat' dir='ltr'><strong>bono·</strong></span> 
     </span>
     <span class='ocr_line' id='line_1_20' title="bbox 300 2171 1099 2249; baseline 0.004 -18"><span class='ocrx_word' id='word_1_124' title='bbox 300 2185 375 2241; x_wconf 82' lang='lat' dir='ltr'><strong>tum,</strong></span> <span class='ocrx_word' id='word_1_125' title='bbox 397 2173 463 2243; x_wconf 87' lang='lat' dir='ltr'><strong>quia</strong></span> <span class='ocrx_word' id='word_1_126' title='bbox 477 2171 596 2244; x_wconf 76' lang='lat' dir='ltr'><strong>quilibet</strong></span> <span class='ocrx_word' id='word_1_127' title='bbox 618 2173 703 2232; x_wconf 89' lang='lat' dir='ltr'><strong>electi</strong></span> <span class='ocrx_word' id='word_1_128' title='bbox 725 2173 857 2234; x_wconf 86' lang='lat' dir='ltr'><strong>videntes</strong></span> <span class='ocrx_word' id='word_1_129' title='bbox 870 2177 955 2249; x_wconf 81' lang='lat' dir='ltr'><strong>signa</strong></span> <span class='ocrx_word' id='word_1_130' title='bbox 971 2183 1001 2234; x_wconf 88' lang='lat' dir='ltr'><strong>et</strong></span> <span class='ocrx_word' id='word_1_131' title='bbox 1023 2176 1099 2235; x_wconf 92' lang='lat' dir='ltr'><strong>mala</strong></span> 
     </span>
     <span class='ocr_line' id='line_1_21' title="bbox 300 2265 1099 2346; baseline 0.009 -21"><span class='ocrx_word' id='word_1_132' title='bbox 300 2265 506 2341; x_wconf 81' lang='lat' dir='ltr'><strong>hujusmundi,</strong></span> <span class='ocrx_word' id='word_1_133' title='bbox 522 2268 627 2328; x_wconf 85' lang='lat' dir='ltr'><strong>debent</strong></span> <span class='ocrx_word' id='word_1_134' title='bbox 640 2284 825 2330; x_wconf 90' lang='lat' dir='ltr'><strong>commouere</strong></span> <span class='ocrx_word' id='word_1_135' title='bbox 841 2288 873 2330; x_wconf 92' lang='lat' dir='ltr'><strong>se</strong></span> <span class='ocrx_word' id='word_1_136' title='bbox 890 2274 969 2346; x_wconf 90' lang='lat' dir='ltr'><strong>ipsos</strong></span> <span class='ocrx_word' id='word_1_137' title='bbox 983 2272 1017 2332; x_wconf 88' lang='lat' dir='ltr'><strong>sd</strong></span> <span class='ocrx_word' id='word_1_138' title='bbox 1031 2287 1099 2331; x_wconf 90' lang='lat' dir='ltr'><strong>con·</strong></span> 
     </span>
     <span class='ocr_line' id='line_1_22' title="bbox 299 2367 1100 2444; baseline 0.009 -22"><span class='ocrx_word' id='word_1_139' title='bbox 299 2371 439 2438; x_wconf 87' lang='lat' dir='ltr'><strong>temptum</strong></span> <span class='ocrx_word' id='word_1_140' title='bbox 455 2367 553 2426; x_wconf 83' lang='lat' dir='ltr'><strong>seculi</strong></span> <span class='ocrx_word' id='word_1_141' title='bbox 571 2375 601 2425; x_wconf 86' lang='lat' dir='ltr'><strong>et</strong></span> <span class='ocrx_word' id='word_1_142' title='bbox 622 2382 751 2426; x_wconf 82' lang='lat' dir='ltr'><strong>amorem</strong></span> <span class='ocrx_word' id='word_1_143' title='bbox 771 2370 833 2428; x_wconf 85' lang='lat' dir='ltr'><strong>Dei.</strong></span> <span class='ocrx_word' id='word_1_144' title='bbox 860 2370 950 2444; x_wconf 86' lang='lat' dir='ltr'><strong>Signa</strong></span> <span class='ocrx_word' id='word_1_145' title='bbox 975 2385 1100 2443; x_wconf 89' lang='lat' dir='ltr'><strong>namque</strong></span> 
     </span>
     <span class='ocr_line' id='line_1_23' title="bbox 299 2463 1102 2540; baseline 0.007 -20"><span class='ocrx_word' id='word_1_146' title='bbox 299 2463 394 2536; x_wconf 81' lang='lat' dir='ltr'><strong>plage</strong></span> <span class='ocrx_word' id='word_1_147' title='bbox 408 2469 437 2520; x_wconf 90' lang='lat' dir='ltr'><strong>et</strong></span> <span class='ocrx_word' id='word_1_148' title='bbox 451 2465 541 2522; x_wconf 80' lang='lat' dir='ltr'><strong>ruine</strong></span> <span class='ocrx_word' id='word_1_149' title='bbox 556 2463 753 2539; x_wconf 84' lang='lat' dir='ltr'><strong>hujusmundi</strong></span> <span class='ocrx_word' id='word_1_150' title='bbox 769 2467 850 2539; x_wconf 88' lang='lat' dir='ltr'><strong>quasi</strong></span> <span class='ocrx_word' id='word_1_151' title='bbox 865 2466 996 2540; x_wconf 75' lang='lat' dir='ltr'><strong>quedam</strong></span> <span class='ocrx_word' id='word_1_152' title='bbox 1014 2482 1102 2526; x_wconf 86' lang='lat' dir='ltr'><strong>voees</strong></span> 
     </span>
     <span class='ocr_line' id='line_1_24' title="bbox 299 2562 1100 2639; baseline 0.007 -20"><span class='ocrx_word' id='word_1_153' title='bbox 299 2562 526 2620; x_wconf 78' lang='lat' dir='ltr'><strong>commonitorie</strong></span> <span class='ocrx_word' id='word_1_154' title='bbox 538 2569 616 2633; x_wconf 87' lang='lat' dir='ltr'><strong>sunt,</strong></span> <span class='ocrx_word' id='word_1_155' title='bbox 632 2578 670 2622; x_wconf 90' lang='lat' dir='ltr'><strong>ne</strong></span> <span class='ocrx_word' id='word_1_156' title='bbox 684 2564 805 2622; x_wconf 85' lang='lat' dir='ltr'><strong>velimus</strong></span> <span class='ocrx_word' id='word_1_157' title='bbox 819 2564 964 2623; x_wconf 89' lang='lat' dir='ltr'><strong>mundana</strong></span> <span class='ocrx_word' id='word_1_158' title='bbox 980 2565 1100 2639; x_wconf 82' lang='lat' dir='ltr'><strong>diligere</strong></span> 
     </span>
     <span class='ocr_line' id='line_1_25' title="bbox 298 2657 1099 2734; baseline 0.007 -18"><span class='ocrx_word' id='word_1_159' title='bbox 298 2671 364 2731; x_wconf 79' lang='lat' dir='ltr'><strong>quas</strong></span> <span class='ocrx_word' id='word_1_160' title='bbox 384 2657 516 2718; x_wconf 86' lang='lat' dir='ltr'><strong>videmus</strong></span> <span class='ocrx_word' id='word_1_161' title='bbox 538 2667 616 2718; x_wconf 86' lang='lat' dir='ltr'><strong>stare</strong></span> <span class='ocrx_word' id='word_1_162' title='bbox 642 2675 699 2720; x_wconf 92' lang='lat' dir='ltr'><strong>oon</strong></span> <span class='ocrx_word' id='word_1_163' title='bbox 728 2675 823 2734; x_wconf 88' lang='lat' dir='ltr'><strong>posse.</strong></span> <span class='ocrx_word' id='word_1_164' title='bbox 843 2662 871 2722; x_wconf 77' lang='lat'><strong>2.</strong></span> <span class='ocrx_word' id='word_1_165' title='bbox 893 2661 937 2720; x_wconf 87' lang='lat' dir='ltr'><strong>lid</strong></span> <span class='ocrx_word' id='word_1_166' title='bbox 960 2671 1099 2722; x_wconf 88' lang='lat' dir='ltr'><strong>terrorem</strong></span> 
     </span>
     <span class='ocr_line' id='line_1_26' title="bbox 298 2754 1099 2832; baseline 0.006 -19"><span class='ocrx_word' id='word_1_167' title='bbox 298 2754 458 2816; x_wconf 87' lang='lat' dir='ltr'><strong>malornm:</strong></span> <span class='ocrx_word' id='word_1_168' title='bbox 481 2765 512 2816; x_wconf 92' lang='lat' dir='ltr'><strong>nt</strong></span> <span class='ocrx_word' id='word_1_169' title='bbox 528 2759 597 2816; x_wconf 85' lang='lat' dir='ltr'><strong>mali</strong></span> <span class='ocrx_word' id='word_1_170' title='bbox 618 2757 749 2818; x_wconf 84' lang='lat' dir='ltr'><strong>videntes</strong></span> <span class='ocrx_word' id='word_1_171' title='bbox 765 2760 850 2832; x_wconf 75' lang='lat' dir='ltr'><strong>signa</strong></span> <span class='ocrx_word' id='word_1_172' title='bbox 867 2761 987 2818; x_wconf 90' lang='lat' dir='ltr'><strong>timeant</strong></span> <span class='ocrx_word' id='word_1_173' title='bbox 1007 2763 1099 2818; x_wconf 84' lang='lat' dir='ltr'><strong>Deum</strong></span> 
     </span>
     <span class='ocr_line' id='line_1_27' title="bbox 301 2853 1099 2929; baseline 0.008 -21"><span class='ocrx_word' id='word_1_174' title='bbox 301 2859 417 2924; x_wconf 89' lang='lat' dir='ltr'><strong>proptor</strong></span> <span class='ocrx_word' id='word_1_175' title='bbox 437 2853 636 2912; x_wconf 84' lang='lat' dir='ltr'><strong>imminentem</strong></span> <span class='ocrx_word' id='word_1_176' title='bbox 660 2855 874 2926; x_wconf 75' lang='lat' dir='ltr'><strong>adversitatem,</strong></span> <span class='ocrx_word' id='word_1_177' title='bbox 894 2871 979 2929; x_wconf 90' lang='lat' dir='ltr'><strong>quem</strong></span> <span class='ocrx_word' id='word_1_178' title='bbox 999 2857 1099 2914; x_wconf 92' lang='lat' dir='ltr'><strong>nolunt</strong></span> 
     </span>
     <span class='ocr_line' id='line_1_28' title="bbox 300 2947 1099 3024; baseline 0.009 -20"><span class='ocrx_word' id='word_1_179' title='bbox 300 2947 403 3006; x_wconf 89' lang='lat' dir='ltr'><strong>timere</strong></span> <span class='ocrx_word' id='word_1_180' title='bbox 427 2948 457 3006; x_wconf 94' lang='lat' dir='ltr'><strong>in</strong></span> <span class='ocrx_word' id='word_1_181' title='bbox 478 2949 559 3022; x_wconf 88' lang='lat' dir='ltr'><strong>pacis</strong></span> <span class='ocrx_word' id='word_1_182' title='bbox 583 2952 796 3024; x_wconf 88' lang='lat' dir='ltr'><strong>tranquillitate,</strong></span> <span class='ocrx_word' id='word_1_183' title='bbox 823 2960 903 3010; x_wconf 79' lang='lat' dir='ltr'><strong>ete.»</strong></span> <span class='ocrx_word' id='word_1_184' title='bbox 926 2951 1099 3012; x_wconf 76' lang='lat' dir='ltr'><strong>L&#39;antitbese</strong></span> 
     </span>
     <span class='ocr_line' id='line_1_29' title="bbox 299 3041 1100 3124; baseline 0.009 -23"><span class='ocrx_word' id='word_1_185' title='bbox 299 3051 345 3102; x_wconf 89' lang='lat' dir='ltr'><strong>est</strong></span> <span class='ocrx_word' id='word_1_186' title='bbox 359 3044 396 3102; x_wconf 88' lang='lat' dir='ltr'><strong>ici</strong></span> <span class='ocrx_word' id='word_1_187' title='bbox 410 3041 627 3106; x_wconf 79' lang='lat' dir='ltr'><strong>ueritablement</strong></span> <span class='ocrx_word' id='word_1_188' title='bbox 641 3046 696 3108; x_wconf 86' lang='lat' dir='ltr'><strong>sort</strong></span> <span class='ocrx_word' id='word_1_189' title='bbox 707 3048 791 3120; x_wconf 85' lang='lat' dir='ltr'><strong>belle,</strong></span> <span class='ocrx_word' id='word_1_190' title='bbox 805 3057 834 3109; x_wconf 91' lang='lat' dir='ltr'><strong>et</strong></span> <span class='ocrx_word' id='word_1_191' title='bbox 844 3049 939 3110; x_wconf 90' lang='lat' dir='ltr'><strong>donne</strong></span> <span class='ocrx_word' id='word_1_192' title='bbox 949 3049 1100 3124; x_wconf 81' lang='lat' dir='ltr'><strong>l&#39;exemple</strong></span> 
     </span>
     <span class='ocr_line' id='line_1_30' title="bbox 299 3139 794 3205; baseline 0.014 -7"><span class='ocrx_word' id='word_1_193' title='bbox 299 3139 453 3200; x_wconf 91' lang='lat' dir='ltr'><strong>d’unbeau</strong></span> <span class='ocrx_word' id='word_1_194' title='bbox 464 3145 794 3205; x_wconf 84' lang='lat' dir='ltr'><strong>mouvemontoratoine.</strong></span> 
     </span>
    </p>

    <p class='ocr_par' dir='ltr' id='par_1_5' title="bbox 297 3240 1100 4078">
     <span class='ocr_line' id='line_1_31' title="bbox 335 3240 1099 3321; baseline 0.008 -23"><span class='ocrx_word' id='word_1_195' title='bbox 335 3241 479 3298; x_wconf 87' lang='lat' dir='ltr'><strong>Honorius</strong></span> <span class='ocrx_word' id='word_1_196' title='bbox 494 3240 610 3312; x_wconf 77' lang='lat' dir='ltr'><strong>s&#39;elbve,</strong></span> <span class='ocrx_word' id='word_1_197' title='bbox 623 3243 686 3316; x_wconf 91' lang='lat' dir='ltr'><strong>plus</strong></span> <span class='ocrx_word' id='word_1_198' title='bbox 700 3243 769 3314; x_wconf 92' lang='lat' dir='ltr'><strong>loiu,</strong></span> <span class='ocrx_word' id='word_1_199' title='bbox 783 3242 799 3302; x_wconf 81' lang='lat' dir='ltr'><strong>b</strong></span> <span class='ocrx_word' id='word_1_200' title='bbox 811 3246 838 3304; x_wconf 91' lang='lat' dir='ltr'><strong>la</strong></span> <span class='ocrx_word' id='word_1_201' title='bbox 847 3245 969 3304; x_wconf 85' lang='lat' dir='ltr'><strong>hauteur</strong></span> <span class='ocrx_word' id='word_1_202' title='bbox 978 3245 1016 3306; x_wconf 92' lang='lat' dir='ltr'><strong>du</strong></span> <span class='ocrx_word' id='word_1_203' title='bbox 1027 3247 1099 3321; x_wconf 82' lang='lat' dir='ltr'><strong>style</strong></span> 
     </span>
     <span class='ocr_line' id='line_1_32' title="bbox 299 3335 1099 3418; baseline 0.011 -24"><span class='ocrx_word' id='word_1_204' title='bbox 299 3335 499 3410; x_wconf 73' lang='lat' dir='ltr'><strong>propitioque.</strong></span> <span class='ocrx_word' id='word_1_205' title='bbox 526 3339 549 3398; x_wconf 93' lang='lat' dir='ltr'><strong>li</strong></span> <span class='ocrx_word' id='word_1_206' title='bbox 570 3339 677 3398; x_wconf 80' lang='lat' dir='ltr'><strong>entend</strong></span> <span class='ocrx_word' id='word_1_207' title='bbox 694 3341 722 3398; x_wconf 92' lang='lat' dir='ltr'><strong>le</strong></span> <span class='ocrx_word' id='word_1_208' title='bbox 744 3341 837 3400; x_wconf 81' lang='lat' dir='ltr'><strong>tracas</strong></span> <span class='ocrx_word' id='word_1_209' title='bbox 861 3343 900 3402; x_wconf 90' lang='lat' dir='ltr'><strong>du</strong></span> <span class='ocrx_word' id='word_1_210' title='bbox 920 3343 1025 3402; x_wconf 90' lang='lat' dir='ltr'><strong>monde</strong></span> <span class='ocrx_word' id='word_1_211' title='bbox 1049 3345 1099 3418; x_wconf 92' lang='lat' dir='ltr'><strong>qui</strong></span> 
     </span>
     <span class='ocr_line' id='line_1_33' title="bbox 298 3433 1100 3514; baseline 0.01 -22"><span class='ocrx_word' id='word_1_212' title='bbox 298 3433 447 3506; x_wconf 80' lang='lat' dir='ltr'><strong>s’ecroule,</strong></span> <span class='ocrx_word' id='word_1_213' title='bbox 462 3437 553 3509; x_wconf 88' lang='lat' dir='ltr'><strong>pareil</strong></span> <span class='ocrx_word' id='word_1_214' title='bbox 567 3453 604 3496; x_wconf 89' lang='lat' dir='ltr'><strong>aa</strong></span> <span class='ocrx_word' id='word_1_215' title='bbox 620 3437 697 3498; x_wconf 88' lang='lat' dir='ltr'><strong>broit</strong></span> <span class='ocrx_word' id='word_1_216' title='bbox 712 3439 765 3498; x_wconf 89' lang='lat' dir='ltr'><strong>des</strong></span> <span class='ocrx_word' id='word_1_217' title='bbox 779 3439 877 3498; x_wconf 88' lang='lat' dir='ltr'><strong>arbres</strong></span> <span class='ocrx_word' id='word_1_218' title='bbox 893 3455 948 3514; x_wconf 90' lang='lat' dir='ltr'><strong>que</strong></span> <span class='ocrx_word' id='word_1_219' title='bbox 962 3442 990 3500; x_wconf 89' lang='lat' dir='ltr'><strong>la</strong></span> <span class='ocrx_word' id='word_1_220' title='bbox 1005 3439 1100 3500; x_wconf 89' lang='lat' dir='ltr'><strong>bache</strong></span> 
     </span>
     <span class='ocr_line' id='line_1_34' title="bbox 297 3529 1095 3614; baseline 0.008 -22"><span class='ocrx_word' id='word_1_221' title='bbox 297 3529 336 3592; x_wconf 85' lang='lat' dir='ltr'><strong>du</strong></span> <span class='ocrx_word' id='word_1_222' title='bbox 350 3530 496 3592; x_wconf 84' lang='lat' dir='ltr'><strong>bricberon</strong></span> <span class='ocrx_word' id='word_1_223' title='bbox 509 3532 609 3609; x_wconf 89' lang='lat' dir='ltr'><strong>irappe</strong></span> <span class='ocrx_word' id='word_1_224' title='bbox 621 3535 695 3595; x_wconf 91' lang='lat' dir='ltr'><strong>daus</strong></span> <span class='ocrx_word' id='word_1_225' title='bbox 710 3538 737 3595; x_wconf 89' lang='lat' dir='ltr'><strong>la</strong></span> <span class='ocrx_word' id='word_1_226' title='bbox 751 3536 832 3598; x_wconf 77' lang='lat' dir='ltr'><strong>ieret.</strong></span> <span class='ocrx_word' id='word_1_227' title='bbox 847 3561 859 3590; x_wconf 81' lang='grc' dir='ltr'>ι</span> <span class='ocrx_word' id='word_1_228' title='bbox 874 3541 1010 3598; x_wconf 85' lang='lat' dir='ltr'><strong>Pressura</strong></span> <span class='ocrx_word' id='word_1_229' title='bbox 1023 3555 1095 3614; x_wconf 79' lang='lat' dir='ltr'><strong>gen·</strong></span> 
     </span>
     <span class='ocr_line' id='line_1_35' title="bbox 298 3629 1096 3711; baseline 0.011 -24"><span class='ocrx_word' id='word_1_230' title='bbox 298 3629 369 3688; x_wconf 74' lang='lat' dir='ltr'><strong>dum</strong></span> <span class='ocrx_word' id='word_1_231' title='bbox 384 3629 439 3688; x_wconf 87' lang='lat' dir='ltr'><strong>erit</strong></span> <span class='ocrx_word' id='word_1_232' title='bbox 449 3639 514 3690; x_wconf 89' lang='lat' dir='ltr'><strong>ante</strong></span> <span class='ocrx_word' id='word_1_233' title='bbox 528 3631 604 3690; x_wconf 74' lang='lat' dir='ltr'><strong>dem</strong></span> <span class='ocrx_word' id='word_1_234' title='bbox 617 3632 727 3708; x_wconf 75' lang='lat' dir='ltr'><strong>iudicii,</strong></span> <span class='ocrx_word' id='word_1_235' title='bbox 744 3635 879 3711; x_wconf 83' lang='lat' dir='ltr'><strong>gentibus</strong></span> <span class='ocrx_word' id='word_1_236' title='bbox 893 3651 957 3695; x_wconf 88' lang='lat' dir='ltr'><strong>sese</strong></span> <span class='ocrx_word' id='word_1_237' title='bbox 973 3637 1096 3698; x_wconf 86' lang='lat' dir='ltr'><strong>invicem</strong></span> 
     </span>
     <span class='ocr_line' id='line_1_36' title="bbox 297 3726 1097 3805; baseline 0.006 -19"><span class='ocrx_word' id='word_1_238' title='bbox 297 3726 527 3786; x_wconf 80' lang='lat' dir='ltr'><strong>occidentibus...</strong></span> <span class='ocrx_word' id='word_1_239' title='bbox 548 3729 619 3800; x_wconf 85' lang='lat' dir='ltr'><strong>Quia</strong></span> <span class='ocrx_word' id='word_1_240' title='bbox 637 3731 781 3803; x_wconf 89' lang='lat' dir='ltr'><strong>quomodo</strong></span> <span class='ocrx_word' id='word_1_241' title='bbox 799 3733 931 3805; x_wconf 81' lang='lat' dir='ltr'><strong>impulse</strong></span> <span class='ocrx_word' id='word_1_242' title='bbox 945 3733 981 3790; x_wconf 91' lang='lat' dir='ltr'><strong>ad</strong></span> <span class='ocrx_word' id='word_1_243' title='bbox 997 3747 1097 3791; x_wconf 86' lang='lat' dir='ltr'><strong>casum</strong></span> 
     </span>
     <span class='ocr_line' id='line_1_37' title="bbox 298 3822 1095 3901; baseline 0.001 -17"><span class='ocrx_word' id='word_1_244' title='bbox 298 3822 416 3884; x_wconf 82' lang='lat' dir='ltr'><strong>arbores</strong></span> <span class='ocrx_word' id='word_1_245' title='bbox 430 3825 555 3884; x_wconf 90' lang='lat' dir='ltr'><strong>sonitum</strong></span> <span class='ocrx_word' id='word_1_246' title='bbox 567 3827 660 3886; x_wconf 86' lang='lat' dir='ltr'><strong>soient</strong></span> <span class='ocrx_word' id='word_1_247' title='bbox 670 3829 853 3901; x_wconf 83' lang='lat' dir='ltr'><strong>praemittere,</strong></span> <span class='ocrx_word' id='word_1_248' title='bbox 867 3827 1019 3886; x_wconf 89' lang='lat' dir='ltr'><strong>siemundi</strong></span> <span class='ocrx_word' id='word_1_249' title='bbox 1037 3836 1095 3888; x_wconf 91' lang='lat' dir='ltr'><strong>ter·</strong></span> 
     </span>
     <span class='ocr_line' id='line_1_38' title="bbox 299 3923 1095 3999; baseline 0.006 -19"><span class='ocrx_word' id='word_1_250' title='bbox 299 3923 378 3981; x_wconf 88' lang='lat' dir='ltr'><strong>mino</strong></span> <span class='ocrx_word' id='word_1_251' title='bbox 393 3925 605 3998; x_wconf 86' lang='lat' dir='ltr'><strong>pmpiuquante</strong></span> <span class='ocrx_word' id='word_1_252' title='bbox 622 3925 704 3999; x_wconf 88' lang='lat' dir='ltr'><strong>quasi</strong></span> <span class='ocrx_word' id='word_1_253' title='bbox 722 3927 856 3999; x_wconf 83' lang='lat' dir='ltr'><strong>pauentia</strong></span> <span class='ocrx_word' id='word_1_254' title='bbox 877 3925 1017 3985; x_wconf 91' lang='lat' dir='ltr'><strong>nutabunt</strong></span> <span class='ocrx_word' id='word_1_255' title='bbox 1037 3927 1095 3985; x_wconf 87' lang='lat' dir='ltr'><strong>ele·</strong></span> 
     </span>
     <span class='ocr_line' id='line_1_39' title="bbox 297 4027 434 4078; baseline 0 0"><span class='ocrx_word' id='word_1_256' title='bbox 297 4027 434 4078; x_wconf 80' lang='lat' dir='ltr'><strong>menta.»</strong></span> 
     </span>
    </p>

    <p class='ocr_par' dir='ltr' id='par_1_6' title="bbox 297 4115 1096 4387">
     <span class='ocr_line' id='line_1_40' title="bbox 332 4115 1094 4194; baseline 0.008 -20"><span class='ocrx_word' id='word_1_257' title='bbox 332 4116 376 4174; x_wconf 79' lang='grc'><strong>33.</strong></span> <span class='ocrx_word' id='word_1_258' title='bbox 389 4118 429 4174; x_wconf 85' lang='lat' dir='ltr'><strong>Le</strong></span> <span class='ocrx_word' id='word_1_259' title='bbox 443 4115 572 4176; x_wconf 82' lang='lat' dir='ltr'><strong>discours</strong></span> <span class='ocrx_word' id='word_1_260' title='bbox 584 4117 744 4176; x_wconf 90' lang='lat' dir='ltr'><strong>sotermine</strong></span> <span class='ocrx_word' id='word_1_261' title='bbox 755 4134 806 4192; x_wconf 88' lang='lat' dir='ltr'><strong>par</strong></span> <span class='ocrx_word' id='word_1_262' title='bbox 817 4134 873 4177; x_wconf 91' lang='lat' dir='ltr'><strong>une</strong></span> <span class='ocrx_word' id='word_1_263' title='bbox 884 4119 1003 4194; x_wconf 83' lang='lat' dir='ltr'><strong>pogede</strong></span> <span class='ocrx_word' id='word_1_264' title='bbox 1014 4121 1094 4180; x_wconf 81' lang='lat' dir='ltr'><strong>tbeo·</strong></span> 
     </span>
     <span class='ocr_line' id='line_1_41' title="bbox 297 4211 1095 4291; baseline 0.01 -21"><span class='ocrx_word' id='word_1_265' title='bbox 297 4211 376 4286; x_wconf 82' lang='lat' dir='ltr'><strong>logie</strong></span> <span class='ocrx_word' id='word_1_266' title='bbox 388 4211 589 4286; x_wconf 82' lang='lat' dir='ltr'><strong>dogmatique:</strong></span> <span class='ocrx_word' id='word_1_267' title='bbox 606 4215 745 4288; x_wconf 68' lang='lat' dir='ltr'><strong>atriplex</strong></span> <span class='ocrx_word' id='word_1_268' title='bbox 761 4225 805 4275; x_wconf 88' lang='lat' dir='ltr'><strong>est</strong></span> <span class='ocrx_word' id='word_1_269' title='bbox 819 4217 996 4291; x_wconf 85' lang='lat' dir='ltr'><strong>redemptio:</strong></span> <span class='ocrx_word' id='word_1_270' title='bbox 1015 4219 1095 4278; x_wconf 88' lang='lat' dir='ltr'><strong>vide·</strong></span> 
     </span>
     <span class='ocr_line' id='line_1_42' title="bbox 297 4309 1096 4387; baseline 0.01 -19"><span class='ocrx_word' id='word_1_271' title='bbox 297 4309 363 4368; x_wconf 89' lang='lat' dir='ltr'><strong>licet</strong></span> <span class='ocrx_word' id='word_1_272' title='bbox 380 4325 396 4368; x_wconf 90' lang='lat' dir='ltr'><strong>a</strong></span> <span class='ocrx_word' id='word_1_273' title='bbox 415 4316 534 4383; x_wconf 88' lang='lat' dir='ltr'><strong>peccato</strong></span> <span class='ocrx_word' id='word_1_274' title='bbox 555 4312 601 4369; x_wconf 88' lang='lat' dir='ltr'><strong>vel</strong></span> <span class='ocrx_word' id='word_1_275' title='bbox 615 4313 775 4386; x_wconf 87' lang='lat' dir='ltr'><strong>iniquitate,</strong></span> <span class='ocrx_word' id='word_1_276' title='bbox 798 4329 814 4372; x_wconf 91' lang='lat' dir='ltr'><strong>a</strong></span> <span class='ocrx_word' id='word_1_277' title='bbox 830 4314 1020 4387; x_wconf 89' lang='lat' dir='ltr'><strong>tribulatione,</strong></span> <span class='ocrx_word' id='word_1_278' title='bbox 1036 4324 1065 4375; x_wconf 92' lang='lat' dir='ltr'><strong>et</strong></span> <span class='ocrx_word' id='word_1_279' title='bbox 1079 4331 1096 4376; x_wconf 88' lang='lat' dir='ltr'><strong>a</strong></span> 
     </span>
    </p>
   </div>
   <div class='ocr_carea' id='block_1_4' title="bbox 1036 251 1224 326">
    <p class='ocr_par' dir='ltr' id='par_1_7' title="bbox 1036 251 1224 326">
     <span class='ocr_line' id='line_1_43' title="bbox 1036 251 1224 326; baseline 0.005 -1"><span class='ocrx_word' id='word_1_280' title='bbox 1036 251 1224 326; x_wconf 65' lang='lat' dir='ltr'><strong>emulus</strong></span> 
     </span>
    </p>
   </div>
   <div class='ocr_carea' id='block_1_5' title="bbox 1922 293 2030 337">
    <p class='ocr_par' dir='ltr' id='par_1_8' title="bbox 1922 293 2030 337">
     <span class='ocr_line' id='line_1_44' title="bbox 1922 293 2030 337; baseline 0 -7"><span class='ocrx_word' id='word_1_281' title='bbox 1922 293 1983 337; x_wconf 75' lang='lat' dir='ltr'>n</span> <span class='ocrx_word' id='word_1_282' title='bbox 2029 297 2030 330; x_wconf 80' lang='lat'>3</span> 
     </span>
    </p>
   </div>
   <div class='ocr_carea' id='block_1_6' title="bbox 1150 423 2030 4389">
    <p class='ocr_par' dir='ltr' id='par_1_9' title="bbox 1150 423 2030 4389">
     <span class='ocr_line' id='line_1_45' title="bbox 1155 423 1984 506; baseline 0.01 -22"><span class='ocrx_word' id='word_1_283' title='bbox 1155 431 1199 484; x_wconf 83' lang='lat' dir='ltr'><strong>est</strong></span> <span class='ocrx_word' id='word_1_284' title='bbox 1213 423 1406 499; x_wconf 76' lang='lat' dir='ltr'><strong>spiritualibus</strong></span> <span class='ocrx_word' id='word_1_285' title='bbox 1419 425 1609 486; x_wconf 87' lang='lat' dir='ltr'><strong>intenderent.</strong></span> <span class='ocrx_word' id='word_1_286' title='bbox 1634 428 1702 488; x_wconf 83' lang='lat' dir='ltr'><strong>Dies</strong></span> <span class='ocrx_word' id='word_1_287' title='bbox 1715 431 1794 490; x_wconf 91' lang='lat' dir='ltr'><strong>enim</strong></span> <span class='ocrx_word' id='word_1_288' title='bbox 1809 432 1984 506; x_wconf 75' lang='lat' dir='ltr'><strong>signifieat</strong></span> 
     </span>
     <span class='ocr_line' id='line_1_46' title="bbox 1155 523 1982 604; baseline 0.012 -24"><span class='ocrx_word' id='word_1_289' title='bbox 1155 523 1323 596; x_wconf 88' lang='lat' dir='ltr'><strong>spiritualia.</strong></span> <span class='ocrx_word' id='word_1_290' title='bbox 1334 524 1501 584; x_wconf 85' lang='lat' dir='ltr'><strong>suntetiam</strong></span> <span class='ocrx_word' id='word_1_291' title='bbox 1511 525 1596 599; x_wconf 74' lang='lat' dir='ltr'><strong>signa</strong></span> <span class='ocrx_word' id='word_1_292' title='bbox 1609 525 1638 584; x_wconf 92' lang='lat' dir='ltr'><strong>in</strong></span> <span class='ocrx_word' id='word_1_293' title='bbox 1648 526 1727 598; x_wconf 89' lang='lat' dir='ltr'><strong>iuna,</strong></span> <span class='ocrx_word' id='word_1_294' title='bbox 1739 528 1769 586; x_wconf 93' lang='lat' dir='ltr'><strong>id</strong></span> <span class='ocrx_word' id='word_1_295' title='bbox 1781 537 1828 588; x_wconf 88' lang='lat' dir='ltr'><strong>est</strong></span> <span class='ocrx_word' id='word_1_296' title='bbox 1839 531 1873 588; x_wconf 92' lang='lat' dir='ltr'><strong>in</strong></span> <span class='ocrx_word' id='word_1_297' title='bbox 1886 533 1982 604; x_wconf 87' lang='lat' dir='ltr'><strong>prin-</strong></span> 
     </span>
     <span class='ocr_line' id='line_1_47' title="bbox 1155 619 1977 702; baseline 0.011 -24"><span class='ocrx_word' id='word_1_298' title='bbox 1155 619 1266 692; x_wconf 83' lang='lat' dir='ltr'><strong>cipibus</strong></span> <span class='ocrx_word' id='word_1_299' title='bbox 1285 620 1397 692; x_wconf 92' lang='lat' dir='ltr'><strong>mundi‚</strong></span> <span class='ocrx_word' id='word_1_300' title='bbox 1414 623 1463 695; x_wconf 91' lang='lat' dir='ltr'><strong>qui</strong></span> <span class='ocrx_word' id='word_1_301' title='bbox 1479 630 1605 696; x_wconf 79' lang='lat' dir='ltr'><strong>presunt</strong></span> <span class='ocrx_word' id='word_1_302' title='bbox 1622 626 1714 696; x_wconf 91' lang='lat' dir='ltr'><strong>nocti,</strong></span> <span class='ocrx_word' id='word_1_303' title='bbox 1731 625 1760 683; x_wconf 93' lang='lat' dir='ltr'><strong>id</strong></span> <span class='ocrx_word' id='word_1_304' title='bbox 1780 633 1828 686; x_wconf 89' lang='lat' dir='ltr'><strong>est</strong></span> <span class='ocrx_word' id='word_1_305' title='bbox 1842 634 1977 702; x_wconf 86' lang='lat' dir='ltr'><strong>tempo-</strong></span> 
     </span>
     <span class='ocr_line' id='line_1_48' title="bbox 1154 718 1978 796; baseline 0.011 -21"><span class='ocrx_word' id='word_1_306' title='bbox 1154 719 1271 777; x_wconf 88' lang='lat' dir='ltr'><strong>ralibus.</strong></span> <span class='ocrx_word' id='word_1_307' title='bbox 1286 719 1436 780; x_wconf 74' lang='lat' dir='ltr'><strong>Notenim</strong></span> <span class='ocrx_word' id='word_1_308' title='bbox 1448 718 1593 794; x_wconf 81' lang='lat' dir='ltr'><strong>significat</strong></span> <span class='ocrx_word' id='word_1_309' title='bbox 1605 723 1783 796; x_wconf 85' lang='lat' dir='ltr'><strong>temporalia.</strong></span> <span class='ocrx_word' id='word_1_310' title='bbox 1800 725 1860 782; x_wconf 88' lang='lat' dir='ltr'><strong>Sed</strong></span> <span class='ocrx_word' id='word_1_311' title='bbox 1875 725 1978 784; x_wconf 83' lang='lat' dir='ltr'><strong>bodie</strong></span> 
     </span>
     <span class='ocr_line' id='line_1_49' title="bbox 1155 817 1972 894; baseline 0.007 -21"><span class='ocrx_word' id='word_1_312' title='bbox 1155 817 1197 875; x_wconf 92' lang='lat' dir='ltr'><strong>sol</strong></span> <span class='ocrx_word' id='word_1_313' title='bbox 1216 817 1391 875; x_wconf 88' lang='lat' dir='ltr'><strong>convertitur</strong></span> <span class='ocrx_word' id='word_1_314' title='bbox 1409 818 1438 875; x_wconf 92' lang='lat' dir='ltr'><strong>in</strong></span> <span class='ocrx_word' id='word_1_315' title='bbox 1457 819 1585 876; x_wconf 82' lang='lat' dir='ltr'><strong>tenebras</strong></span> <span class='ocrx_word' id='word_1_316' title='bbox 1605 826 1634 877; x_wconf 88' lang='lat' dir='ltr'><strong>et</strong></span> <span class='ocrx_word' id='word_1_317' title='bbox 1646 819 1712 878; x_wconf 90' lang='lat' dir='ltr'><strong>iuna</strong></span> <span class='ocrx_word' id='word_1_318' title='bbox 1728 821 1756 878; x_wconf 93' lang='lat' dir='ltr'><strong>in</strong></span> <span class='ocrx_word' id='word_1_319' title='bbox 1773 824 1972 894; x_wconf 76' lang='lat' dir='ltr'><strong>sanquinem,</strong></span> 
     </span>
     <span class='ocr_line' id='line_1_50' title="bbox 1155 915 1972 994; baseline 0.009 -23"><span class='ocrx_word' id='word_1_320' title='bbox 1155 915 1221 987; x_wconf 89' lang='lat' dir='ltr'><strong>qnia</strong></span> <span class='ocrx_word' id='word_1_321' title='bbox 1233 915 1341 987; x_wconf 80' lang='lat' dir='ltr'><strong>prselmi</strong></span> <span class='ocrx_word' id='word_1_322' title='bbox 1355 916 1491 974; x_wconf 79' lang='lat' dir='ltr'><strong>Ecclesiae</strong></span> <span class='ocrx_word' id='word_1_323' title='bbox 1505 915 1620 976; x_wconf 89' lang='lat' dir='ltr'><strong>student</strong></span> <span class='ocrx_word' id='word_1_324' title='bbox 1630 919 1762 990; x_wconf 86' lang='lat' dir='ltr'><strong>terrenis,</strong></span> <span class='ocrx_word' id='word_1_325' title='bbox 1769 927 1797 978; x_wconf 86' lang='lat' dir='ltr'><strong>et</strong></span> <span class='ocrx_word' id='word_1_326' title='bbox 1809 921 1907 992; x_wconf 89' lang='lat' dir='ltr'><strong>prinei</strong></span> <span class='ocrx_word' id='word_1_327' title='bbox 1910 937 1972 994; x_wconf 83' lang='lat' dir='ltr'><strong>pes</strong></span> 
     </span>
     <span class='ocr_line' id='line_1_51' title="bbox 1155 1012 1976 1092; baseline 0.007 -20"><span class='ocrx_word' id='word_1_328' title='bbox 1155 1013 1253 1072; x_wconf 81' lang='lat' dir='ltr'><strong>seculi</strong></span> <span class='ocrx_word' id='word_1_329' title='bbox 1267 1012 1418 1072; x_wconf 89' lang='lat' dir='ltr'><strong>intendunt</strong></span> <span class='ocrx_word' id='word_1_330' title='bbox 1431 1014 1549 1087; x_wconf 86' lang='lat' dir='ltr'><strong>rapinis</strong></span> <span class='ocrx_word' id='word_1_331' title='bbox 1562 1015 1632 1074; x_wconf 92' lang='lat' dir='ltr'><strong>Sunt</strong></span> <span class='ocrx_word' id='word_1_332' title='bbox 1646 1017 1734 1074; x_wconf 86' lang='lat' dir='ltr'><strong>etiam</strong></span> <span class='ocrx_word' id='word_1_333' title='bbox 1748 1017 1835 1092; x_wconf 81' lang='lat' dir='ltr'><strong>signa</strong></span> <span class='ocrx_word' id='word_1_334' title='bbox 1852 1019 1887 1076; x_wconf 92' lang='lat' dir='ltr'><strong>in</strong></span> <span class='ocrx_word' id='word_1_335' title='bbox 1898 1021 1976 1078; x_wconf 87' lang='lat' dir='ltr'><strong>stel-</strong></span> 
     </span>
     <span class='ocr_line' id='line_1_52' title="bbox 1156 1109 1972 1189; baseline 0.01 -23"><span class='ocrx_word' id='word_1_336' title='bbox 1156 1109 1201 1179; x_wconf 90' lang='lat' dir='ltr'><strong>lis,</strong></span> <span class='ocrx_word' id='word_1_337' title='bbox 1219 1125 1283 1182; x_wconf 84' lang='lat' dir='ltr'><strong>quae</strong></span> <span class='ocrx_word' id='word_1_338' title='bbox 1297 1109 1382 1169; x_wconf 90' lang='lat' dir='ltr'><strong>irodie</strong></span> <span class='ocrx_word' id='word_1_339' title='bbox 1392 1110 1500 1171; x_wconf 89' lang='lat' dir='ltr'><strong>cadunt</strong></span> <span class='ocrx_word' id='word_1_340' title='bbox 1511 1112 1547 1170; x_wconf 91' lang='lat' dir='ltr'><strong>de</strong></span> <span class='ocrx_word' id='word_1_341' title='bbox 1557 1113 1641 1185; x_wconf 87' lang='lat' dir='ltr'><strong>coelo,</strong></span> <span class='ocrx_word' id='word_1_342' title='bbox 1654 1115 1721 1188; x_wconf 88' lang='lat' dir='ltr'><strong>quia</strong></span> <span class='ocrx_word' id='word_1_343' title='bbox 1738 1117 1972 1189; x_wconf 84' lang='lat' dir='ltr'><strong>contemplativi</strong></span> 
     </span>
     <span class='ocr_line' id='line_1_53' title="bbox 1155 1207 1967 1282; baseline 0.007 -16"><span class='ocrx_word' id='word_1_344' title='bbox 1155 1207 1241 1266; x_wconf 89' lang='lat' dir='ltr'><strong>bodie</strong></span> <span class='ocrx_word' id='word_1_345' title='bbox 1264 1223 1363 1266; x_wconf 86' lang='lat' dir='ltr'><strong>casum</strong></span> <span class='ocrx_word' id='word_1_346' title='bbox 1385 1209 1540 1282; x_wconf 87' lang='lat' dir='ltr'><strong>potiuntur,</strong></span> <span class='ocrx_word' id='word_1_347' title='bbox 1560 1210 1629 1270; x_wconf 92' lang='lat' dir='ltr'><strong>dum</strong></span> <span class='ocrx_word' id='word_1_348' title='bbox 1645 1219 1751 1271; x_wconf 83' lang='lat' dir='ltr'><strong>exeunt</strong></span> <span class='ocrx_word' id='word_1_349' title='bbox 1765 1211 1801 1270; x_wconf 91' lang='lat' dir='ltr'><strong>de</strong></span> <span class='ocrx_word' id='word_1_350' title='bbox 1822 1222 1967 1272; x_wconf 74' lang='lat' dir='ltr'><strong>conmm-</strong></span> 
     </span>
     <span class='ocr_line' id='line_1_54' title="bbox 1156 1304 2030 1379; baseline 0.001 -17"><span class='ocrx_word' id='word_1_351' title='bbox 1156 1304 1290 1379; x_wconf 88' lang='lat' dir='ltr'><strong>plationis</strong></span> <span class='ocrx_word' id='word_1_352' title='bbox 1302 1313 1424 1366; x_wconf 89' lang='lat' dir='ltr'><strong>secreto.</strong></span> <span class='ocrx_word' id='word_1_353' title='bbox 1440 1327 1452 1359; x_wconf 75' lang='lat' dir='ltr'><strong>s</strong></span> <span class='ocrx_word' id='word_1_354' title='bbox 2029 1315 2030 1318; x_wconf 72' lang='grc'>’</span> 
     </span>
     <span class='ocr_line' id='line_1_55' title="bbox 2012 1411 2030 1460; baseline 0 0"><span class='ocrx_word' id='word_1_355' title='bbox 2012 1411 2030 1460; x_wconf 68' lang='lat' dir='ltr'><strong>u</strong></span> 
     </span>
     <span class='ocr_line' id='line_1_56' title="bbox 1195 1514 1923 1592; baseline 0.01 -18"><span class='ocrx_word' id='word_1_356' title='bbox 1195 1514 1296 1576; x_wconf 87' lang='lat' dir='ltr'>XVII.</span> <span class='ocrx_word' id='word_1_357' title='bbox 1316 1543 1358 1560; x_wconf 92' lang='lat'>-</span> <span class='ocrx_word' id='word_1_358' title='bbox 1375 1515 1441 1576; x_wconf 83' lang='lat' dir='ltr'><strong>Lea</strong></span> <span class='ocrx_word' id='word_1_359' title='bbox 1459 1517 1625 1577; x_wconf 77' lang='lat' dir='ltr'><strong>Sermone</strong></span> <span class='ocrx_word' id='word_1_360' title='bbox 1643 1531 1714 1589; x_wconf 82' lang='lat' dir='ltr'><strong>mx,</strong></span> <span class='ocrx_word' id='word_1_361' title='bbox 1736 1531 1807 1591; x_wconf 82' lang='lat' dir='ltr'><strong>xxi,</strong></span> <span class='ocrx_word' id='word_1_362' title='bbox 1826 1533 1923 1592; x_wconf 80' lang='lat' dir='ltr'><strong>xxn,</strong></span> 
     </span>
     <span class='ocr_line' id='line_1_57' title="bbox 1439 1627 2017 1719; baseline 0.008 -47"><span class='ocrx_word' id='word_1_363' title='bbox 1439 1627 1534 1685; x_wconf 80' lang='lat' dir='ltr'><strong>xxiv,</strong></span> <span class='ocrx_word' id='word_1_364' title='bbox 1548 1627 1669 1675; x_wconf 82' lang='lat' dir='ltr'><strong>xxvttt.</strong></span> <span class='ocrx_word' id='word_1_365' title='bbox 2011 1662 2017 1719; x_wconf 52' lang='grc' dir='ltr'>Ι</span> 
     </span>
     <span class='ocr_line' id='line_1_58' title="bbox 1190 1777 2030 1872; baseline 0.004 -34"><span class='ocrx_word' id='word_1_366' title='bbox 1190 1778 1235 1838; x_wconf 88' lang='grc'><strong>37.</strong></span> <span class='ocrx_word' id='word_1_367' title='bbox 1245 1777 1267 1836; x_wconf 95' lang='lat' dir='ltr'><strong>ll</strong></span> <span class='ocrx_word' id='word_1_368' title='bbox 1278 1791 1293 1834; x_wconf 91' lang='lat' dir='ltr'><strong>a</strong></span> <span class='ocrx_word' id='word_1_369' title='bbox 1303 1791 1373 1852; x_wconf 92' lang='lat' dir='ltr'><strong>paru</strong></span> <span class='ocrx_word' id='word_1_370' title='bbox 1384 1777 1440 1836; x_wconf 91' lang='lat' dir='ltr'><strong>bon</strong></span> <span class='ocrx_word' id='word_1_371' title='bbox 1453 1777 1489 1837; x_wconf 91' lang='lat' dir='ltr'><strong>ds</strong></span> <span class='ocrx_word' id='word_1_372' title='bbox 1504 1777 1635 1837; x_wconf 78' lang='lat' dir='ltr'><strong>s&#39;arreter</strong></span> <span class='ocrx_word' id='word_1_373' title='bbox 1647 1793 1685 1838; x_wconf 91' lang='lat' dir='ltr'><strong>un</strong></span> <span class='ocrx_word' id='word_1_374' title='bbox 1696 1795 1752 1853; x_wconf 88' lang='lat' dir='ltr'><strong>peu</strong></span> <span class='ocrx_word' id='word_1_375' title='bbox 1765 1780 1966 1856; x_wconf 79' lang='lat' dir='ltr'><strong>longuement</strong></span> <span class='ocrx_word' id='word_1_376' title='bbox 2029 1797 2030 1872; x_wconf 58' lang='lat' dir='ltr'><strong>q</strong></span> 
     </span>
     <span class='ocr_line' id='line_1_59' title="bbox 1155 1873 2030 1952; baseline 0.008 -20"><span class='ocrx_word' id='word_1_377' title='bbox 1155 1877 1325 1948; x_wconf 87' lang='lat' dir='ltr'><strong>supremier</strong></span> <span class='ocrx_word' id='word_1_378' title='bbox 1342 1874 1393 1934; x_wconf 88' lang='lat' dir='ltr'><strong>des</strong></span> <span class='ocrx_word' id='word_1_379' title='bbox 1405 1889 1537 1934; x_wconf 88' lang='lat' dir='ltr'><strong>sermons</strong></span> <span class='ocrx_word' id='word_1_380' title='bbox 1550 1873 1586 1934; x_wconf 90' lang='lat' dir='ltr'><strong>de</strong></span> <span class='ocrx_word' id='word_1_381' title='bbox 1593 1877 1793 1950; x_wconf 83' lang='lat' dir='ltr'><strong>Honoriuslll,</strong></span> <span class='ocrx_word' id='word_1_382' title='bbox 1800 1894 1873 1952; x_wconf 91' lang='lat' dir='ltr'><strong>pour</strong></span> <span class='ocrx_word' id='word_1_383' title='bbox 1885 1877 1964 1938; x_wconf 85' lang='lat' dir='ltr'><strong>[aire</strong></span> <span class='ocrx_word' id='word_1_384' title='bbox 2029 1881 2030 1922; x_wconf 58' lang='lat' dir='ltr'><strong>l</strong></span> 
     </span>
     <span class='ocr_line' id='line_1_60' title="bbox 1154 1971 2030 2056; baseline 0.009 -27"><span class='ocrx_word' id='word_1_385' title='bbox 1154 1971 1343 2045; x_wconf 89' lang='lat' dir='ltr'><strong>comprendre</strong></span> <span class='ocrx_word' id='word_1_386' title='bbox 1363 1973 1457 2046; x_wconf 90' lang='lat' dir='ltr'><strong>quelle</strong></span> <span class='ocrx_word' id='word_1_387' title='bbox 1477 1971 1640 2032; x_wconf 88' lang='lat' dir='ltr'><strong>abondante</strong></span> <span class='ocrx_word' id='word_1_388' title='bbox 1659 1973 1787 2034; x_wconf 89' lang='lat' dir='ltr'><strong>riebesse</strong></span> <span class='ocrx_word' id='word_1_389' title='bbox 1808 1977 1966 2036; x_wconf 88' lang='lat' dir='ltr'><strong>reulerme</strong></span> <span class='ocrx_word' id='word_1_390' title='bbox 2029 2021 2030 2056; x_wconf 48' lang='lat'><em>3</em></span> 
     </span>
     <span class='ocr_line' id='line_1_61' title="bbox 1155 2069 2030 2146; baseline 0.007 -19"><span class='ocrx_word' id='word_1_391' title='bbox 1155 2070 1182 2128; x_wconf 88' lang='lat' dir='ltr'><strong>la</strong></span> <span class='ocrx_word' id='word_1_392' title='bbox 1196 2071 1346 2128; x_wconf 88' lang='lat' dir='ltr'><strong>collection</strong></span> <span class='ocrx_word' id='word_1_393' title='bbox 1360 2069 1470 2129; x_wconf 78' lang='lat' dir='ltr'><strong>endere</strong></span> <span class='ocrx_word' id='word_1_394' title='bbox 1483 2069 1520 2130; x_wconf 91' lang='lat' dir='ltr'><strong>de</strong></span> <span class='ocrx_word' id='word_1_395' title='bbox 1533 2085 1583 2130; x_wconf 89' lang='lat' dir='ltr'><strong>oea</strong></span> <span class='ocrx_word' id='word_1_396' title='bbox 1592 2071 1722 2131; x_wconf 74' lang='lat' dir='ltr'><strong>dmcours</strong></span> <span class='ocrx_word' id='word_1_397' title='bbox 1735 2073 1870 2146; x_wconf 80' lang='lat' dir='ltr'><strong>jusqn&#39;ioi</strong></span> <span class='ocrx_word' id='word_1_398' title='bbox 1891 2073 1962 2132; x_wconf 83' lang='lat' dir='ltr'><strong>inr&#39;e·</strong></span> <span class='ocrx_word' id='word_1_399' title='bbox 2012 2110 2015 2121; x_wconf 88' lang='lat'>·</span> <span class='ocrx_word' id='word_1_400' title='bbox 2029 2135 2030 2144; x_wconf 59' lang='grc'>,</span> 
     </span>
     <span class='ocr_line' id='line_1_62' title="bbox 1154 2165 2030 2244; baseline 0.005 -20"><span class='ocrx_word' id='word_1_401' title='bbox 1154 2165 1221 2226; x_wconf 87' lang='lat' dir='ltr'><strong>dits.</strong></span> <span class='ocrx_word' id='word_1_402' title='bbox 1244 2166 1362 2227; x_wconf 80' lang='lat' dir='ltr'><strong>b&#39;etude</strong></span> <span class='ocrx_word' id='word_1_403' title='bbox 1378 2176 1422 2226; x_wconf 90' lang='lat' dir='ltr'><strong>est</strong></span> <span class='ocrx_word' id='word_1_404' title='bbox 1438 2175 1515 2226; x_wconf 89' lang='lat' dir='ltr'><strong>toute</strong></span> <span class='ocrx_word' id='word_1_405' title='bbox 1537 2169 1686 2241; x_wconf 83' lang='lat' dir='ltr'><strong>nouvelle;</strong></span> <span class='ocrx_word' id='word_1_406' title='bbox 1706 2185 1745 2228; x_wconf 94' lang='lat' dir='ltr'><strong>ou</strong></span> <span class='ocrx_word' id='word_1_407' title='bbox 1766 2184 1838 2244; x_wconf 91' lang='lat' dir='ltr'><strong>pour</strong></span> <span class='ocrx_word' id='word_1_408' title='bbox 1856 2173 1965 2230; x_wconf 79' lang='lat' dir='ltr'><strong>miens</strong></span> <span class='ocrx_word' id='word_1_409' title='bbox 2029 2223 2030 2228; x_wconf 73' lang='grc'>,</span> 
     </span>
     <span class='ocr_line' id='line_1_63' title="bbox 1154 2263 1964 2340; baseline 0.005 -16"><span class='ocrx_word' id='word_1_410' title='bbox 1154 2263 1227 2336; x_wconf 89' lang='lat' dir='ltr'><strong>dire,</strong></span> <span class='ocrx_word' id='word_1_411' title='bbox 1242 2266 1298 2325; x_wconf 90' lang='lat' dir='ltr'><strong>elie</strong></span> <span class='ocrx_word' id='word_1_412' title='bbox 1311 2273 1355 2324; x_wconf 90' lang='lat' dir='ltr'><strong>est</strong></span> <span class='ocrx_word' id='word_1_413' title='bbox 1369 2263 1385 2325; x_wconf 81' lang='lat' dir='ltr'><strong>b</strong></span> <span class='ocrx_word' id='word_1_414' title='bbox 1398 2264 1470 2324; x_wconf 84' lang='lat' dir='ltr'><strong>loire</strong></span> <span class='ocrx_word' id='word_1_415' title='bbox 1485 2273 1514 2324; x_wconf 91' lang='lat' dir='ltr'><strong>et</strong></span> <span class='ocrx_word' id='word_1_416' title='bbox 1525 2266 1571 2326; x_wconf 88' lang='lat' dir='ltr'><strong>n&#39;a</strong></span> <span class='ocrx_word' id='word_1_417' title='bbox 1586 2282 1639 2340; x_wconf 90' lang='lat' dir='ltr'><strong>pas</strong></span> <span class='ocrx_word' id='word_1_418' title='bbox 1653 2266 1700 2326; x_wconf 79' lang='lat' dir='ltr'><strong>ete</strong></span> <span class='ocrx_word' id='word_1_419' title='bbox 1711 2265 1858 2326; x_wconf 79' lang='lat' dir='ltr'><strong>eldeuree.</strong></span> <span class='ocrx_word' id='word_1_420' title='bbox 1873 2271 1964 2328; x_wconf 87' lang='lat' dir='ltr'><strong>Nous</strong></span> 
     </span>
     <span class='ocr_line' id='line_1_64' title="bbox 1154 2357 2030 2439; baseline 0.007 -19"><span class='ocrx_word' id='word_1_421' title='bbox 1154 2361 1362 2437; x_wconf 73' lang='lat' dir='ltr'><strong>separansque</strong></span> <span class='ocrx_word' id='word_1_422' title='bbox 1376 2364 1404 2423; x_wconf 93' lang='lat' dir='ltr'><strong>le</strong></span> <span class='ocrx_word' id='word_1_423' title='bbox 1420 2364 1593 2438; x_wconf 87' lang='lat' dir='ltr'><strong>lecteurqui</strong></span> <span class='ocrx_word' id='word_1_424' title='bbox 1613 2380 1682 2424; x_wconf 89' lang='lat' dir='ltr'><strong>aura</strong></span> <span class='ocrx_word' id='word_1_425' title='bbox 1701 2366 1759 2439; x_wconf 87' lang='lat' dir='ltr'><strong>pris</strong></span> <span class='ocrx_word' id='word_1_426' title='bbox 1776 2366 1803 2425; x_wconf 92' lang='lat' dir='ltr'><strong>la</strong></span> <span class='ocrx_word' id='word_1_427' title='bbox 1816 2369 1905 2438; x_wconf 88' lang='lat' dir='ltr'><strong>peine</strong></span> <span class='ocrx_word' id='word_1_428' title='bbox 1922 2365 1964 2426; x_wconf 89' lang='lat' dir='ltr'><strong>de</strong></span> <span class='ocrx_word' id='word_1_429' title='bbox 2029 2357 2030 2362; x_wconf 66' lang='grc'>’</span> 
     </span>
     <span class='ocr_line' id='line_1_65' title="bbox 1153 2461 1961 2538; baseline 0.004 -20"><span class='ocrx_word' id='word_1_430' title='bbox 1153 2461 1206 2518; x_wconf 89' lang='lat' dir='ltr'><strong>lire</strong></span> <span class='ocrx_word' id='word_1_431' title='bbox 1218 2467 1299 2520; x_wconf 91' lang='lat' dir='ltr'><strong>notre</strong></span> <span class='ocrx_word' id='word_1_432' title='bbox 1313 2461 1431 2536; x_wconf 82' lang='lat' dir='ltr'><strong>analyse</strong></span> <span class='ocrx_word' id='word_1_433' title='bbox 1444 2477 1508 2520; x_wconf 87' lang='lat' dir='ltr'><strong>scra</strong></span> <span class='ocrx_word' id='word_1_434' title='bbox 1521 2461 1649 2520; x_wconf 87' lang='lat' dir='ltr'><strong>d&#39;autant</strong></span> <span class='ocrx_word' id='word_1_435' title='bbox 1660 2463 1723 2536; x_wconf 92' lang='lat' dir='ltr'><strong>plus</strong></span> <span class='ocrx_word' id='word_1_436' title='bbox 1737 2462 1831 2522; x_wconf 76' lang='lat' dir='ltr'><strong>excite</strong></span> <span class='ocrx_word' id='word_1_437' title='bbox 1848 2462 1865 2522; x_wconf 83' lang='lat' dir='ltr'><strong>b</strong></span> <span class='ocrx_word' id='word_1_438' title='bbox 1883 2479 1961 2538; x_wconf 91' lang='lat' dir='ltr'><strong>par-</strong></span> 
     </span>
     <span class='ocr_line' id='line_1_66' title="bbox 1154 2552 2022 2636; baseline 0.006 -20"><span class='ocrx_word' id='word_1_439' title='bbox 1154 2560 1249 2617; x_wconf 90' lang='lat' dir='ltr'><strong>courir</strong></span> <span class='ocrx_word' id='word_1_440' title='bbox 1260 2559 1378 2618; x_wconf 84' lang='lat' dir='ltr'><strong>l&#39;oeuvre</strong></span> <span class='ocrx_word' id='word_1_441' title='bbox 1392 2559 1431 2618; x_wconf 94' lang='lat' dir='ltr'><strong>du</strong></span> <span class='ocrx_word' id='word_1_442' title='bbox 1444 2559 1538 2634; x_wconf 76' lang='lat' dir='ltr'><strong>grand</strong></span> <span class='ocrx_word' id='word_1_443' title='bbox 1551 2562 1640 2634; x_wconf 86' lang='lat' dir='ltr'><strong>Papo,</strong></span> <span class='ocrx_word' id='word_1_444' title='bbox 1656 2559 1808 2620; x_wconf 81' lang='lat' dir='ltr'><strong>demeuree</strong></span> <span class='ocrx_word' id='word_1_445' title='bbox 1824 2562 1850 2619; x_wconf 91' lang='lat' dir='ltr'><strong>si</strong></span> <span class='ocrx_word' id='word_1_446' title='bbox 1866 2563 1960 2636; x_wconf 82' lang='lat' dir='ltr'><strong>long·</strong></span> <span class='ocrx_word' id='word_1_447' title='bbox 2013 2552 2022 2579; x_wconf 89' lang='lat'>&#39;</span> 
     </span>
     <span class='ocr_line' id='line_1_67' title="bbox 1154 2657 2019 2730; baseline 0.008 -16"><span class='ocrx_word' id='word_1_448' title='bbox 1154 2663 1248 2730; x_wconf 91' lang='lat' dir='ltr'><strong>temps</strong></span> <span class='ocrx_word' id='word_1_449' title='bbox 1259 2657 1331 2716; x_wconf 91' lang='lat' dir='ltr'><strong>dans</strong></span> <span class='ocrx_word' id='word_1_450' title='bbox 1343 2657 1449 2717; x_wconf 89' lang='lat' dir='ltr'><strong>l&#39;oubli.</strong></span> <span class='ocrx_word' id='word_1_451' title='bbox 2014 2704 2019 2721; x_wconf 92' lang='lat'>.</span> 
     </span>
     <span class='ocr_line' id='line_1_68' title="bbox 1188 2753 2030 2856; baseline 0.001 -42"><span class='ocrx_word' id='word_1_452' title='bbox 1188 2757 1268 2814; x_wconf 84' lang='lat' dir='ltr'><strong>Nous</strong></span> <span class='ocrx_word' id='word_1_453' title='bbox 1284 2756 1423 2814; x_wconf 86' lang='lat' dir='ltr'><strong>estimans</strong></span> <span class='ocrx_word' id='word_1_454' title='bbox 1437 2769 1493 2829; x_wconf 91' lang='lat' dir='ltr'><strong>que</strong></span> <span class='ocrx_word' id='word_1_455' title='bbox 1513 2753 1572 2814; x_wconf 87' lang='lat' dir='ltr'><strong>l&#39;nn</strong></span> <span class='ocrx_word' id='word_1_456' title='bbox 1589 2754 1641 2815; x_wconf 92' lang='lat' dir='ltr'><strong>des</strong></span> <span class='ocrx_word' id='word_1_457' title='bbox 1655 2757 1720 2830; x_wconf 90' lang='lat' dir='ltr'><strong>plns</strong></span> <span class='ocrx_word' id='word_1_458' title='bbox 1739 2756 1962 2829; x_wconf 88' lang='lat' dir='ltr'><strong>remarquables</strong></span> <span class='ocrx_word' id='word_1_459' title='bbox 2029 2769 2030 2856; x_wconf 50' lang='lat' dir='ltr'><strong>q</strong></span> 
     </span>
     <span class='ocr_line' id='line_1_69' title="bbox 1154 2851 1960 2928; baseline 0.002 -18"><span class='ocrx_word' id='word_1_460' title='bbox 1154 2851 1189 2910; x_wconf 91' lang='lat' dir='ltr'><strong>de</strong></span> <span class='ocrx_word' id='word_1_461' title='bbox 1209 2867 1260 2910; x_wconf 89' lang='lat' dir='ltr'><strong>ces</strong></span> <span class='ocrx_word' id='word_1_462' title='bbox 1277 2867 1408 2911; x_wconf 89' lang='lat' dir='ltr'><strong>sermons</strong></span> <span class='ocrx_word' id='word_1_463' title='bbox 1421 2861 1465 2911; x_wconf 89' lang='lat' dir='ltr'><strong>est</strong></span> <span class='ocrx_word' id='word_1_464' title='bbox 1475 2853 1503 2911; x_wconf 92' lang='lat' dir='ltr'><strong>le</strong></span> <span class='ocrx_word' id='word_1_465' title='bbox 1517 2851 1777 2928; x_wconf 79' lang='lat' dir='ltr'><strong>vingtquatrieme.</strong></span> <span class='ocrx_word' id='word_1_466' title='bbox 1791 2855 1871 2914; x_wconf 84' lang='lat' dir='ltr'><strong>Nous</strong></span> <span class='ocrx_word' id='word_1_467' title='bbox 1885 2853 1960 2912; x_wconf 90' lang='lat' dir='ltr'><strong>n&#39;en</strong></span> 
     </span>
     <span class='ocr_line' id='line_1_70' title="bbox 1154 2930 2021 3024; baseline -0.006 -16"><span class='ocrx_word' id='word_1_468' title='bbox 1154 2949 1318 3009; x_wconf 91' lang='lat' dir='ltr'><strong>donnerons</strong></span> <span class='ocrx_word' id='word_1_469' title='bbox 1335 2965 1387 3024; x_wconf 90' lang='lat' dir='ltr'><strong>pas</strong></span> <span class='ocrx_word' id='word_1_470' title='bbox 1403 2951 1445 3008; x_wconf 90' lang='lat' dir='ltr'><strong>les</strong></span> <span class='ocrx_word' id='word_1_471' title='bbox 1467 2951 1588 3022; x_wconf 90' lang='lat' dir='ltr'><strong>raisons,</strong></span> <span class='ocrx_word' id='word_1_472' title='bbox 1612 2950 1669 3009; x_wconf 90' lang='lat' dir='ltr'><strong>ailn</strong></span> <span class='ocrx_word' id='word_1_473' title='bbox 1691 2948 1810 3012; x_wconf 78' lang='lat' dir='ltr'><strong>d&#39;eviter</strong></span> <span class='ocrx_word' id='word_1_474' title='bbox 1827 2952 1869 3010; x_wconf 88' lang='lat' dir='ltr'><strong>les</strong></span> <span class='ocrx_word' id='word_1_475' title='bbox 1886 2952 1958 3008; x_wconf 91' lang='lat' dir='ltr'><strong>lon·</strong></span> <span class='ocrx_word' id='word_1_476' title='bbox 2015 2930 2021 3003; x_wconf 76' lang='grc' dir='ltr'>Ξ</span> 
     </span>
     <span class='ocr_line' id='line_1_71' title="bbox 1154 3024 2023 3122; baseline 0 -16"><span class='ocrx_word' id='word_1_477' title='bbox 1154 3063 1272 3121; x_wconf 77' lang='lat' dir='ltr'><strong>gueurs.</strong></span> <span class='ocrx_word' id='word_1_478' title='bbox 1284 3049 1363 3105; x_wconf 91' lang='lat' dir='ltr'><strong>Noua</strong></span> <span class='ocrx_word' id='word_1_479' title='bbox 1376 3048 1525 3121; x_wconf 72' lang='lat' dir='ltr'><strong>signalum</strong></span> <span class='ocrx_word' id='word_1_480' title='bbox 1538 3047 1709 3122; x_wconf 87' lang='lat' dir='ltr'><strong>cependant,</strong></span> <span class='ocrx_word' id='word_1_481' title='bbox 1727 3056 1808 3106; x_wconf 90' lang='lat' dir='ltr'><strong>outre</strong></span> <span class='ocrx_word' id='word_1_482' title='bbox 1823 3049 1851 3106; x_wconf 94' lang='lat' dir='ltr'><strong>le</strong></span> <span class='ocrx_word' id='word_1_483' title='bbox 1865 3047 1963 3107; x_wconf 77' lang='lat' dir='ltr'><strong>debut</strong></span> <span class='ocrx_word' id='word_1_484' title='bbox 2014 3024 2023 3063; x_wconf 81' lang='lat'>¹</span> 
     </span>
     <span class='ocr_line' id='line_1_72' title="bbox 1154 3136 2025 3251; baseline 0.003 -49"><span class='ocrx_word' id='word_1_485' title='bbox 1154 3146 1203 3218; x_wconf 93' lang='lat' dir='ltr'><strong>qui</strong></span> <span class='ocrx_word' id='word_1_486' title='bbox 1219 3151 1263 3203; x_wconf 87' lang='lat' dir='ltr'><strong>est</strong></span> <span class='ocrx_word' id='word_1_487' title='bbox 1274 3144 1329 3203; x_wconf 91' lang='lat' dir='ltr'><strong>iort</strong></span> <span class='ocrx_word' id='word_1_488' title='bbox 1341 3144 1416 3204; x_wconf 88' lang='lat' dir='ltr'><strong>beau</strong></span> <span class='ocrx_word' id='word_1_489' title='bbox 1430 3152 1459 3204; x_wconf 89' lang='lat' dir='ltr'><strong>et</strong></span> <span class='ocrx_word' id='word_1_490' title='bbox 1472 3146 1547 3219; x_wconf 90' lang='lat' dir='ltr'><strong>plein</strong></span> <span class='ocrx_word' id='word_1_491' title='bbox 1562 3145 1748 3204; x_wconf 86' lang='lat' dir='ltr'><strong>d&#39;animation</strong></span> <span class='ocrx_word' id='word_1_492' title='bbox 1761 3145 1811 3220; x_wconf 90' lang='lat' dir='ltr'><strong>(ou</strong></span> <span class='ocrx_word' id='word_1_493' title='bbox 1821 3160 1858 3204; x_wconf 88' lang='lat' dir='ltr'><strong>en</strong></span> <span class='ocrx_word' id='word_1_494' title='bbox 1868 3146 1960 3205; x_wconf 88' lang='lat' dir='ltr'><strong>lerait</strong></span> <span class='ocrx_word' id='word_1_495' title='bbox 2016 3136 2025 3251; x_wconf 73' lang='grc' dir='ltr'>Ι</span> 
     </span>
     <span class='ocr_line' id='line_1_73' title="bbox 1154 3241 2025 3339; baseline 0 -39"><span class='ocrx_word' id='word_1_496' title='bbox 1154 3257 1275 3316; x_wconf 84' lang='lat' dir='ltr'><strong>presque</strong></span> <span class='ocrx_word' id='word_1_497' title='bbox 1288 3258 1327 3301; x_wconf 94' lang='lat' dir='ltr'><strong>un</strong></span> <span class='ocrx_word' id='word_1_498' title='bbox 1337 3241 1412 3315; x_wconf 84' lang='lat' dir='ltr'><strong>sujet</strong></span> <span class='ocrx_word' id='word_1_499' title='bbox 1425 3243 1462 3302; x_wconf 92' lang='lat' dir='ltr'><strong>de</strong></span> <span class='ocrx_word' id='word_1_500' title='bbox 1476 3243 1625 3317; x_wconf 89' lang='lat' dir='ltr'><strong>reproobe,</strong></span> <span class='ocrx_word' id='word_1_501' title='bbox 1637 3243 1697 3302; x_wconf 90' lang='lat' dir='ltr'><strong>sila</strong></span> <span class='ocrx_word' id='word_1_502' title='bbox 1712 3244 1785 3302; x_wconf 92' lang='lat' dir='ltr'><strong>suite</strong></span> <span class='ocrx_word' id='word_1_503' title='bbox 1796 3257 1833 3302; x_wconf 89' lang='lat' dir='ltr'><strong>ne</strong></span> <span class='ocrx_word' id='word_1_504' title='bbox 1844 3242 1958 3317; x_wconf 78' lang='lat' dir='ltr'><strong>repon-</strong></span> <span class='ocrx_word' id='word_1_505' title='bbox 2017 3278 2025 3339; x_wconf 63' lang='grc'>,</span> 
     </span>
     <span class='ocr_line' id='line_1_74' title="bbox 1153 3338 1957 3414; baseline -0.005 -14"><span class='ocrx_word' id='word_1_506' title='bbox 1153 3338 1240 3400; x_wconf 80' lang='lat' dir='ltr'><strong>daitb</strong></span> <span class='ocrx_word' id='word_1_507' title='bbox 1255 3355 1288 3398; x_wconf 88' lang='lat' dir='ltr'><strong>ce</strong></span> <span class='ocrx_word' id='word_1_508' title='bbox 1298 3340 1572 3414; x_wconf 65' lang='lat' dir='ltr'><strong>commemorent),</strong></span> <span class='ocrx_word' id='word_1_509' title='bbox 1586 3341 1615 3400; x_wconf 90' lang='lat' dir='ltr'><strong>la</strong></span> <span class='ocrx_word' id='word_1_510' title='bbox 1633 3340 1807 3414; x_wconf 85' lang='lat' dir='ltr'><strong>description</strong></span> <span class='ocrx_word' id='word_1_511' title='bbox 1826 3340 1877 3398; x_wconf 91' lang='lat' dir='ltr'><strong>des</strong></span> <span class='ocrx_word' id='word_1_512' title='bbox 1892 3341 1957 3398; x_wconf 91' lang='lat' dir='ltr'><strong>cir-</strong></span> 
     </span>
     <span class='ocr_line' id='line_1_75' title="bbox 1153 3435 1957 3508; baseline -0.001 -11"><span class='ocrx_word' id='word_1_513' title='bbox 1153 3445 1324 3498; x_wconf 86' lang='lat' dir='ltr'><strong>constances</strong></span> <span class='ocrx_word' id='word_1_514' title='bbox 1336 3437 1371 3496; x_wconf 88' lang='lat' dir='ltr'><strong>de</strong></span> <span class='ocrx_word' id='word_1_515' title='bbox 1385 3439 1413 3496; x_wconf 90' lang='lat' dir='ltr'><strong>la</strong></span> <span class='ocrx_word' id='word_1_516' title='bbox 1427 3437 1558 3508; x_wconf 83' lang='lat' dir='ltr'><strong>Pession,</strong></span> <span class='ocrx_word' id='word_1_517' title='bbox 1568 3435 1867 3506; x_wconf 79' lang='lat' dir='ltr'><strong>trbsmouvemantee,</strong></span> <span class='ocrx_word' id='word_1_518' title='bbox 1879 3436 1957 3496; x_wconf 87' lang='lat' dir='ltr'><strong>cba-</strong></span> 
     </span>
     <span class='ocr_line' id='line_1_76' title="bbox 1151 3534 1958 3609; baseline 0 -15"><span class='ocrx_word' id='word_1_519' title='bbox 1151 3543 1292 3606; x_wconf 89' lang='lat' dir='ltr'><strong>teureuse,</strong></span> <span class='ocrx_word' id='word_1_520' title='bbox 1313 3537 1407 3609; x_wconf 89' lang='lat' dir='ltr'><strong>pleine</strong></span> <span class='ocrx_word' id='word_1_521' title='bbox 1422 3534 1458 3592; x_wconf 88' lang='lat' dir='ltr'><strong>de</strong></span> <span class='ocrx_word' id='word_1_522' title='bbox 1471 3535 1518 3593; x_wconf 85' lang='lat' dir='ltr'><strong>vie</strong></span> <span class='ocrx_word' id='word_1_523' title='bbox 1537 3542 1566 3594; x_wconf 89' lang='lat' dir='ltr'><strong>et</strong></span> <span class='ocrx_word' id='word_1_524' title='bbox 1579 3534 1618 3594; x_wconf 87' lang='lat' dir='ltr'><strong>du</strong></span> <span class='ocrx_word' id='word_1_525' title='bbox 1637 3535 1739 3594; x_wconf 81' lang='lat' dir='ltr'><strong>muttte</strong></span> <span class='ocrx_word' id='word_1_526' title='bbox 1760 3535 1894 3594; x_wconf 88' lang='lat' dir='ltr'><strong>oratoire.</strong></span> <span class='ocrx_word' id='word_1_527' title='bbox 1913 3535 1958 3594; x_wconf 84' lang='lat' dir='ltr'><strong>Co</strong></span> 
     </span>
     <span class='ocr_line' id='line_1_77' title="bbox 1152 3629 1959 3705; baseline -0.004 -13"><span class='ocrx_word' id='word_1_528' title='bbox 1152 3635 1248 3692; x_wconf 81' lang='lat' dir='ltr'><strong>meme</strong></span> <span class='ocrx_word' id='word_1_529' title='bbox 1272 3632 1401 3691; x_wconf 89' lang='lat' dir='ltr'><strong>discours</strong></span> <span class='ocrx_word' id='word_1_530' title='bbox 1428 3631 1538 3690; x_wconf 88' lang='lat' dir='ltr'><strong>semble</strong></span> <span class='ocrx_word' id='word_1_531' title='bbox 1565 3629 1709 3691; x_wconf 87' lang='lat' dir='ltr'><strong>d’ailleurs</strong></span> <span class='ocrx_word' id='word_1_532' title='bbox 1734 3631 1799 3705; x_wconf 87' lang='lat' dir='ltr'><strong>plus</strong></span> <span class='ocrx_word' id='word_1_533' title='bbox 1824 3630 1959 3690; x_wconf 71' lang='lat' dir='ltr'><strong>caraille</strong></span> 
     </span>
     <span class='ocr_line' id='line_1_78' title="bbox 1152 3726 1956 3804; baseline -0.002 -16"><span class='ocrx_word' id='word_1_534' title='bbox 1152 3745 1223 3802; x_wconf 93' lang='lat' dir='ltr'><strong>pour</strong></span> <span class='ocrx_word' id='word_1_535' title='bbox 1242 3730 1269 3788; x_wconf 90' lang='lat' dir='ltr'><strong>le</strong></span> <span class='ocrx_word' id='word_1_536' title='bbox 1285 3729 1367 3802; x_wconf 85' lang='lat' dir='ltr'><strong>style,</strong></span> <span class='ocrx_word' id='word_1_537' title='bbox 1381 3730 1430 3802; x_wconf 90' lang='lat' dir='ltr'><strong>qui</strong></span> <span class='ocrx_word' id='word_1_538' title='bbox 1448 3737 1494 3788; x_wconf 88' lang='lat' dir='ltr'><strong>est</strong></span> <span class='ocrx_word' id='word_1_539' title='bbox 1508 3731 1600 3788; x_wconf 88' lang='lat' dir='ltr'><strong>tantot</strong></span> <span class='ocrx_word' id='word_1_540' title='bbox 1613 3726 1731 3804; x_wconf 78' lang='lat' dir='ltr'><strong>elegant</strong></span> <span class='ocrx_word' id='word_1_541' title='bbox 1741 3737 1771 3788; x_wconf 88' lang='lat' dir='ltr'><strong>et</strong></span> <span class='ocrx_word' id='word_1_542' title='bbox 1788 3729 1884 3788; x_wconf 78' lang='lat' dir='ltr'><strong>meme</strong></span> <span class='ocrx_word' id='word_1_543' title='bbox 1904 3743 1956 3786; x_wconf 88' lang='lat' dir='ltr'><strong>re·</strong></span> 
     </span>
     <span class='ocr_line' id='line_1_79' title="bbox 1152 3825 1957 3901; baseline -0.002 -17"><span class='ocrx_word' id='word_1_544' title='bbox 1152 3825 1292 3885; x_wconf 78' lang='lat' dir='ltr'><strong>charobs:</strong></span> <span class='ocrx_word' id='word_1_545' title='bbox 1316 3828 1389 3886; x_wconf 72' lang='lat' dir='ltr'><strong>«iu</strong></span> <span class='ocrx_word' id='word_1_546' title='bbox 1408 3833 1489 3886; x_wconf 86' lang='lat' dir='ltr'><strong>aceto</strong></span> <span class='ocrx_word' id='word_1_547' title='bbox 1510 3827 1629 3900; x_wconf 87' lang='lat' dir='ltr'><strong>potaris,</strong></span> <span class='ocrx_word' id='word_1_548' title='bbox 1646 3835 1675 3886; x_wconf 88' lang='lat' dir='ltr'><strong>et</strong></span> <span class='ocrx_word' id='word_1_549' title='bbox 1697 3841 1754 3901; x_wconf 77' lang='lat' dir='ltr'><strong>ego</strong></span> <span class='ocrx_word' id='word_1_550' title='bbox 1778 3826 1957 3898; x_wconf 85' lang='lat' dir='ltr'><strong>exquisitum</strong></span> 
     </span>
     <span class='ocr_line' id='line_1_80' title="bbox 1151 3923 1958 3998; baseline -0.002 -16"><span class='ocrx_word' id='word_1_551' title='bbox 1151 3926 1250 3983; x_wconf 70' lang='lat' dir='ltr'><strong>nuum</strong></span> <span class='ocrx_word' id='word_1_552' title='bbox 1272 3923 1385 3982; x_wconf 88' lang='lat' dir='ltr'><strong>intueor</strong></span> <span class='ocrx_word' id='word_1_553' title='bbox 1405 3939 1493 3998; x_wconf 92' lang='lat' dir='ltr'><strong>quum</strong></span> <span class='ocrx_word' id='word_1_554' title='bbox 1513 3925 1637 3984; x_wconf 82' lang='lat' dir='ltr'><strong>florescit</strong></span> <span class='ocrx_word' id='word_1_555' title='bbox 1659 3926 1688 3984; x_wconf 92' lang='lat' dir='ltr'><strong>in</strong></span> <span class='ocrx_word' id='word_1_556' title='bbox 1711 3925 1830 3994; x_wconf 77' lang='lat' dir='ltr'><strong>vitro;·</strong></span> <span class='ocrx_word' id='word_1_557' title='bbox 1859 3924 1958 3980; x_wconf 81' lang='lat' dir='ltr'><strong>tantm</strong></span> 
     </span>
     <span class='ocr_line' id='line_1_81' title="bbox 1152 4019 2028 4096; baseline -0.001 -18"><span class='ocrx_word' id='word_1_558' title='bbox 1152 4021 1270 4096; x_wconf 76' lang='lat' dir='ltr'><strong>image:</strong></span> <span class='ocrx_word' id='word_1_559' title='bbox 1292 4043 1303 4072; x_wconf 86' lang='grc' dir='ltr'>ι</span> <span class='ocrx_word' id='word_1_560' title='bbox 1332 4023 1409 4082; x_wconf 87' lang='lat' dir='ltr'><strong>blora</strong></span> <span class='ocrx_word' id='word_1_561' title='bbox 1428 4021 1518 4092; x_wconf 87' lang='lat' dir='ltr'><strong>adest,</strong></span> <span class='ocrx_word' id='word_1_562' title='bbox 1547 4024 1606 4082; x_wconf 91' lang='lat' dir='ltr'><strong>imo</strong></span> <span class='ocrx_word' id='word_1_563' title='bbox 1629 4023 1717 4082; x_wconf 89' lang='lat' dir='ltr'><strong>currit</strong></span> <span class='ocrx_word' id='word_1_564' title='bbox 1732 4029 1760 4080; x_wconf 89' lang='lat' dir='ltr'><strong>et</strong></span> <span class='ocrx_word' id='word_1_565' title='bbox 1778 4019 1907 4095; x_wconf 89' lang='lat' dir='ltr'><strong>pervolat</strong></span> <span class='ocrx_word' id='word_1_566' title='bbox 1923 4020 1956 4078; x_wconf 91' lang='lat' dir='ltr'><strong>in</strong></span> <span class='ocrx_word' id='word_1_567' title='bbox 2025 4062 2028 4077; x_wconf 89' lang='lat'><strong>.</strong></span> 
     </span>
     <span class='ocr_line' id='line_1_82' title="bbox 1152 4120 1956 4192; baseline 0.007 -14"><span class='ocrx_word' id='word_1_568' title='bbox 1152 4120 1233 4192; x_wconf 91' lang='lat' dir='ltr'><strong>equis</strong></span> <span class='ocrx_word' id='word_1_569' title='bbox 1248 4127 1277 4177; x_wconf 92' lang='lat' dir='ltr'><strong>et</strong></span> <span class='ocrx_word' id='word_1_570' title='bbox 1291 4120 1436 4192; x_wconf 88' lang='lat' dir='ltr'><strong>curribus;</strong></span> <span class='ocrx_word' id='word_1_571' title='bbox 1459 4141 1472 4172; x_wconf 78' lang='lat' dir='ltr'><strong>r</strong></span> <span class='ocrx_word' id='word_1_572' title='bbox 1490 4121 1581 4179; x_wconf 86' lang='lat' dir='ltr'><strong>tantbt</strong></span> <span class='ocrx_word' id='word_1_573' title='bbox 1598 4121 1747 4180; x_wconf 80' lang='lat' dir='ltr'><strong>inveniant</strong></span> <span class='ocrx_word' id='word_1_574' title='bbox 1772 4129 1800 4180; x_wconf 89' lang='lat' dir='ltr'><strong>et</strong></span> <span class='ocrx_word' id='word_1_575' title='bbox 1824 4121 1956 4184; x_wconf 80' lang='lat' dir='ltr'><strong>formant</strong></span> 
     </span>
     <span class='ocr_line' id='line_1_83' title="bbox 1150 4214 1955 4292; baseline 0.006 -18"><span class='ocrx_word' id='word_1_576' title='bbox 1150 4216 1187 4274; x_wconf 90' lang='lat' dir='ltr'><strong>de</strong></span> <span class='ocrx_word' id='word_1_577' title='bbox 1201 4224 1278 4275; x_wconf 91' lang='lat' dir='ltr'><strong>toute</strong></span> <span class='ocrx_word' id='word_1_578' title='bbox 1297 4214 1388 4291; x_wconf 81' lang='lat' dir='ltr'><strong>pibee,</strong></span> <span class='ocrx_word' id='word_1_579' title='bbox 1402 4219 1483 4276; x_wconf 89' lang='lat' dir='ltr'><strong>selon</strong></span> <span class='ocrx_word' id='word_1_580' title='bbox 1497 4219 1524 4275; x_wconf 91' lang='lat' dir='ltr'><strong>le</strong></span> <span class='ocrx_word' id='word_1_581' title='bbox 1542 4219 1651 4277; x_wconf 87' lang='lat' dir='ltr'><strong>conscii</strong></span> <span class='ocrx_word' id='word_1_582' title='bbox 1672 4218 1710 4277; x_wconf 90' lang='lat' dir='ltr'><strong>du</strong></span> <span class='ocrx_word' id='word_1_583' title='bbox 1729 4217 1825 4292; x_wconf 81' lang='lat' dir='ltr'><strong>poete,</strong></span> <span class='ocrx_word' id='word_1_584' title='bbox 1842 4221 1869 4278; x_wconf 89' lang='lat' dir='ltr'><strong>le</strong></span> <span class='ocrx_word' id='word_1_585' title='bbox 1890 4229 1955 4279; x_wconf 89' lang='lat' dir='ltr'><strong>mot</strong></span> 
     </span>
     <span class='ocr_line' id='line_1_84' title="bbox 1151 4312 1951 4389; baseline 0.006 -18"><span class='ocrx_word' id='word_1_586' title='bbox 1151 4330 1254 4388; x_wconf 90' lang='lat' dir='ltr'><strong>propre</strong></span> <span class='ocrx_word' id='word_1_587' title='bbox 1270 4315 1319 4388; x_wconf 91' lang='lat' dir='ltr'><strong>qui</strong></span> <span class='ocrx_word' id='word_1_588' title='bbox 1333 4329 1457 4388; x_wconf 89' lang='lat' dir='ltr'><strong>manque</strong></span> <span class='ocrx_word' id='word_1_589' title='bbox 1470 4312 1487 4372; x_wconf 78' lang='lat' dir='ltr'><strong>d</strong></span> <span class='ocrx_word' id='word_1_590' title='bbox 1501 4315 1528 4372; x_wconf 90' lang='lat' dir='ltr'><strong>la</strong></span> <span class='ocrx_word' id='word_1_591' title='bbox 1547 4315 1670 4389; x_wconf 84' lang='lat' dir='ltr'><strong>langue:</strong></span> <span class='ocrx_word' id='word_1_592' title='bbox 1691 4337 1703 4369; x_wconf 81' lang='lat' dir='ltr'><strong>r</strong></span> <span class='ocrx_word' id='word_1_593' title='bbox 1725 4318 1761 4374; x_wconf 88' lang='lat' dir='ltr'><strong>Et</strong></span> <span class='ocrx_word' id='word_1_594' title='bbox 1775 4331 1834 4376; x_wconf 92' lang='lat' dir='ltr'><strong>uon</strong></span> <span class='ocrx_word' id='word_1_595' title='bbox 1853 4333 1951 4376; x_wconf 86' lang='lat' dir='ltr'><strong>rema·</strong></span> 
     </span>
    </p>
   </div>
   <div class='ocr_carea' id='block_1_7' title="bbox 293 4504 2030 5659">
    <p class='ocr_par' dir='ltr' id='par_1_10' title="bbox 294 4504 2030 5070">
     <span class='ocr_line' id='line_1_85' title="bbox 296 4504 1949 4588; baseline 0.002 -23"><span class='ocrx_word' id='word_1_596' title='bbox 296 4504 400 4565; x_wconf 86' lang='lat' dir='ltr'><strong>Gbristi</strong></span> <span class='ocrx_word' id='word_1_597' title='bbox 420 4507 574 4578; x_wconf 85' lang='lat' dir='ltr'><strong>passione:</strong></span> <span class='ocrx_word' id='word_1_598' title='bbox 595 4509 624 4565; x_wconf 94' lang='lat' dir='ltr'><strong>in</strong></span> <span class='ocrx_word' id='word_1_599' title='bbox 638 4507 694 4567; x_wconf 87' lang='lat' dir='ltr'><strong>imo</strong></span> <span class='ocrx_word' id='word_1_600' title='bbox 712 4509 910 4584; x_wconf 88' lang='lat' dir='ltr'><strong>redemptione</strong></span> <span class='ocrx_word' id='word_1_601' title='bbox 929 4511 1006 4570; x_wconf 91' lang='lat' dir='ltr'><strong>dedit</strong></span> <span class='ocrx_word' id='word_1_602' title='bbox 1029 4527 1094 4588; x_wconf 91' lang='lat' dir='ltr'><strong>pre·</strong></span> <span class='ocrx_word' id='word_1_603' title='bbox 1153 4509 1312 4585; x_wconf 78' lang='lat' dir='ltr'><strong>‹Crucibgi</strong></span> <span class='ocrx_word' id='word_1_604' title='bbox 1326 4523 1385 4568; x_wconf 92' lang='lat' dir='ltr'><strong>non</strong></span> <span class='ocrx_word' id='word_1_605' title='bbox 1399 4518 1461 4569; x_wconf 88' lang='lat' dir='ltr'><strong>erat</strong></span> <span class='ocrx_word' id='word_1_606' title='bbox 1476 4511 1579 4580; x_wconf 85' lang='lat' dir='ltr'><strong>occidi,</strong></span> <span class='ocrx_word' id='word_1_607' title='bbox 1599 4509 1650 4568; x_wconf 89' lang='lat' dir='ltr'><strong>sed</strong></span> <span class='ocrx_word' id='word_1_608' title='bbox 1666 4509 1715 4568; x_wconf 90' lang='lat' dir='ltr'><strong>diu</strong></span> <span class='ocrx_word' id='word_1_609' title='bbox 1736 4517 1857 4570; x_wconf 84' lang='lat' dir='ltr'><strong>mortem</strong></span> <span class='ocrx_word' id='word_1_610' title='bbox 1881 4526 1949 4584; x_wconf 92' lang='lat' dir='ltr'><strong>pro·</strong></span> 
     </span>
     <span class='ocr_line' id='line_1_86' title="bbox 297 4603 2030 4690; baseline 0.001 -30"><span class='ocrx_word' id='word_1_611' title='bbox 297 4603 367 4660; x_wconf 91' lang='lat' dir='ltr'><strong>tium</strong></span> <span class='ocrx_word' id='word_1_612' title='bbox 373 4603 546 4677; x_wconf 72' lang='lat' dir='ltr'><strong>saugonnam</strong></span> <span class='ocrx_word' id='word_1_613' title='bbox 557 4621 651 4663; x_wconf 87' lang='lat' dir='ltr'><strong>suum.</strong></span> <span class='ocrx_word' id='word_1_614' title='bbox 665 4608 692 4664; x_wconf 75' lang='lat' dir='ltr'><strong>l.</strong></span> <span class='ocrx_word' id='word_1_615' title='bbox 704 4607 730 4666; x_wconf 85' lang='grc' dir='ltr'><strong>Α</strong></span> <span class='ocrx_word' id='word_1_616' title='bbox 740 4607 958 4668; x_wconf 90' lang='lat' dir='ltr'><strong>tribulationeiit</strong></span> <span class='ocrx_word' id='word_1_617' title='bbox 968 4610 1097 4686; x_wconf 86' lang='lat' dir='ltr'><strong>redemp-</strong></span> <span class='ocrx_word' id='word_1_618' title='bbox 1151 4607 1282 4676; x_wconf 89' lang='lat' dir='ltr'><strong>trabi,.et</strong></span> <span class='ocrx_word' id='word_1_619' title='bbox 1295 4606 1422 4665; x_wconf 86' lang='lat' dir='ltr'><strong>dolorem</strong></span> <span class='ocrx_word' id='word_1_620' title='bbox 1434 4608 1626 4680; x_wconf 81' lang='lat' dir='ltr'><strong>augmentari.</strong></span> <span class='ocrx_word' id='word_1_621' title='bbox 1641 4627 1652 4660; x_wconf 78' lang='grc' dir='ltr'><strong>ι</strong></span> <span class='ocrx_word' id='word_1_622' title='bbox 2029 4675 2030 4690; x_wconf 23' lang='lat'>1</span> 
     </span>
     <span class='ocr_line' id='line_1_87' title="bbox 297 4700 2030 4783; baseline 0.004 -26"><span class='ocrx_word' id='word_1_623' title='bbox 297 4700 338 4758; x_wconf 86' lang='lat' dir='ltr'><strong>tio</strong></span> <span class='ocrx_word' id='word_1_624' title='bbox 356 4701 461 4759; x_wconf 80' lang='lat' dir='ltr'><strong>animae</strong></span> <span class='ocrx_word' id='word_1_625' title='bbox 479 4703 624 4762; x_wconf 88' lang='lat' dir='ltr'><strong>incarnis</strong></span> <span class='ocrx_word' id='word_1_626' title='bbox 646 4705 799 4763; x_wconf 87' lang='lat' dir='ltr'><strong>solutione.</strong></span> <span class='ocrx_word' id='word_1_627' title='bbox 825 4707 1095 4783; x_wconf 83' lang='lat' dir='ltr'><strong>3.rioorruptioua</strong></span> <span class='ocrx_word' id='word_1_628' title='bbox 1186 4705 1271 4772; x_wconf 87' lang='lat' dir='ltr'><strong>Selou</strong></span> <span class='ocrx_word' id='word_1_629' title='bbox 1280 4705 1307 4762; x_wconf 91' lang='lat' dir='ltr'><strong>le</strong></span> <span class='ocrx_word' id='word_1_630' title='bbox 1315 4704 1423 4763; x_wconf 88' lang='lat' dir='ltr'><strong>conscii</strong></span> <span class='ocrx_word' id='word_1_631' title='bbox 1431 4703 1661 4776; x_wconf 88' lang='lat' dir='ltr'><strong>deaclaasiques,</strong></span> <span class='ocrx_word' id='word_1_632' title='bbox 1672 4704 1816 4764; x_wconf 88' lang='lat' dir='ltr'><strong>lionorius</strong></span> <span class='ocrx_word' id='word_1_633' title='bbox 1825 4711 1872 4764; x_wconf 89' lang='lat' dir='ltr'><strong>est</strong></span> <span class='ocrx_word' id='word_1_634' title='bbox 1883 4703 1952 4764; x_wconf 77' lang='lat' dir='ltr'><strong>bmu</strong></span> <span class='ocrx_word' id='word_1_635' title='bbox 2029 4703 2030 4708; x_wconf 74' lang='grc'>’</span> 
     </span>
     <span class='ocr_line' id='line_1_88' title="bbox 297 4797 1953 4877; baseline 0.002 -21"><span class='ocrx_word' id='word_1_636' title='bbox 297 4797 347 4856; x_wconf 85' lang='lat' dir='ltr'><strong>liet</strong></span> <span class='ocrx_word' id='word_1_637' title='bbox 359 4798 517 4872; x_wconf 88' lang='lat' dir='ltr'><strong>redemptio</strong></span> <span class='ocrx_word' id='word_1_638' title='bbox 532 4802 562 4859; x_wconf 92' lang='lat' dir='ltr'><strong>in</strong></span> <span class='ocrx_word' id='word_1_639' title='bbox 572 4803 791 4875; x_wconf 89' lang='lat' dir='ltr'><strong>resurrectione,</strong></span> <span class='ocrx_word' id='word_1_640' title='bbox 803 4804 917 4877; x_wconf 88' lang='lat' dir='ltr'><strong>quando</strong></span> <span class='ocrx_word' id='word_1_641' title='bbox 929 4807 1025 4864; x_wconf 91' lang='lat' dir='ltr'><strong>omnis</strong></span> <span class='ocrx_word' id='word_1_642' title='bbox 1036 4822 1097 4866; x_wconf 87' lang='lat' dir='ltr'><strong>eor·</strong></span> <span class='ocrx_word' id='word_1_643' title='bbox 1150 4803 1312 4872; x_wconf 78' lang='lat' dir='ltr'><strong>luimeme,</strong></span> <span class='ocrx_word' id='word_1_644' title='bbox 1322 4801 1449 4875; x_wconf 86' lang='lat' dir='ltr'><strong>lorsqu&#39;il</strong></span> <span class='ocrx_word' id='word_1_645' title='bbox 1461 4810 1529 4860; x_wconf 85' lang='lat' dir='ltr'><strong>veut</strong></span> <span class='ocrx_word' id='word_1_646' title='bbox 1543 4802 1613 4859; x_wconf 87' lang='lat' dir='ltr'><strong>loire</strong></span> <span class='ocrx_word' id='word_1_647' title='bbox 1622 4801 1715 4860; x_wconf 74' lang='lat' dir='ltr'><strong>vilner</strong></span> <span class='ocrx_word' id='word_1_648' title='bbox 1724 4799 1953 4860; x_wconf 79' lang='lat' dir='ltr'><strong>l&#39;emotiondans</strong></span> 
     </span>
     <span class='ocr_line' id='line_1_89' title="bbox 294 4896 1951 4978; baseline 0.002 -23"><span class='ocrx_word' id='word_1_649' title='bbox 294 4896 389 4970; x_wconf 89' lang='lat' dir='ltr'><strong>ruptio</strong></span> <span class='ocrx_word' id='word_1_650' title='bbox 414 4897 527 4956; x_wconf 86' lang='lat' dir='ltr'><strong>tolletur</strong></span> <span class='ocrx_word' id='word_1_651' title='bbox 552 4899 588 4957; x_wconf 89' lang='lat' dir='ltr'><strong>de</strong></span> <span class='ocrx_word' id='word_1_652' title='bbox 610 4915 698 4960; x_wconf 84' lang='lat' dir='ltr'><strong>carna</strong></span> <span class='ocrx_word' id='word_1_653' title='bbox 719 4917 771 4976; x_wconf 83' lang='lat' dir='ltr'><strong>per</strong></span> <span class='ocrx_word' id='word_1_654' title='bbox 796 4902 918 4976; x_wconf 80' lang='lat' dir='ltr'><strong>gloriam</strong></span> <span class='ocrx_word' id='word_1_655' title='bbox 948 4919 1093 4978; x_wconf 60' lang='lat' dir='ltr'><strong>requirere·</strong></span> <span class='ocrx_word' id='word_1_656' title='bbox 1150 4898 1341 4958; x_wconf 84' lang='lat' dir='ltr'><strong>lesooeursde</strong></span> <span class='ocrx_word' id='word_1_657' title='bbox 1358 4913 1406 4956; x_wconf 90' lang='lat' dir='ltr'><strong>ses</strong></span> <span class='ocrx_word' id='word_1_658' title='bbox 1423 4898 1577 4957; x_wconf 88' lang='lat' dir='ltr'><strong>auditeurs.</strong></span> <span class='ocrx_word' id='word_1_659' title='bbox 1590 4899 1715 4956; x_wconf 83' lang='lat' dir='ltr'><strong>llexcite</strong></span> <span class='ocrx_word' id='word_1_660' title='bbox 1731 4913 1829 4957; x_wconf 89' lang='lat' dir='ltr'><strong>ences</strong></span> <span class='ocrx_word' id='word_1_661' title='bbox 1845 4906 1951 4958; x_wconf 87' lang='lat' dir='ltr'><strong>termes</strong></span> 
     </span>
     <span class='ocr_line' id='line_1_90' title="bbox 296 4982 1951 5070; baseline -0.002 -14"><span class='ocrx_word' id='word_1_662' title='bbox 296 4997 392 5056; x_wconf 69' lang='lat' dir='ltr'><strong>donn.</strong></span> <span class='ocrx_word' id='word_1_663' title='bbox 407 5019 426 5050; x_wconf 78' lang='lat' dir='ltr'><strong>s</strong></span> <span class='ocrx_word' id='word_1_664' title='bbox 1148 4996 1191 5054; x_wconf 89' lang='lat' dir='ltr'><strong>les</strong></span> <span class='ocrx_word' id='word_1_665' title='bbox 1201 4995 1350 5070; x_wconf 82' lang='lat' dir='ltr'><strong>pecbeurs,</strong></span> <span class='ocrx_word' id='word_1_666' title='bbox 1360 4993 1554 5054; x_wconf 76' lang='lat' dir='ltr'><strong>lescbretiens</strong></span> <span class='ocrx_word' id='word_1_667' title='bbox 1563 4996 1773 5069; x_wconf 80' lang='lat' dir='ltr'><strong>languissents:</strong></span> <span class='ocrx_word' id='word_1_668' title='bbox 1787 5017 1799 5047; x_wconf 82' lang='grc' dir='ltr'>ι</span> <span class='ocrx_word' id='word_1_669' title='bbox 1812 4982 1868 5053; x_wconf 83' lang='lat' dir='ltr'><strong>Sed</strong></span> <span class='ocrx_word' id='word_1_670' title='bbox 1878 4995 1951 5069; x_wconf 89' lang='lat' dir='ltr'><strong>prob</strong></span> 
     </span>
    </p>

    <p class='ocr_par' dir='ltr' id='par_1_11' title="bbox 293 5091 1951 5659">
     <span class='ocr_line' id='line_1_91' title="bbox 329 5091 1951 5174; baseline -0.003 -20"><span class='ocrx_word' id='word_1_671' title='bbox 329 5095 375 5155; x_wconf 86' lang='grc'><strong>36.</strong></span> <span class='ocrx_word' id='word_1_672' title='bbox 386 5097 466 5154; x_wconf 83' lang='lat' dir='ltr'><strong>rivec</strong></span> <span class='ocrx_word' id='word_1_673' title='bbox 476 5095 540 5169; x_wconf 91' lang='lat' dir='ltr'><strong>plus</strong></span> <span class='ocrx_word' id='word_1_674' title='bbox 550 5093 586 5154; x_wconf 91' lang='lat' dir='ltr'><strong>de</strong></span> <span class='ocrx_word' id='word_1_675' title='bbox 599 5095 761 5170; x_wconf 70' lang='lat' dir='ltr'><strong>libertique</strong></span> <span class='ocrx_word' id='word_1_676' title='bbox 774 5111 828 5156; x_wconf 93' lang='lat' dir='ltr'><strong>nos</strong></span> <span class='ocrx_word' id='word_1_677' title='bbox 842 5113 949 5174; x_wconf 79' lang='lat' dir='ltr'><strong>usages</strong></span> <span class='ocrx_word' id='word_1_678' title='bbox 964 5097 1095 5173; x_wconf 79' lang='lat' dir='ltr'><strong>presente</strong></span> <span class='ocrx_word' id='word_1_679' title='bbox 1149 5091 1255 5167; x_wconf 88' lang='lat' dir='ltr'><strong>pudori</strong></span> <span class='ocrx_word' id='word_1_680' title='bbox 1272 5093 1400 5153; x_wconf 86' lang='lat' dir='ltr'><strong>Christus</strong></span> <span class='ocrx_word' id='word_1_681' title='bbox 1415 5094 1485 5152; x_wconf 84' lang='lat' dir='ltr'><strong>vivit</strong></span> <span class='ocrx_word' id='word_1_682' title='bbox 1496 5101 1525 5152; x_wconf 87' lang='lat' dir='ltr'><strong>et</strong></span> <span class='ocrx_word' id='word_1_683' title='bbox 1542 5107 1597 5151; x_wconf 88' lang='lat' dir='ltr'><strong>nos</strong></span> <span class='ocrx_word' id='word_1_684' title='bbox 1613 5091 1708 5151; x_wconf 89' lang='lat' dir='ltr'><strong>adbuc</strong></span> <span class='ocrx_word' id='word_1_685' title='bbox 1724 5091 1951 5163; x_wconf 85' lang='lat' dir='ltr'><strong>succumbimus,</strong></span> 
     </span>
     <span class='ocr_line' id='line_1_92' title="bbox 294 5187 1951 5267; baseline -0.001 -17"><span class='ocrx_word' id='word_1_686' title='bbox 294 5194 366 5251; x_wconf 90' lang='lat' dir='ltr'><strong>neie</strong></span> <span class='ocrx_word' id='word_1_687' title='bbox 379 5194 593 5266; x_wconf 90' lang='lat' dir='ltr'><strong>permettent,le</strong></span> <span class='ocrx_word' id='word_1_688' title='bbox 604 5191 807 5267; x_wconf 77' lang='lat' dir='ltr'><strong>predicateura</strong></span> <span class='ocrx_word' id='word_1_689' title='bbox 821 5195 1095 5255; x_wconf 89' lang='lat' dir='ltr'><strong>suiairelacensure</strong></span> <span class='ocrx_word' id='word_1_690' title='bbox 1149 5189 1278 5250; x_wconf 86' lang='lat' dir='ltr'><strong>Christus</strong></span> <span class='ocrx_word' id='word_1_691' title='bbox 1287 5194 1442 5250; x_wconf 85' lang='lat' dir='ltr'><strong>resurrexit</strong></span> <span class='ocrx_word' id='word_1_692' title='bbox 1454 5198 1483 5249; x_wconf 89' lang='lat' dir='ltr'><strong>et</strong></span> <span class='ocrx_word' id='word_1_693' title='bbox 1492 5205 1545 5249; x_wconf 91' lang='lat' dir='ltr'><strong>nos</strong></span> <span class='ocrx_word' id='word_1_694' title='bbox 1556 5189 1650 5249; x_wconf 84' lang='lat' dir='ltr'><strong>adbuc</strong></span> <span class='ocrx_word' id='word_1_695' title='bbox 1657 5189 1788 5264; x_wconf 87' lang='lat' dir='ltr'><strong>jacemus</strong></span> <span class='ocrx_word' id='word_1_696' title='bbox 1799 5231 1808 5260; x_wconf 97' lang='lat'><strong>,</strong></span> <span class='ocrx_word' id='word_1_697' title='bbox 1821 5187 1951 5250; x_wconf 85' lang='lat' dir='ltr'><strong>Christus</strong></span> 
     </span>
     <span class='ocr_line' id='line_1_93' title="bbox 295 5286 1951 5368; baseline -0.001 -20"><span class='ocrx_word' id='word_1_698' title='bbox 295 5289 350 5348; x_wconf 89' lang='lat' dir='ltr'><strong>iort</strong></span> <span class='ocrx_word' id='word_1_699' title='bbox 363 5289 444 5358; x_wconf 78' lang='lat' dir='ltr'><strong>vire,</strong></span> <span class='ocrx_word' id='word_1_700' title='bbox 454 5306 490 5348; x_wconf 90' lang='lat' dir='ltr'><strong>en</strong></span> <span class='ocrx_word' id='word_1_701' title='bbox 505 5299 633 5364; x_wconf 89' lang='lat' dir='ltr'><strong>passaot,</strong></span> <span class='ocrx_word' id='word_1_702' title='bbox 649 5291 700 5351; x_wconf 90' lang='lat' dir='ltr'><strong>des</strong></span> <span class='ocrx_word' id='word_1_703' title='bbox 715 5307 822 5352; x_wconf 89' lang='lat' dir='ltr'><strong>moeurs</strong></span> <span class='ocrx_word' id='word_1_704' title='bbox 833 5294 870 5352; x_wconf 90' lang='lat' dir='ltr'><strong>de</strong></span> <span class='ocrx_word' id='word_1_705' title='bbox 886 5296 1013 5352; x_wconf 88' lang='lat' dir='ltr'><strong>certains</strong></span> <span class='ocrx_word' id='word_1_706' title='bbox 1027 5293 1092 5368; x_wconf 80' lang='lat' dir='ltr'><strong>prb·</strong></span> <span class='ocrx_word' id='word_1_707' title='bbox 1148 5289 1250 5363; x_wconf 85' lang='lat' dir='ltr'><strong>vigilat</strong></span> <span class='ocrx_word' id='word_1_708' title='bbox 1263 5296 1292 5347; x_wconf 90' lang='lat' dir='ltr'><strong>et</strong></span> <span class='ocrx_word' id='word_1_709' title='bbox 1313 5303 1367 5346; x_wconf 92' lang='lat' dir='ltr'><strong>nos</strong></span> <span class='ocrx_word' id='word_1_710' title='bbox 1383 5287 1477 5346; x_wconf 89' lang='lat' dir='ltr'><strong>adbuc</strong></span> <span class='ocrx_word' id='word_1_711' title='bbox 1491 5287 1662 5357; x_wconf 91' lang='lat' dir='ltr'><strong>dormimus,</strong></span> <span class='ocrx_word' id='word_1_712' title='bbox 1683 5286 1813 5346; x_wconf 85' lang='lat' dir='ltr'><strong>Christus</strong></span> <span class='ocrx_word' id='word_1_713' title='bbox 1832 5286 1903 5344; x_wconf 83' lang='lat' dir='ltr'><strong>vivit</strong></span> <span class='ocrx_word' id='word_1_714' title='bbox 1921 5295 1951 5346; x_wconf 90' lang='lat' dir='ltr'><strong>et</strong></span> 
     </span>
     <span class='ocr_line' id='line_1_94' title="bbox 294 5382 1951 5465; baseline -0.002 -19"><span class='ocrx_word' id='word_1_715' title='bbox 294 5389 349 5446; x_wconf 89' lang='lat' dir='ltr'><strong>lats</strong></span> <span class='ocrx_word' id='word_1_716' title='bbox 363 5395 392 5446; x_wconf 93' lang='lat' dir='ltr'><strong>et</strong></span> <span class='ocrx_word' id='word_1_717' title='bbox 406 5387 458 5445; x_wconf 91' lang='lat' dir='ltr'><strong>des</strong></span> <span class='ocrx_word' id='word_1_718' title='bbox 469 5389 576 5462; x_wconf 84' lang='lat' dir='ltr'><strong>grands</strong></span> <span class='ocrx_word' id='word_1_719' title='bbox 586 5389 624 5449; x_wconf 90' lang='lat' dir='ltr'><strong>du</strong></span> <span class='ocrx_word' id='word_1_720' title='bbox 639 5391 784 5450; x_wconf 80' lang='lat' dir='ltr'><strong>treizieme</strong></span> <span class='ocrx_word' id='word_1_721' title='bbox 798 5389 922 5450; x_wconf 78' lang='lat' dir='ltr'><strong>siecle«</strong></span> <span class='ocrx_word' id='word_1_722' title='bbox 939 5393 1011 5450; x_wconf 88' lang='lat' dir='ltr'><strong>Nota</strong></span> <span class='ocrx_word' id='word_1_723' title='bbox 1027 5401 1095 5465; x_wconf 91' lang='lat' dir='ltr'><strong>quot</strong></span> <span class='ocrx_word' id='word_1_724' title='bbox 1149 5401 1203 5444; x_wconf 89' lang='lat' dir='ltr'><strong>nos</strong></span> <span class='ocrx_word' id='word_1_725' title='bbox 1217 5385 1311 5445; x_wconf 90' lang='lat' dir='ltr'><strong>adbuc</strong></span> <span class='ocrx_word' id='word_1_726' title='bbox 1323 5386 1471 5456; x_wconf 86' lang='lat' dir='ltr'><strong>morimur,</strong></span> <span class='ocrx_word' id='word_1_727' title='bbox 1482 5385 1612 5444; x_wconf 84' lang='lat' dir='ltr'><strong>Christus</strong></span> <span class='ocrx_word' id='word_1_728' title='bbox 1621 5385 1741 5458; x_wconf 90' lang='lat' dir='ltr'><strong>imperat</strong></span> <span class='ocrx_word' id='word_1_729' title='bbox 1758 5390 1788 5440; x_wconf 90' lang='lat' dir='ltr'><strong>et</strong></span> <span class='ocrx_word' id='word_1_730' title='bbox 1799 5382 1909 5452; x_wconf 87' lang='lat' dir='ltr'><strong>liberat,</strong></span> <span class='ocrx_word' id='word_1_731' title='bbox 1921 5391 1951 5442; x_wconf 89' lang='lat' dir='ltr'><strong>et</strong></span> 
     </span>
     <span class='ocr_line' id='line_1_95' title="bbox 293 5480 1947 5561; baseline -0.002 -17"><span class='ocrx_word' id='word_1_732' title='bbox 293 5481 473 5558; x_wconf 85' lang='lat' dir='ltr'><strong>bodiesigna</strong></span> <span class='ocrx_word' id='word_1_733' title='bbox 489 5487 598 5544; x_wconf 88' lang='lat' dir='ltr'><strong>suntin</strong></span> <span class='ocrx_word' id='word_1_734' title='bbox 614 5486 685 5559; x_wconf 90' lang='lat' dir='ltr'><strong>sole,</strong></span> <span class='ocrx_word' id='word_1_735' title='bbox 702 5487 789 5547; x_wconf 90' lang='lat' dir='ltr'><strong>idest</strong></span> <span class='ocrx_word' id='word_1_736' title='bbox 807 5489 835 5544; x_wconf 92' lang='lat' dir='ltr'><strong>iu</strong></span> <span class='ocrx_word' id='word_1_737' title='bbox 857 5489 982 5561; x_wconf 77' lang='lat' dir='ltr'><strong>prolatis</strong></span> <span class='ocrx_word' id='word_1_738' title='bbox 994 5490 1093 5547; x_wconf 79' lang='lat' dir='ltr'><strong>Eccle-</strong></span> <span class='ocrx_word' id='word_1_739' title='bbox 1149 5499 1202 5542; x_wconf 90' lang='lat' dir='ltr'><strong>nos</strong></span> <span class='ocrx_word' id='word_1_740' title='bbox 1216 5483 1311 5541; x_wconf 88' lang='lat' dir='ltr'><strong>adhuc</strong></span> <span class='ocrx_word' id='word_1_741' title='bbox 1324 5482 1400 5540; x_wconf 87' lang='lat' dir='ltr'><strong>servi</strong></span> <span class='ocrx_word' id='word_1_742' title='bbox 1414 5495 1524 5552; x_wconf 91' lang='lat' dir='ltr'><strong>sumus,</strong></span> <span class='ocrx_word' id='word_1_743' title='bbox 1541 5503 1552 5534; x_wconf 71' lang='lat' dir='ltr'><strong>s</strong></span> <span class='ocrx_word' id='word_1_744' title='bbox 1569 5483 1663 5540; x_wconf 84' lang='lat' dir='ltr'><strong>Sermo</strong></span> <span class='ocrx_word' id='word_1_745' title='bbox 1674 5481 1779 5540; x_wconf 71' lang='lat' dir='ltr'><strong>unit</strong></span> <span class='ocrx_word' id='word_1_746' title='bbox 1794 5480 1947 5540; x_wconf 82' lang='lat' dir='ltr'><strong>emmeles</strong></span> 
     </span>
     <span class='ocr_line' id='line_1_96' title="bbox 294 5574 1946 5659; baseline -0.003 -18"><span class='ocrx_word' id='word_1_747' title='bbox 294 5582 355 5654; x_wconf 83' lang='lat' dir='ltr'><strong>sire,</strong></span> <span class='ocrx_word' id='word_1_748' title='bbox 369 5583 435 5658; x_wconf 90' lang='lat' dir='ltr'><strong>quio</strong></span> <span class='ocrx_word' id='word_1_749' title='bbox 453 5583 590 5643; x_wconf 88' lang='lat' dir='ltr'><strong>deberent</strong></span> <span class='ocrx_word' id='word_1_750' title='bbox 607 5600 671 5644; x_wconf 88' lang='lat' dir='ltr'><strong>csse</strong></span> <span class='ocrx_word' id='word_1_751' title='bbox 690 5587 744 5657; x_wconf 91' lang='lat' dir='ltr'><strong>sol,</strong></span> <span class='ocrx_word' id='word_1_752' title='bbox 767 5593 798 5645; x_wconf 91' lang='lat' dir='ltr'><strong>ut</strong></span> <span class='ocrx_word' id='word_1_753' title='bbox 812 5584 868 5645; x_wconf 88' lang='lat' dir='ltr'><strong>diei</strong></span> <span class='ocrx_word' id='word_1_754' title='bbox 884 5595 1050 5659; x_wconf 86' lang='lat' dir='ltr'><strong>preessent,</strong></span> <span class='ocrx_word' id='word_1_755' title='bbox 1066 5587 1094 5646; x_wconf 89' lang='lat' dir='ltr'><strong>id</strong></span> <span class='ocrx_word' id='word_1_756' title='bbox 1146 5581 1238 5656; x_wconf 79' lang='lat' dir='ltr'><strong>iustos</strong></span> <span class='ocrx_word' id='word_1_757' title='bbox 1250 5594 1361 5654; x_wconf 88' lang='lat' dir='ltr'><strong>parces</strong></span> <span class='ocrx_word' id='word_1_758' title='bbox 1374 5579 1487 5654; x_wconf 89' lang='lat' dir='ltr'><strong>paroies</strong></span> <span class='ocrx_word' id='word_1_759' title='bbox 1499 5576 1704 5638; x_wconf 77' lang='lat' dir='ltr'><strong>enssammees:</strong></span> <span class='ocrx_word' id='word_1_760' title='bbox 1722 5598 1732 5630; x_wconf 85' lang='grc' dir='ltr'>ι</span> <span class='ocrx_word' id='word_1_761' title='bbox 1750 5574 1946 5638; x_wconf 86' lang='lat' dir='ltr'><strong>Obcbaritasl</strong></span> 
     </span>
    </p>
   </div>
   <div class='ocr_carea' id='block_1_8' title="bbox 0 0 2058 6422">
    <p class='ocr_par' dir='ltr' id='par_1_12' title="bbox 0 0 2058 6422">
     <span class='ocr_line' id='line_1_97' title="bbox 0 0 2058 6422; baseline 0 3"><span class='ocrx_word' id='word_1_762' title='bbox 0 0 2058 6422; x_wconf 95' lang='lat' dir='ltr'><strong> </strong></span> 
     </span>
    </p>
   </div>
  </div>
 </body>
</html>
