4108 6418
312 273 369 330 lea
935 275 1110 338 nononu
1126 277 1170 339 111
1193 281 1340 344 orsas.
1912 302 1976 362 12,
2019 279 2020 338 v

310 421 505 482 electionem
525 419 741 498 procederent
762 422 950 500 interdixit;
973 428 1108 505 propter

310 517 397 596 quod
415 534 489 578 cum
506 517 630 594 eligere
645 534 711 580 non
724 519 879 593 audeant,
895 521 990 584 Sedis
1001 527 1108 602 Apos-

309 615 418 676 tolicee
442 615 624 675 remedium
645 617 874 692 implorarunt.
904 621 983 678 Cum
1005 622 1108 696 igitur

310 727 376 773 non
400 713 505 788 prosit
527 713 650 774 statuta
671 715 706 775 in
728 715 878 776 ecclesiis
900 715 984 788 fleri,
1011 718 1040 776 si
1054 735 1104 790 ea,

310 809 454 870 maxime
470 810 575 881 utilia,
602 827 668 870 non
684 813 868 884 serventur,
879 851 881 859 =
893 815 1106 877 Fraternitati

310 907 375 967 tum
389 907 594 980 mandamus,
609 911 772 984 quatenus
787 909 840 970 his
861 927 928 970 non
945 911 1108 973 obstanti-

309 1002 381 1076 huS,
408 1021 480 1081 quae
494 1021 553 1081 per
567 1006 760 1082 pradictum
780 1008 970 1084 episcopum
995 1009 1107 1070 taliter

310 1102 387 1162 sunt
400 1103 610 1178 praesumpta,
625 1101 729 1163 iacias
743 1103 784 1163 ad
801 1105 1012 1180 praehendam
1028 1106 1106 1167 dicti

309 1198 454 1259 cantoris
469 1214 529 1274 per
547 1215 604 1260 eos
619 1200 660 1260 ad
679 1217 761 1277 quos
775 1204 832 1278 jus
847 1202 992 1277 eligendi
1006 1220 1106 1280 spec-

307 1297 379 1356 tare
394 1294 609 1370 dignoscitur,
624 1297 779 1358 idoneum
794 1299 885 1373 eligi,
900 1300 933 1358 in
947 1299 1107 1361 diacona-

308 1391 372 1464 tus,
389 1391 442 1452 vel
457 1393 636 1454 sacerdotii
651 1393 766 1455 ordine
783 1395 1011 1457 constitutum.

569 1553 781 1640 TITULUS
807 1557 847 1640 ΙΙ

539 1708 583 1754 os
611 1692 875 1774 casamariam).

305 1825 435 1896 Abbati,
462 1826 495 1884 ct
509 1828 631 1886 Priori
652 1827 940 1899 sanctimonae,
958 1830 992 1889 ct
1010 1833 1039 1890 l.
1064 1833 1105 1891 dc

345 1925 425 1982 villa
452 1925 554 1982 che
570 1919 619 2000 (a)
652 1926 822 1986 costenten
845 1927 965 1986 Sarrcti
994 1929 1104 1992 crcia-

346 2019 410 2080 tint
429 2013 491 2096 (h),
505 2021 761 2082 Nooiontcusia.

612 2173 748 2232 CAPUT
769 2175 794 2233 I.

344 2293 485 2370 capituli
503 2295 625 2356 sanctae
644 2297 758 2356 Crucis
776 2297 1025 2358 Cameracensis
1044 2313 1105 2358 ex-

305 2390 409 2452 hihita
423 2391 517 2452 nobis
535 2393 650 2468 petitio
671 2393 862 2465 declaravit,
879 2394 964 2470 quod
977 2392 1023 2472 (c)
1038 2397 1104 2456 Re-

304 2593 383 2648 num,
406 2579 434 2636 in
449 2581 623 2650 coraposito
644 2581 690 2648 lc,
708 2583 740 2649 Q.
759 2583 784 2648 t,
807 2582 881 2653 quod
904 2590 947 2639 est
966 2583 1099 2656 trequen-

302 2650 368 2718 tins,
385 2658 414 2707 et
427 2651 455 2706 in
466 2651 513 2724 jus
526 2660 635 2708 certum
648 2653 768 2722 transiit,
783 2667 887 2724 nempe
902 2661 932 2708 ut
945 2656 992 2725 ryui
1011 2655 1046 2711 ad
1060 2670 1103 2710 sa·

303 2720 460 2778 cordolium
493 2723 654 2793 promoveri
677 2724 772 2778 statim
804 2731 965 2792 teneantur,
993 2739 1101 2782 annum

303 2797 398 2847 tamon
412 2792 544 2860 lrahcaut,
554 2810 615 2862 cop.
628 2795 690 2849 ticet
699 2809 799 2860 cllttoll,
810 2796 842 2847 da
854 2796 942 2860 elect,
960 2797 990 2850 in
1001 2797 1027 2852 c.

339 2861 379 2933 (l)
401 2864 493 2918 hierna
510 2865 572 2919 titre
587 2863 659 2919 dans
674 2865 699 2920 ln
715 2864 884 2935 compilatio
902 2867 1004 2920 Prima.
1024 2869 1101 2922 liuns

300 2930 517 3058 lasallccrctalos
526 2931 746 3005 Grdgorienncs,
756 2936 788 2989 dc
801 2935 961 3005 llcscriptis,
972 2935 1063 2992 lorme
1075 2936 1102 2993 le

303 3001 336 3058 tit
370 3045 376 3057 .

339 3070 381 3143 (a)
391 3072 541 3144 inscriptio
554 3072 640 3146 hujus
655 3089 719 3147 cap.
735 3073 859 3130 ostendit
874 3090 959 3146 quam
976 3074 1046 3133 iulsa
1062 3078 1102 3134 sit

302 3141 348 3198 illa
379 3157 442 3210 oute
468 3151 512 3200 cst
535 3145 563 3200 in
583 3144 707 3200 editione
732 3145 922 3201 Decrelalium
950 3147 1004 3203 cre
1028 3148 1098 3218 orii,

302 3213 518 3283 capdtthoctlt.
528 3215 664 3284 Episcopo
673 3215 935 3284 Lepionmsimlias,
944 3218 998 3272 Leo
1020 3219 1098 3282 tensi,

301 3290 422 3365 utraque
444 3285 521 3341 nullo
543 3291 626 3356 pacto
646 3285 787 3356 congruit.
816 3288 906 3357 Huyus
930 3289 1099 3345 correctioni

302 3354 381 3410 multi
392 3368 539 3424 perperam
554 3355 731 3412 insudarunt.
742 3359 815 3415 Vera
829 3357 974 3427 inscriptio
986 3358 1014 3414 in
1027 3358 1097 3416 duo·

300 3421 353 3480 hus
379 3425 456 3481 MSS.
481 3426 574 3482 adlati
595 3431 620 3481 et
640 3426 745 3496 priori,
779 3429 821 3482 oet
837 3428 985 3497 propriori
1008 3431 1099 3486 eoacti

300 3493 432 3565 Properti,
447 3500 473 3551 et
486 3497 508 3552 Ι.
529 3497 562 3551 de
574 3497 645 3551 oitto
663 3497 747 3553 Wode
760 3497 901 3554 canonico
910 3499 1003 3555 salicti
1014 3500 1098 3566 Quin-

298 3565 355 3620 tiei
379 3566 585 3623 Noniomensis.
614 3566 733 3624 Ahhetia
773 3568 801 3624 S.
835 3567 965 3640 Proiecti,
990 3569 1098 3628 ordinis

300 3637 329 3692 S.
355 3635 515 3702 denedicti,
542 3637 745 3694 Noviomensis
771 3637 913 3704 dioecesis,
941 3640 970 3696 in
995 3641 1096 3698 suhar-

299 3705 347 3762 hio
380 3708 470 3763 sancti
500 3708 637 3774 Quintini.
673 3708 744 3766 Vide
774 3708 934 3766 chronicon
967 3711 1097 3769 camera·

299 3789 397 3845 cense,
414 3777 462 3834 lih.
477 3779 526 3844 ΙΙΙ,
538 3793 570 3833 ca
596 3822 602 3836 .
623 3779 651 3834 3.
668 3780 729 3835 Duo
742 3786 808 3834 sunt
823 3779 850 3834 S.
875 3780 1005 3851 Proiecit,
1022 3798 1097 3840 unus

299 3853 406 3920 martyr
420 3862 485 3905 curn
501 3847 529 3904 S.
546 3793 665 3922 thyrso,
690 3849 719 3904 in
737 3848 938 3932 hiartyrologio
959 3852 1052 3921 llam,
1069 3860 1097 3910 et

298 3917 328 3974 ln
342 3919 486 3976 Breviario
500 3919 637 3976 Toletano
664 3919 692 3976 S.
719 3918 834 3987 lsldor1;
855 3920 928 3976 allus
944 3921 1096 3994 episcopus

297 3989 487 4046 Arvernensis
501 3997 529 4046 et
547 3997 663 4063 martyr,
686 3990 734 4062 qui
759 3996 787 4046 et
804 3990 958 4063 Praejectus
979 4001 1096 4048 vocatur

299 4059 334 4115 ab
353 4059 483 4117 Usuardo
498 4066 526 4116 et
545 4075 561 4117 a
577 4059 736 4133 Sigehertc,
752 4059 782 4116 in
801 4059 913 4129 chrom,
940 4076 1016 4118 anno
1030 4063 1093 4132 670,

296 4129 386 4254 vulgo
400 4131 427 4185 S.
444 4129 721 4196 Prie‚l)uhiumc11i
737 4131 799 4187 haec
809 4129 929 4187 Ahhatia
945 4131 1048 4189 dicata.

335 4200 345 4269 (
364 4200 374 4272 )
396 4199 535 4255 cnoonicc
547 4201 642 4257 Sancti
653 4201 791 4268 Quintilii.
806 4201 902 4256 Sancti
916 4200 1041 4268 Quintini
1057 4199 1095 4257 la·

298 4283 366 4326 num
393 4269 533 4340 praecipua
565 4269 632 4326 olim
660 4269 926 4328 veromanduorum
957 4272 1093 4329 comitum

298 4338 391 4407 sedes,
419 4339 546 4410 ejusdem
574 4339 705 4398 dioecesis
725 4341 933 4398 Noviomensis.
963 4341 1092 4413 Augusta

297 4409 563 4467 veromanduorum
572 4412 645 4468 male
653 4411 759 4468 credita
771 4426 787 4467 a
798 4411 923 4482 losepho
934 4411 1090 4484 scaligero,

297 4480 326 4536 in
339 4480 453 4536 Noticio
464 4481 572 4549 cottio,
584 4482 653 4539 nihil
669 4483 746 4540 enim
760 4489 846 4537 restat
858 4497 893 4538 ex
913 4480 967 4538 hac
976 4482 1092 4540 civitate

297 4550 365 4607 olim
380 4551 534 4623 episcopali
555 4554 595 4622 (et
609 4555 745 4610 translata
765 4553 970 4610 Noviomuma
992 4561 1092 4610 sancto

297 4621 443 4690 ldedardo,
470 4623 517 4678 lts
534 4624 669 4705 episcopo
700 4622 897 4694 Noviomensi)
931 4637 1090 4694 quamcoe-

296 4693 411 4750 nohium
428 4699 455 4749 ct
464 4692 575 4750 abbatia
585 4693 707 4766 insignis
720 4691 827 4748 ordinis
839 4695 1091 4749 praemonstraten-

295 4764 335 4821 sis
347 4764 420 4821 inter
436 4766 622 4831 Poronam,ct
632 4765 723 4820 sancti
736 4763 861 4830 Quintini
879 4765 988 4820 Fanum
1008 4763 1092 4820 hodio

295 4849 400 4892 nomen
417 4835 518 4891 retinet
536 4835 676 4892 Vcrmnod
698 4835 818 4904 lotape.
837 4833 974 4890 hohertos
988 4836 1089 4892 caena·

295 4905 340 4974 lie,
354 4915 382 4962 et
397 4907 428 4962 P.
446 4905 559 4961 Divinus
572 4905 599 4960 in
616 4904 708 4959 litatio
718 4903 920 4974 (indignitatum
935 4905 1036 4974 litigii.

332 4975 369 5048 (r)
386 4976 523 5032 hecardo.
540 4976 653 5031 Falsum
666 4981 709 5031 est
721 4975 806 5048 igitur
817 4973 891 5047 qood
908 4974 1005 5032 scribit
1024 4975 1089 5032 llai·

295 5047 419 5104 mundus
433 5044 469 5100 de
482 5045 664 5101 Callimacho.

331 5116 372 5189 (d)
405 5113 644 5174 archidiaconum
681 5115 888 5172 Tornoceascm.
925 5117 999 5175 llale
1030 5115 1087 5172 Ar-

294 5187 498 5258 chiepiscopum
523 5185 722 5240 Trvrnucensem
746 5199 761 5241 a
786 5185 955 5242 ltaimondo.
981 5188 1087 5244 Torna-

294 5271 360 5313 cum
386 5273 442 5314 non
465 5262 509 5313 est
531 5253 803 5327 archiepiscopatus,
835 5255 885 5312 scd
910 5258 1091 5330 episcopatus

294 5327 497 5400 suffraganeus
511 5328 676 5395 Remensis3
688 5325 746 5382 imo
762 5326 916 5397 antiquitus
930 5329 1089 5384 Tornacum

293 5399 404 5455 unitum
417 5396 467 5454 luit
478 5397 673 5464 Noviomensi,
689 5397 834 5464 annodtll,
843 5397 895 5454 suh
907 5399 939 5454 D.
954 5398 1090 5455 lledardo

292 5481 384 5540 usque
409 5466 444 5524 ad
466 5483 572 5526 urinum
594 5469 672 5534 illd,
689 5482 756 5540 quo,
781 5475 949 5540 procurante
969 5471 1002 5526 D.
1020 5470 1086 5526 Ber-

293 5539 382 5596 nardo
402 5540 531 5620 proprius
550 5540 578 5596 ei
593 5539 719 5596 redditus
739 5537 791 5596 luit
812 5539 973 5612 episcopus,
1002 5553 1086 5596 sexa-

292 5611 371 5681 ginta
399 5623 482 5666 annts
504 5617 569 5667 ante
596 5611 752 5668 lionorinrn
780 5616 917 5666 nostrum.
939 5610 1089 5668 liezelinus

1164 432 1278 503 vardo,
1303 433 1426 496 clerico
1459 437 1654 501 Noviouem.
1678 443 1848 519 DioecesiS,
1866 465 1977 527 super

1162 527 1365 605 praebendali
1383 531 1544 598 beneflcio
1561 537 1597 598 in
1617 553 1732 602 eorum
1747 543 1892 606 ecclesia
1910 547 1976 609 oh-
2019 599 2020 604 ,

1161 625 1307 700 tinendc,
1327 631 1459 691 nostras
1479 632 1519 692 ad
1540 650 1597 694 eos
1621 638 1828 712 monitorias,
1853 645 1888 704 et
1912 645 1975 706 de-

1162 739 1251 784 mum
1266 729 1501 803 praeceptorias
1518 730 1646 792 litteras
1661 735 1873 811 impetrante,
1889 743 1973 802 Bal-

1162 819 1294 893 duinus,
1308 824 1450 884 clericus
1466 829 1648 890 Tornacen.
1665 831 1829 906 dioecesis,
1849 841 1969 900 contra

1162 933 1218 978 eos
1231 934 1332 996 super
1353 923 1519 984 consimili
1541 925 1701 989 beneficio
1720 930 1757 990 in
1770 933 1886 994 eadem
1902 937 1970 998 sibi

1161 1015 1302 1078 ecclesia
1314 1019 1512 1082 conserendo
1527 1023 1568 1083 ad
1580 1022 1629 1102 (d)
1642 1027 1671 1086 J.
1683 1027 1967 1094 archidiaconum

1161 1115 1343 1176 Tornacen.
1361 1116 1394 1177 et
1407 1121 1481 1193 ejus
1494 1120 1649 1196 collegae,
1667 1123 1707 1184 de
1722 1126 1894 1201 praedictis
1910 1130 1968 1193 lit-

1161 1211 1242 1272 teris
1263 1229 1330 1274 non
1354 1213 1467 1276 hahita
1493 1219 1671 1291 mentione,
1701 1225 1915 1288 executorlas
1945 1229 1980 1290 a'

1161 1308 1255 1369 nohis
1271 1310 1399 1371 litteras
1414 1313 1614 1390 impetravit,
1636 1318 1703 1393 qui,
1719 1321 1794 1396 post
1808 1325 1965 1399 appella-

1160 1406 1284 1468 tionem
1299 1408 1340 1468 ad
1360 1425 1420 1470 nos
1435 1411 1675 1488 interpositam,
1693 1415 1801 1478 ineos
1819 1435 1964 1498 suspen-

1161 1502 1681 1585 sionissententiasprotulerunt,
1697 1529 1736 1574 ac
1747 1513 1963 1580 dictusR.su-

1160 1617 1220 1676 per
1239 1605 1434 1665 executione
1449 1606 1596 1668 mandati
1609 1610 1725 1678 nostri,
1740 1628 1799 1688 pro
1814 1629 1852 1675 eo
1865 1615 1961 1690 iacti,

1160 1697 1201 1757 ad
1217 1699 1452 1762 scholasticum
1467 1704 1573 1765 sancti
1592 1707 1740 1776 Quintini
1758 1711 1912 1774 Noviom.
1930 1717 1962 1776 et

1160 1797 1351 1872 conjudices
1367 1803 1449 1876 ejus,
1464 1799 1607 1862 obtinuit
1621 1805 1744 1880 scripta
1759 1809 1886 1880 nostra,
1905 1813 1959 1888 qui

1159 1891 1306 1955 tulerunt
1330 1898 1558 1972 suspensionis
1582 1901 1616 1961 et
1637 1906 1959 1970 excommunicatio·

1160 1989 1211 2049 nis
1226 1992 1406 2054 sententias
1421 1995 1456 2054 in
1471 1996 1614 2056 eosdem.
1632 1999 1725 2060 Unde
1740 2000 1835 2062 nohis
1849 2003 1961 2066 humi-

1159 2085 1236 2146 liter
1250 2089 1488 2164 supplicarunt,
1505 2095 1654 2170 utquam
1671 2098 1707 2158 in
1721 2099 1837 2160 eadem
1851 2105 1960 2165 eccle-

1159 2183 1209 2242 sia
1224 2183 1396 2246 duodecim
1420 2189 1644 2254 tantummodo
1668 2195 1735 2256 sint
1757 2196 1956 2274 praehendm,
2019 2213 2020 2282 t

1159 2282 1192 2341 et
1203 2280 1244 2341 oh
1257 2281 1319 2342 hoc
1334 2299 1400 2344 non
1414 2285 1485 2346 sine
1501 2305 1620 2364 magno
1643 2295 1836 2366 gravamine
1859 2298 1957 2359 simul
2019 2339 2020 2382 y

1158 2379 1332 2454 providere
1348 2385 1490 2456 possent,
1510 2386 1608 2462 utque
1623 2385 1809 2451 laceremus
1823 2395 1957 2458 easdem

2019 2509 2020 2564 l

1158 2573 1205 2632 oo.
1222 2577 1257 2643 v,
1282 2575 1389 2634 Annei.
1411 2579 1659 2640 carro-renota.
1676 2585 1757 2640 rrum
1773 2585 1955 2644 archiriaco·
2019 2569 2020 2648 l

1157 2659 1225 2701 num
1239 2647 1354 2717 quidam
1377 2651 1543 2707 existimant
1563 2665 1626 2708 esse
1648 2653 1784 2711 iacchum
1804 2659 1956 2714 Pantaleo·
2019 2667 2020 2670 ’

1157 2730 1233 2783 nem,
1251 2718 1299 2788 qui
1314 2718 1417 2774 deinde
1433 2721 1594 2776 l’atrinrcha
1619 2725 1908 2798 hierosolymitanus,
1923 2743 1958 2784 ac

1157 2787 1956 2869 postmodumPontifexllamUr·hannslV,nuncupatus.

1192 2859 1415 2930 licccapitolum
1428 2875 1563 2918 maenam
1577 2867 1686 2936 peperit
1695 2868 1908 2923 contentionem
1918 2871 1959 2924 in·

1156 2934 1197 2982 ter
1213 2929 1391 3000 interpretes,
1417 2938 1445 2987 et
1460 2903 1531 2989 adias
1554 2949 1604 3005 pro
1628 2936 1761 2993 cathedra
1786 2948 1911 2995 vacante
1927 2941 1959 2996 in

1156 3007 1251 3055 nostra
1263 3001 1448 3058 universitate
1469 3005 1608 3060 Tolosana
1630 3010 1659 3062 in
1681 3016 1883 3080 argumentum
1901 3026 1956 3081 pu·
2019 3031 2020 3074 v

1155 3068 1236 3126 hliae
1250 3069 1449 3196 disputationis
1461 3074 1655 3154 pertriduum,
1670 3083 1700 3134 ut
1718 3092 1780 3133 mos
1795 3088 1848 3142 est,
1863 3095 1958 3151 praes-

1155 3141 1274 3211 criptum
1299 3143 1347 3198 uit.
1364 3143 1449 3214 cujus
1460 3143 1524 3200 ideo
1537 3145 1678 3202 lubentius
1694 3147 1874 3220 hypothesim
1893 3166 1959 3223 pro

1155 3225 1241 3282 pono,
1258 3211 1333 3283 quod
1345 3228 1447 3270 omncs
1459 3213 1518 3271 lere
1534 3215 1562 3270 in
1581 3215 1635 3272 hac
1648 3227 1728 3289 parte
1768 3221 1907 3286 eccarint,
1919 3235 1959 3278 eo

1153 3280 1229 3407 guod
1244 3281 1328 3409 hujus
1349 3285 1473 3356 antiquae
1487 3287 1698 3358 compilationis
1724 3235 1809 3346 fidem
1826 3305 1885 3348 nou
1901 3289 1957 3347 ha·

1174 3367 1264 3410 eren.

1189 3423 1354 3493 Raevardus,
1376 3425 1497 3482 clericus
1511 3427 1713 3484 Noviomensis
1739 3431 1882 3500 ecclesia,
1904 3447 1959 3504 pro

1154 3493 1304 3565 proehenda
1323 3491 1474 3551 obtinenda
1489 3496 1517 3550 in
1531 3498 1650 3552 ecclesia
1664 3498 1693 3553 S.
1706 3497 1804 3554 crucis
1818 3503 1958 3560 camera·

1152 3567 1241 3632 censi,
1264 3566 1370 3621 litteras
1387 3565 1550 3622 monitorias
1572 3580 1606 3622 ac
1629 3569 1829 3638 praeceptorias
1845 3571 1884 3627 ad
1905 3587 1956 3629 ca·

1153 3635 1270 3707 pitulum
1291 3643 1320 3692 et
1328 3635 1482 3692 canonicos
1494 3636 1715 3694 cameracenses
1732 3638 1877 3710 impetrat.
1889 3645 1961 3700 Pos-

1151 3711 1196 3762 tea
1214 3706 1377 3773 Balduinus,
1405 3706 1527 3762 clericus
1550 3707 1747 3769 tornacensis,
1763 3723 1814 3780 pro
1848 3711 1956 3768 eodem

1151 3778 1330 3834 excretorias
1345 3777 1452 3834 litteras
1464 3775 1628 3849 impetravit
1648 3777 1684 3834 ad
1702 3779 1841 3836 iacobum
1858 3781 1956 3838 archi·

1150 3844 1302 3902 diaconum
1340 3851 1561 3916 tornacensem,
1588 3854 1616 3904 et
1642 3848 1704 3918 eius
1733 3849 1873 3921 collegas,
1899 3866 1955 3910 seu

1149 3917 1360 3972 concanonicos
1373 3919 1502 3988 scriptas,
1522 3918 1599 3973 nulla
1615 3917 1688 3975 lacta
1707 3920 1852 3976 mentione
1872 3921 1951 3978 litte·

1150 3999 1257 4053 rarum,
1292 4000 1344 4041 uas
1360 3985 1514 4042 {levardus
1533 3987 1702 4045 obtinuerat.
1720 3989 1887 4046 Nolentihus
1902 4005 1952 4050 ca·

1150 4057 1260 4111 nonicis
1304 4055 1536 4112 ammaeensibus
1554 4070 1654 4126 parere
1676 4057 1838 4130 hujusmodi
1864 4077 1951 4118 nran-

1149 4124 1224 4192 dato,
1234 4123 1461 4206 JacohoseteJ'us
1470 4126 1952 4205 sociussuspensionissenteutiam

1148 4194 1176 4251 in
1188 4209 1238 4252 eos
1248 4194 1381 4262 tulerunt,
1398 4195 1462 4251 hcet
1472 4195 1532 4267 jam
1548 4196 1601 4268 ipsr
1614 4199 1650 4254 ah
1662 4201 1834 4258 executorils
1845 4200 1951 4259 litteris

1148 4267 1349 4337 appellassent.
1367 4264 1474 4323 Deinde
1497 4266 1650 4324 {levardus
1665 4269 1799 4340 predicto
1813 4269 1899 4340 lacto,
1920 4271 1950 4328 id

1147 4343 1191 4393 est
1202 4337 1338 4408 petitione
1350 4351 1413 4404 sua,
1424 4351 1475 4408 per
1486 4337 1595 4395 litteras
1606 4343 1808 4410 praeceptorias
1817 4349 1845 4398 et
1859 4341 1951 4398 moni·

1146 4407 1234 4464 terias
1257 4405 1341 4475 iacta,
1370 4407 1406 4464 ad
1428 4407 1630 4466 scholasticum
1660 4411 1893 4480 sanctiQuintini
1920 4418 1949 4470 et

1147 4477 1311 4550 conjudices
1321 4479 1426 4559 pariter
1436 4478 1613 4535 executorias
1626 4478 1661 4535 ah
1672 4481 1797 4537 Honorio
1811 4482 1950 4563 impetra-

1147 4549 1195 4617 vit,
1212 4548 1258 4619 qui
1282 4547 1396 4619 qutdem
1423 4549 1509 4604 etiam
1533 4550 1703 4606 sententiam
1729 4555 1948 4622 suspensionis,

1146 4625 1175 4674 et
1196 4617 1501 4676 excommunicationis
1526 4619 1554 4676 iu
1581 4619 1697 4677 eosdem
1722 4621 1950 4682 cameracenses

1146 4690 1301 4746 canonicos
1316 4689 1448 4746 tulerunt.
1467 4689 1546 4747 Unde
1559 4688 1587 4745 hi
1604 4690 1639 4747 ad
1661 4704 1804 4748 summum
1826 4693 1946 4752 Pontifi-

1146 4773 1208 4816 cem
1220 4768 1376 4822 recurrunt.
1394 4766 1423 4816 et
1437 4768 1642 4832 repraesentant
1654 4760 1805 4819 duodecim
1817 4771 1946 4821 tantum·

1146 4829 1231 4886 modo
1243 4846 1307 4887 esse
1322 4831 1490 4903 prehendas
1506 4830 1621 4886 indicto
1636 4832 1759 4902 capitolo
1782 4849 1815 4889 cx
1832 4835 1948 4892 statutis

1142 4900 1327 4973 jurejurando
1337 4901 1523 4970 confirmatis
1535 4908 1562 4956 et
1574 4901 1682 4959 itasine
1694 4918 1799 4975 magno
1809 4906 1946 4962 Ecclesiae

1145 4970 1294 5042 dispendio
1310 4979 1469 5044 utrumque,
1487 4971 1654 5028 ltaevardurn
1669 4973 1777 5030 scilicet
1791 4981 1819 5030 et
1830 4973 1943 5032 Baldui-

1146 5057 1213 5098 num
1240 5043 1422 5114 prehendam
1446 5057 1503 5098 non
1523 5057 1607 5112 posse
1630 5042 1768 5124 obtinere.
1796 5045 1945 5117 Rogantes

1145 5113 1260 5184 insuper
1274 5121 1305 5170 ot
1329 5113 1486 5170 sententies
1501 5113 1808 5186 excommunicationis
1827 5123 1855 5171 et
1879 5132 1944 5173 sus·

1164 5185 1290 5240 ensionls
1305 5197 1439 5240 revocare
1454 5181 1630 5254 dignaretur,
1643 5185 1761 5254 eoquod
1773 5186 1800 5240 in
1814 5186 1946 5258 utrisque

1144 5199 1245 5312 fitteris
1263 5269 1431 5327 expressum
1447 5260 1532 5318 esset,
1549 5268 1585 5309 nc
1596 5255 1716 5311 ecclesia
1731 5255 1948 5314 cameracensis

1144 5326 1173 5382 in
1189 5325 1305 5382 alterius
1325 5325 1488 5396 receptione
1500 5322 1636 5380 damnum
1659 5326 1785 5383 sentiret.
1803 5325 1872 5382 ideo
1884 5329 1943 5385 llo·

1145 5396 1242 5452 norius
1252 5393 1416 5466 respondet,
1432 5394 1459 5450 ei
1472 5400 1581 5451 tantum
1592 5393 1773 5466 prebendam
1790 5398 1944 5469 assiguan-

1144 5466 1208 5524 dam
1224 5464 1295 5534 iore,
1312 5465 1358 5536 qui
1370 5466 1448 5537 prius
1467 5463 1630 5522 mandalum
1654 5467 1817 5536 reportavit,
1834 5467 1945 5547 suhlata

1144 5537 1229 5594 etiam
1237 5537 1376 5594 sententia
1386 5535 1689 5594 excommunicationis
1697 5545 1724 5594 et
1736 5540 1943 5610 suspensionis.

1179 5609 1221 5664 ltx
1245 5607 1299 5664 hac
1324 5607 1508 5664 conclusione
1535 5607 1652 5664 lionorll
1685 5607 1719 5664 lis
1742 5621 1847 5680 magna
1871 5609 1945 5666 inter
