4084 6428
80 323 155 384 969

537 325 581 384 IN
603 326 732 386 rasio
756 326 1058 386 PENTECOSTES.
1083 325 1222 387 snalla
1245 326 1302 384 111.

1686 321 1746 380 970

83 479 212 560 (Apoc.
226 495 296 554 xrv,
312 479 356 561 1).
382 483 520 545 Decoxit
536 484 647 558 etiam,
665 486 699 547 et
719 483 893 563 depuravit
947 483 1056 564 (Rom.
1070 501 1130 559 111,
1144 484 1210 564 20).
1223 482 1389 546 Carbones
1403 482 1490 559 ignis
1500 481 1682 560 dupliciter
1694 482 1745 542 in-

81 581 209 659 petum
225 577 278 641 vel
306 580 416 642 cibum
439 581 618 660 scripturae
640 583 675 643 in
699 583 890 660 Evangelio,

83 697 169 758 quae
189 681 225 742 in
240 683 348 744 veteri
368 683 441 760 lege
456 683 551 760 quasi
566 685 669 746 cruda
691 685 762 746 erat
779 686 812 747 θῖ
838 701 892 747 εθ-

81 780 246 852 micocta‚
263 780 316 842 vel
332 781 487 858 insipida,
500 782 631 859 quando
648 783 720 844 erat
733 798 820 859 aqua
836 783 890 844 te·

81 877 237 938 nebrosa
263 877 297 938 in
317 878 460 940 nubibus
486 879 586 952 aeris,
613 879 646 942 et
668 881 891 943 velamentum

82 975 238 1053 positum
256 993 355 1053 super
369 977 488 1038 faciem
506 978 646 1055 Moysis3
660 980 890 1056 propterquod

82 1073 236 1148 gloriam
255 1075 367 1136 vultus
399 1079 471 1154 ejus
500 1092 566 1137 uon
590 1076 719 1153 poterat
754 1077 889 1139 intueri.

85 1171 160 1231 Sed
176 1171 211 1231 iu
227 1173 407 1249 Evangelio
422 1175 533 1235 velurn
555 1175 669 1251 templi
686 1175 826 1236 scissum
842 1178 892 1238 θεῖ

82 1283 107 1329 a
133 1285 267 1331 summo
292 1288 396 1348 usquc
418 1271 583 1339 deorsum,
605 1273 638 1334 et
665 1273 892 1350 apparuerunt

82 1368 217 1428 Sancta
245 1369 452 1430 Sanctorum.
480 1369 637 1432 calefecit
661 1373 814 1444 Petrum,
834 1371 890 1448 qui

81 1464 199 1540 frigus
214 1465 421 1528 infidelitatis
434 1466 578 1529 babebat
592 1468 627 1528 in
642 1471 762 1540 mente,
780 1485 891 1546 quarn·

82 1561 150 1624 diu
167 1563 321 1626 calefecit
338 1580 374 1625 se
397 1566 439 1625 ad
454 1564 565 1641 ignem
587 1567 623 1626 in
637 1566 723 1628 atrio
743 1567 888 1644 Caiphae,

82 1677 155 1722 nec
177 1662 266 1737 ignis
291 1663 425 1739 caiphae
446 1665 576 1740 poterat
596 1665 759 1740 repellere
784 1665 890 1741 frigus

81 1759 226 1819 mentis.
244 1759 307 1820 Sed
323 1759 379 1821 ubi
399 1761 559 1822 Dominus
573 1762 723 1838 respexit
741 1763 889 1836 Petrum,

82 1857 120 1916 et
139 1857 231 1932 ignis
254 1857 397 1934 Spiritus
414 1859 528 1920 Sancti
546 1875 622 1920 eum
646 1859 810 1931 calefecit,
830 1877 890 1922 re-

82 1953 226 2032 pulsum
241 1955 292 2016 est
309 1953 415 2032 frigus
436 1955 654 2030 infidelitatis,
667 1957 699 2020 et
713 1957 784 2034 ipse
800 1958 891 2021 flevit

82 2067 218 2113 amare.

126 2152 220 2227 Ergo
239 2152 272 2214 et
294 2168 366 2226 nos,
393 2152 525 2222 fratres,
549 2169 681 2218 oremus
699 2155 889 2229 Dominum,

81 2249 123 2308 ut
151 2247 264 2323 ignem
279 2248 380 2310 istum
397 2251 516 2320 mittat,
533 2251 565 2314 θῖ
583 2251 618 2312 in
641 2251 742 2313 corda
763 2253 887 2324 nostra,

81 2346 148 2422 qui
179 2362 239 2407 nos
267 2346 434 2410 illuminet
466 2349 696 2424 intelligentiae
726 2348 886 2420 scientia,

82 2443 167 2504 uret
183 2444 276 2517 vitia,
293 2444 427 2507 roboret
447 2445 679 2518 constantiam,
694 2447 812 2522 purget
830 2461 890 2522 per

84 2541 301 2617 patientiam,
323 2543 467 2604 desiccet
485 2542 685 2604 removendo
706 2543 887 2619 superflua,

84 2637 260 2715 decoquat
274 2637 455 2715 etdepuret
466 2639 622 2716 puritatis
639 2640 840 2712 innocentia,
857 2640 890 2701 et

83 2733 268 2796 calefaciat
283 2735 397 2796 contra
412 2735 517 2810 frigus
531 2736 745 2814 protectionis
759 2737 886 2798 umbra.

80 2831 152 2893 Est
168 2847 247 2907 ergo
262 2832 350 2908 ignis
364 2833 429 2894 iste
453 2833 665 2910 septiformis,
688 2850 750 2896 nec
771 2835 891 2896 imme·

82 2929 170 3000 rito,
192 2929 270 3006 quie
292 2931 324 2994 θῖ
349 2930 486 3007 spiritus
514 2932 597 3008 ipse,
625 2933 682 3009 qui
696 2933 798 3010 „ignis
826 2933 887 3006 est,

82 3026 295 3102 septiformis
316 3028 375 3090 est.
400 3029 440 3092 Et
465 3029 597 3107 quidem
619 3027 727 3103 nobis,
755 3030 887 3102 fratres,

86 3124 172 3201 quia
202 3125 252 3188 est
289 3127 425 3204 spiritus
463 3127 635 3206 sapientiae
671 3129 703 3190 et
737 3127 890 3191 intellec-

84 3223 156 3294 tus,
183 3223 318 3300 spiritus
347 3224 481 3286 consilii
510 3226 543 3286 et
568 3224 784 3298 fortitudinis,
820 3227 890 3304 spi-

85 3320 178 3381 ritus
207 3322 355 3384 scientiae
379 3323 412 3384 et
439 3323 585 3399 pietatis
620 3323 653 3385 et
688 3325 825 3401 spiritus
844 3325 890 3386 ti·

84 3417 195 3480 moris
218 3419 362 3482 Domini.
394 3421 508 3497 Itaque
535 3420 625 3481 lucet
651 3436 711 3496 per
734 3421 888 3497 spiritum

85 3516 276 3592 sapientiae,
304 3517 372 3576 urit
405 3532 464 3592 per
498 3517 651 3592 spiritum
684 3517 886 3590 intellectus,

84 3611 246 3688 decoquit
259 3627 319 3688 per
334 3610 488 3688 spiritum
512 3611 655 3684 consilii,
672 3611 809 3674 roborat
829 3629 889 3690 per

85 3710 245 3788 spiritum
274 3708 488 3782 fortitudinia,
510 3709 631 3787 purgat
649 3726 710 3788 per
726 3711 888 3788 spiritum

86 3807 256 3880 scientiae,
289 3805 436 3869 desiccat
462 3823 523 3884 per
555 3807 708 3884 spiritum
741 3809 886 3885 pietatis,

88 3905 249 3968 calefacit
289 3921 349 3982 per
383 3905 537 3982 spiritum
581 3904 711 3967 timorIs
741 3907 885 3968 Domini.

87 4004 196 4070 Lucet
221 4019 282 4080 per
308 4002 460 4080 spiritum
488 4003 678 4081 sapientiae,
706 4006 888 4066 secundum

89 4101 179 4180 quod
202 4101 274 4178 ipsa
293 4102 358 4162 ait:
383 4118 402 4161 a
424 4102 485 4174 Qui
508 4099 675 4163 elucidant
694 4118 757 4174 me,
786 4103 889 4165 vitam

89 4202 251 4261 aeternam
276 4197 491 4260 habebunt.»
517 4199 580 4271 Qui
602 4199 692 4260 enim
708 4200 795 4263 docti
816 4199 890 4262 fue-

88 4297 171 4368 rint,
197 4295 371 4372 fulgebunt
388 4297 475 4359 sicut
500 4296 656 4374 splendor
677 4297 887 4360 firmamenti.

89 4395 233 4470 Propter
252 4394 339 4471 quod
363 4396 397 4455 et
418 4394 569 4456 doctrina
593 4395 765 4471 sapientiae
785 4395 890 4457 lucer-

89 4507 136 4553 na
160 4491 292 4564 dicitur,
315 4492 410 4570 juxta
434 4491 517 4553 illud
538 4515 546 4552 z
568 4497 728 4556 Lucerem
746 4497 890 4570 pediam

89 4594 179 4651 meis
194 4593 336 4652 oerbttm
352 4591 450 4652 trium
465 4588 534 4669 (Ps.
552 4591 620 4664 118,
639 4588 721 4670 105).

132 4689 173 4748 Ε1
193 4687 296 4748 item:
318 4691 493 4750 Habemus
509 4689 695 4750 certiorem
713 4689 892 4762 prandeti-

90 4800 386 4858 camsermonem,
401 4789 456 4846 cai
467 4786 664 4860 benefacitis
676 4785 892 4848 intermontes

93 4884 259 4956 tanquam
286 4888 437 4944 lacerata
480 4885 517 4943 m
537 4885 721 4958 caliginoso
745 4887 815 4945 loco
847 4881 891 4962 (ll

91 4980 163 5041 Pet.
188 4996 213 5052 1,
233 4978 296 5058 19).
323 4981 397 5042 Urit
421 4979 649 5058 perspiritum
679 4979 889 5042 intellectus:

92 5093 170 5138 narn
181 5077 403 5154 perquirendo
415 5080 447 5141 θῖ
463 5075 681 5154 intelligendo
691 5077 893 5154 1111001011-

92 5191 238 5248 morum,
269 5176 414 5248 urimur,
445 5175 673 5242 obsecramus,
706 5175 890 5250 arguimus

92 5263 304 5350 increpamus
327 5275 510 5350 opportune
530 5275 563 5336 et
577 5273 774 5351 importune,
792 5273 893 5351 juxta

93 5370 176 5431 illud
190 5393 198 5432 :
214 5389 233 5432 <t
247 5370 357 5432 Verba
378 5371 537 5448 sapientis
554 5373 630 5433 sunt
644 5371 739 5448 quasi
753 5370 889 5444 stimuli,

94 5467 891 5548 «etquasiclaviiualtumdefluiutlioclmnfl).

96 5569 282 5630 Secundum
298 5569 384 5647 quod
400 5568 499 5630 etiarn
514 5567 657 5645 intelligi
671 5567 779 5648 potest
794 5566 891 5627 illud:

95 5667 266 5731 Garbortea
287 5669 377 5744 tertis
395 5681 560 5744 congeres
576 5681 682 5742 saper
697 5665 799 5740 caput
819 5668 894 5737 ejas

946 583 1138 660 telligimus.
1155 584 1321 645 Carbones
1333 582 1506 658 ignissunt
1517 581 1655 642 ardores
1667 581 1746 641 cba-

946 684 1065 755 ritatis,
1083 698 1164 760 quos
1176 682 1285 754 verbis
1301 679 1493 741 ardentibus
1508 679 1607 740 etiam
1625 680 1743 756 expri-

947 782 1077 841 mimus.
1103 783 1171 842 Hcs
1199 779 1359 841 carbones
1388 778 1613 854 congerimus,
1643 777 1741 848 idest,

946 894 1187 954 congregamus
1207 891 1308 954 super
1327 877 1426 952 caput
1447 875 1586 947 inimici,
1610 875 1742 952 quando

946 994 1005 1055 per
1023 976 1288 1038 benevolentiam
1310 977 1343 1036 et
1360 973 1521 1034 beneficia
1547 989 1743 1036 revocamus

946 1091 1021 1136 eum
1039 1076 1078 1136 ad
1094 1089 1240 1136 amorem
1255 1072 1415 1134 nostrum.
1429 1071 1535 1132 Aliter
1551 1089 1558 1126 :
1576 1070 1743 1132 Carbones

946 1169 1742 1250 ignissuntardoresacternaedamnationis.Tuac

946 1271 1220 1348 congregabimus
1245 1268 1405 1330 carbones
1432 1283 1532 1344 super
1554 1268 1654 1343 caput
1674 1267 1744 1328 ini-
1792 1305 1796 1312 -

946 1372 1034 1444 mici,
1051 1370 1182 1447 quando
1194 1368 1334 1444 recipiet
1345 1365 1543 1428 sententiam
1559 1365 1742 1426 damnatio·

946 1469 997 1530 nis
1013 1485 1072 1546 pro
1092 1468 1167 1530 odio
1183 1466 1318 1543 injuste,
1339 1464 1418 1542 quia
1435 1479 1494 1526 nos
1516 1463 1741 1526 benefacimus

946 1568 988 1640 ei,
1003 1568 1036 1629 et
1047 1567 1119 1644 ipse
1134 1565 1240 1627 noluit
1254 1563 1378 1624 babere
1392 1577 1507 1640 paoem
1523 1562 1706 1624 nobiscum.

985 1664 1143 1741 Decoqnit
1161 1679 1221 1740 per
1244 1661 1397 1738 spiritum
1419 1660 1562 1732 consilii,
1588 1660 1741 1730 dumea,

945 1778 1018 1841 quae
1033 1777 1218 1840 proponere
1229 1759 1385 1820 debemus
1401 1757 1434 1818 et
1446 1774 1556 1834 agere,
1570 1758 1663 1834 prius
1679 1758 1742 1818 de·

945 1862 1132 1938 coquuntur
1154 1860 1190 1919 in
1209 1857 1275 1920 olla
1293 1856 1542 1917 deliberationis
1565 1856 1635 1916 sive
1655 1872 1739 1917 con-

946 1959 1025 2032 silii,
1042 1959 1139 2035 juxta
1156 1955 1241 2033 quod
1263 1955 1420 2030 scriptum
1446 1955 1516 2015 est:
1534 1953 1740 2030 «Palpebrae

946 2071 1077 2132 semper
1100 2053 1307 2132 praeveniant
1329 2067 1465 2127 gressus
1484 2051 1559 2113 tuos
1581 2067 1600 2109 a>
1626 2048 1739 2127 (Prov.

945 2169 989 2226 1v,
1006 2151 1052 2230 ὅ),
1069 2150 1164 2222 idest,
1182 2149 1376 2213 deliberatio
1396 2148 1561 2226 praecedat
1575 2163 1687 2224 opera,
1704 2151 1741 2210 ut

945 2251 1037 2328 prius
1066 2249 1180 2310 veniat
1198 2247 1334 2308 verbum
1362 2247 1402 2307 ad
1433 2247 1546 2307 limarn
1577 2245 1740 2323 quemad

944 2349 1104 2423 linguam,
1141 2345 1322 2408 secundum
1356 2345 1441 2422 quod
1477 2344 1636 2420 scripturn
1663 2343 1739 2404 est:

945 2448 1068 2508 Omnia
1092 2447 1147 2519 sac
1169 2460 1249 2506 cam
1275 2446 1425 2515 comitia,
1456 2443 1490 2503 et
1513 2443 1593 2516 post
1609 2441 1741 2518 factam

944 2559 1013 2604 non
1031 2543 1214 2616 partitate
1238 2540 1353 2620 (tiocli.
1378 2531 1574 2618 1111121).
1597 2539 1742 2600 Roborat

944 2657 1004 2718 per
1031 2640 1184 2717 spiritum
1213 2639 1429 2709 fortitudinis,
1461 2638 1543 2698 adeo
1570 2637 1606 2699 ut
1632 2638 1742 2699 dicat:

944 2755 962 2800 ι
984 2739 1094 2800 Εεῖοῖθ
1108 2737 1211 2799 1011οε
1226 2738 1261 2798 in
1275 2735 1376 2808 bello,
1391 2737 1423 2797 et
1433 2738 1576 2812 pugnate
1590 2751 1665 2796 curn
1677 2751 1741 2796 an-

943 2837 1035 2914 tiquo
1051 2837 1213 2912 serpente,
1231 2835 1399 2896 autetiam
1415 2833 1559 2895 resistite
1581 2833 1682 2894 fortes
1704 2833 1741 2896 in

944 2935 1018 2996 fide.
1036 2952 1055 2995 a
1076 2935 1202 3008 Purgat
1220 2948 1280 3009 per
1298 2933 1450 3008 spiritum
1473 2931 1633 3004 scientiae,
1661 2931 1741 3007 quia

943 3035 1033 3094 recte
1048 3031 1277 3093 conversando
1291 3031 1326 3090 in
1343 3029 1452 3090 medio
1467 3028 1612 3090 nationis
1627 3043 1740 3104 pravae
1767 3013 1772 3022 ’

944 3132 976 3193 et
997 3145 1163 3207 perversae
1191 3127 1413 3189 discernimus
1438 3127 1589 3188 sanctum
1614 3141 1633 3186 a
1660 3141 1741 3202 pro-

943 3229 1032 3300 fano,
1048 3227 1208 3288 mundum
1227 3226 1268 3287 ab
1287 3223 1468 3297 immundo,
1490 3240 1532 3284 ne
1547 3224 1630 3286 forte
1643 3224 1740 3284 dica-

943 3343 1017 3388 mus
1039 3327 1161 3386 malum
1180 3324 1315 3394 bonum,
1335 3321 1503 3384 etbouum
1522 3321 1656 3394 malum,
1680 3337 1741 3398 po-

943 3424 1059 3484 nentes
1074 3422 1181 3482 lucem
1196 3420 1363 3487 tenebras,
1392 3421 1423 3479 et
1444 3419 1599 3481 tenebras
1618 3421 1738 3490 lucem,

944 3518 1125 3582 secundum
1141 3517 1227 3594 quod
1249 3517 1408 3578 Dominus
1422 3517 1489 3577 ait:
1514 3517 1634 3577 Estote
1644 3533 1739 3589 pra-

943 3617 1078 3688 dentes,
1102 3615 1192 3676 sicat
1218 3613 1398 3689 serpentes
1434 3612 1564 3692 (lfattb.
1601 3629 1634 3685 1,
1673 3613 1737 3693 16).

943 3715 1043 3778 Juxta
1059 3712 1144 3790 quod
1158 3711 1258 3773 etiam
1272 3710 1436 3774 Jeremias
1451 3711 1518 3772 ait:
1539 3714 1576 3771 Si
1592 3726 1740 3786 separa-

943 3815 1038 3875 veris
1059 3812 1254 3886 prettosam
1282 3825 1305 3870 a
1330 3811 1400 3878 atti,
1429 3812 1529 3882 quast
1556 3822 1594 3869 os
1622 3824 1740 3870 naeam

943 3913 1015 3971 eris
1031 3907 1062 3988 (J
1065 3923 1165 3969 erem.
1181 3923 1238 3980 11,
1253 3904 1316 3983 19).
1331 3906 1483 3968 Desiccat
1496 3905 1668 3967 humorem
1683 3906 1740 3967 vi-

942 4008 1065 4071 tiorum
1087 4007 1274 4068 nostrorum
1308 4018 1367 4080 per
1399 4004 1552 4080 spiritum
1577 4005 1732 4081 pietatis:

943 4122 962 4166 c
983 4107 1058 4166 Non
1072 4104 1161 4164 enim
1175 4118 1219 4164 au
1233 4101 1389 4180 operibus
1404 4102 1544 4179 justitiae
1564 4117 1638 4179 quae
1653 4100 1738 4162 feci·
1768 4127 1771 4136 ¹

944 4221 962 4264 «
984 4219 1057 4263 mus
1072 4218 1144 4274 nos,
1161 4199 1218 4262 sed
1233 4200 1414 4262 secundum
1427 4216 1521 4260 suam
1544 4200 1741 4260 misericor-

944 4318 962 4361 «
984 4301 1072 4362 diam
1088 4298 1198 4362 salvos
1214 4314 1274 4359 nos
1290 4297 1398 4359 fecit»
1414 4295 1491 4376 (Tit.
1513 4314 1562 4370 111,
1579 4295 1625 4376 5).
1642 4297 1741 4361 Cale-

944 4397 1024 4459 facit
1042 4413 1102 4474 per
1120 4395 1273 4474 spiritum
1288 4394 1427 4466 timoris,
1446 4396 1523 4473 quia
1538 4395 1670 4455 initium
1686 4412 1743 4456 sa-

945 4495 1078 4573 pientiae
1097 4495 1197 4557 timor
1218 4493 1360 4555 Domini.
1383 4494 1453 4553 Hoc
1473 4492 1522 4553 est
1543 4493 1639 4569 quasi
1666 4493 1741 4569 pri-

945 4611 1035 4656 mum
1058 4591 1297 4662 indumentum,
1315 4590 1401 4667 quod
1416 4589 1513 4652 datur
1526 4590 1741 4652 revertentia

945 4691 1070 4767 frigore
1097 4687 1320 4760 infidelitatis,
1351 4689 1450 4764 atque
1477 4687 1617 4764 peccati,
1643 4689 1742 4764 Juxta

945 4788 1050 4850 illud:
1073 4792 1185 4849 Deam
1206 4786 1308 4858 time,
1343 4785 1377 4872 ei
1402 4786 1568 4848 mandata
1591 4789 1666 4858 ejas
1684 4789 1742 4847 ol>-

945 4903 1050 4950 aeraa
1060 4883 1168 4963 (Deut.
1185 4899 1232 4956 11,
1248 4882 1292 4962 1),
1308 4883 1371 4944 boc
1386 4883 1570 4954 actamnis
1585 4883 1696 4944 borno.

986 4986 1026 5046 Et
1039 4982 1111 5044 baec
1126 4983 1176 5043 est
1192 4981 1341 5042 fortassis
1355 4980 1413 5040 illa
1431 4981 1647 5056 primasium,
1669 4999 1743 5060 quae

947 5083 1011 5144 cito
1026 5079 1193 5158 profertur
1211 5079 1281 5140 filio
1296 5078 1434 5155 prodigo
1449 5080 1639 5141 revertenti.
1658 5081 1744 5142 Nam

947 5181 980 5241 et
997 5179 1071 5239 ideo
1097 5176 1240 5253 Spiritus
1266 5177 1406 5238 Sanctus
1433 5176 1467 5238 in
1491 5176 1614 5252 linguis
1636 5176 1744 5252 igneis

948 5278 998 5340 est
1013 5277 1061 5337 eis
1079 5275 1219 5336 infusus.
1245 5273 1333 5349 Ignis
1349 5290 1491 5350 namque
1507 5275 1626 5336 testam
1641 5274 1744 5336 robo-

948 5376 1010 5447 rat,
1032 5374 1129 5451 Juxta
1147 5372 1285 5433 illudzt
1306 5373 1395 5433 Vasa
1415 5372 1508 5447 figuli
1531 5371 1648 5448 prohat
1675 5371 1746 5434 for-

948 5490 966 5533 «
988 5488 1066 5542 nex,
1077 5470 1207 5532 etviros
1218 5469 1327 5546 justos
1342 5469 1745 5532 tentatiotribulationis»

950 5568 1064 5650 (Eccli.
1094 5582 1202 5639 xxvvi,
1231 5564 1276 5645 6).
1305 5567 1433 5643 Lingua
1459 5582 1540 5629 vero
1569 5567 1744 5629 scientiam

950 5667 1075 5740 edocet,
1091 5665 1187 5743 jrrxta
1209 5663 1313 5724 iliud:
1339 5681 1357 5724 t<
1378 5664 1473 5726 Tibia
1499 5667 1532 5726 et
1550 5665 1745 5742 psalterium
