4084 6428
306 357 367 419 907
775 349 954 416 110Νο1111
975 349 1022 412 111
1043 351 1193 426 oraha.
1209 381 1247 396 ···
1263 351 1497 414 SERMONES.¹
1904 357 1972 437 908

308 517 504 580 sanderum.
516 513 608 588 Quod
624 515 660 577 ut
671 513 857 577 evidentius
872 513 941 586 flat,
956 514 1104 579 rationes
1158 510 1266 574 cundo
1287 513 1441 589 apparuit
1464 513 1495 574 01
1509 513 1543 576 01
1561 513 1637 576 aliis
1659 510 1859 578 mulieribus
1887 533 1969 594 quae

308 630 523 676 numerorum
538 612 684 675 breviter
703 613 922 690 assignemus.
945 614 1007 676 Hic
1028 613 1105 675 sunt
1159 627 1234 672 cum
1263 611 1337 688 ipsa
1363 613 1470 683 erant,
1497 611 1584 672 sicut
1611 611 1790 674 Matthaeus
1813 614 1971 676 testatur

308 714 377 775 tres
402 713 543 783 numeri,
570 709 737 784 videlicet,
764 711 987 783 centenarius,
1006 711 1105 788 quin·
1159 708 1293 770 dicens:
1326 725 1346 768 c
1374 711 1539 772 Exeuntes
1574 709 1732 772 mulieres
1766 711 1808 772 de
1837 727 1970 773 monu-

310 808 1105 887 quagenarius,citernarius.Centesimustrans·
1159 809 1272 869 mento
1289 822 1364 870 cum
1389 807 1508 882 timore
1531 807 1564 870 et
1585 808 1707 884 gaudio
1728 825 1851 886 magno
1876 827 1968 871 cur-

308 907 414 968 fertur
446 922 465 968 a
497 907 582 968 laeva
614 906 650 966 in
680 903 861 967 dexteram.
888 906 1103 985 Quinquage-
1159 904 1277 966 rebant
1305 906 1461 967 nuntiare
1489 905 1661 983 discipulis
1693 907 1777 983 ejus.
1807 909 1849 969 Et
1883 925 1968 970 ecce

309 1005 424 1066 narius
446 1003 497 1064 est
528 1019 686 1064 numerus
713 1003 938 1084 remissionis,
971 1006 1105 1081 propter
1157 1005 1255 1066 lesus
1274 1004 1420 1065 occurrit
1439 1003 1507 1064 illis
1523 1003 1636 1064 dicens
1651 1005 1776 1066 101010
1788 1021 1811 1064 s
1824 1005 1966 1084 (Matth.

308 1100 486 1164 lubilaeum
511 1101 567 1177 qui
591 1101 663 1162 erat
682 1101 975 1178 quinquagesimus
997 1117 1104 1162 annus
1159 1115 1279 1176 11110,
1295 1098 1340 1180 9).
1363 1100 1477 1162 Tertio
1489 1101 1644 1178 apparuit
1658 1101 1769 1174 Petro,
1777 1103 1868 1164 sicut
1890 1105 1967 1164 Lu-

309 1197 1106 1274 1000000001010001000.1000000010-
1158 1215 1216 1260 cas
1239 1199 1390 1266 testatur,
1419 1198 1498 1275 quia
1526 1198 1592 1259 duo
1620 1197 1671 1258 illi
1696 1197 1855 1276 discipuli
1885 1217 1966 1261 eum

310 1309 423 1355 merus
436 1291 512 1354 fidei
527 1293 561 1354 et
575 1292 778 1368 dilectionis;
790 1291 1106 1369 ndenpropterrri-
1159 1296 1392 1372 cognovissent
1412 1296 1588 1358 Dominum
1609 1295 1645 1356 in
1663 1294 1829 1358 fractione
1840 1296 1965 1373 panis,

310 1392 465 1466 nitatem3
476 1389 674 1460 dilectionis,
683 1391 761 1467 quia
780 1392 867 1452 Deus
888 1391 939 1452 est
956 1388 1103 1466 diligen·
1157 1394 1309 1456 «reversi
1320 1393 1632 1455 suntinlerusalem
1643 1393 1886 1455 etinvenerunt
1899 1411 1966 1454 un-

309 1489 370 1550 dus
383 1504 426 1550 ex
439 1490 508 1551 toto
526 1488 636 1561 corde,
653 1503 696 1550 ex
707 1489 776 1550 1010
793 1489 915 1560 anima,
932 1488 1022 1550 etex
1034 1488 1104 1550 tota
1159 1491 1265 1552 decim
1284 1490 1502 1567 congregatos
1530 1490 1678 1552 dicentes
1702 1491 1780 1568 quia
1809 1492 1964 1552 surrexit

308 1587 429 1647 100010.
453 1585 558 1660 Igitur
576 1587 789 1648 centenarius
810 1586 977 1662 significat
995 1587 1105 1662 virgi·
1158 1587 1318 1650 Dominus
1339 1603 1429 1655 vere,
1456 1587 1489 1649 et
1513 1587 1672 1665 apparuit·
1682 1587 1811 1648 Simoni
1827 1605 1846 1647 a
1863 1587 1963 1666 (Luc.

308 1697 379 1754 nes,
405 1699 478 1760 ques
498 1680 747 1744 transferuntur
772 1699 792 1744 a
816 1682 899 1744 10010
924 1684 960 1743 10
986 1683 1104 1745 dexte·
1157 1701 1251 1758 xxiv,
1267 1683 1333 1764 34).
1349 1685 1474 1758 Quarto
1491 1685 1646 1762 apparuit
1666 1683 1740 1761 ipsa
1755 1684 1811 1745 die
1827 1684 1962 1746 duobus

308 1793 397 1852 ram,
423 1777 523 1850 idest,
551 1779 695 1841 coelestis
722 1779 772 1840 est
794 1780 828 1841 et
850 1796 916 1840 non
935 1781 1104 1842 terrestris
1158 1781 1313 1844 euntibus
1337 1782 1373 1844 in
1397 1785 1552 1844 Emmaus
1576 1783 1612 1842 in
1635 1781 1747 1859 specie
1765 1783 1962 1859 peregrini,

309 1889 424 1938 earum
450 1877 671 1939 conversatio.
695 1877 1006 1953 Quinquageuarius
1030 1878 1103 1954 sig·
1159 1879 1244 1941 sicut
1258 1881 1365 1940 Lucas
1379 1879 1520 1941 testatur
1529 1879 1643 1940 dicens
1655 1895 1662 1934 ε
1675 1895 1694 1938 c
1705 1879 1745 1940 Et
1758 1878 1886 1940 factum
1898 1880 1962 1950 e'st,

308 1974 423 2035 nificat
450 1974 672 2046 continentes,
698 1973 793 2051 quia,
820 1974 898 2036 licet
925 1974 1103 2052 aliquande
1159 1975 1236 2036 dum
1251 1975 1544 2038 confabularentur
1566 1976 1601 2036 in
1617 1975 1673 2037 110
1688 1976 1721 2036 01
1735 1991 1851 2037 secum
1867 1993 1964 2053 quae-

308 2070 489 2132 secundum
515 2086 650 2134 carnem
671 2071 828 2144 vixerint,
850 2071 962 2133 tamen
988 2073 1103 2149 postea
1157 2074 1280 2146 rorent,
1306 2074 1433 2152 etipse
1457 2075 1556 2136 lesus
1584 2071 1859 2150 appropinquans
1889 2073 1962 2135 ibat

308 2168 512 2230 abstinentes
527 2185 547 2230 a
562 2169 754 2232 carnalibus
771 2169 945 2232 desideriis
960 2185 1103 2247 accepe·
1158 2171 1359 2232 cumillis.»

307 2268 387 2329 rrrnt
399 2267 583 2343 plenariam
592 2267 834 2330 remissionem.
847 2269 1027 2330 Ternarius
1040 2269 1105 2344 sig·
1193 2269 1314 2340 Quinto
1329 2269 1484 2347 apparuit
1498 2268 1652 2330 undecim
1673 2267 1745 2346 ipsa
1759 2269 1815 2330 die
1834 2267 1961 2331 adres-

308 2363 423 2426 nidcat
434 2364 640 2443 conjugatos,
655 2365 711 2442 qui
724 2366 764 2426 ad
778 2366 887 2427 minus
900 2365 1020 2428 debent
1033 2383 1105 2444 per·
1158 2369 1362 2442 perascente,
1380 2368 1466 2428 sicut
1477 2369 1624 2428 loannes
1638 2367 1780 2429 testatur
1791 2368 1828 2427 in
1844 2369 1958 2428 Eran-

200 2533 202 2538 ,
307 2477 443 2526 manere
458 2463 493 2524 in
509 2463 574 2525 fide
588 2479 627 2526 ac
642 2463 831 2526 dilectione.
853 2465 958 2540 Igitur
972 2465 1103 2527 centum
1158 2463 1245 2539 gelio
1278 2464 1364 2541 quod
1395 2463 1546 2526 audistis.
1577 2465 1674 2540 Ergo,
1691 2463 1830 2536 fratres,
1860 2479 1961 2524 nemo

308 2560 548 2638 quinquaginta
563 2561 597 2625 et
609 2562 677 2623 tres
692 2561 800 2638 pisces
819 2561 1009 2638 significant
1027 2577 1103 2623 om·
1157 2562 1307 2623 nostrum
1321 2561 1362 2622 de
1375 2563 1496 2623 caetero
1508 2561 1639 2623 haesitet
1651 2561 1685 2622 iu
1700 2560 1765 2622 fide
1779 2577 1959 2622 resurrec-

306 2673 365 2720 nes
385 2658 508 2721 electos
522 2659 579 2736 qui
601 2675 661 2736 per
678 2659 749 2722 rete
768 2660 1017 2736 praedicationis
1030 2661 1104 2723 tra·
1157 2660 1259 2721 tionis
1273 2680 1280 2718 ε
1293 2675 1370 2721 nam
1394 2660 1459 2736 ipsi
1473 2659 1712 2720 resurrectioni
1730 2659 1958 2720 testimonium

308 2755 434 2818 huntur
448 2756 489 2818 ad
504 2773 643 2833 regnum
656 2756 836 2820 felicitatis.
1158 2756 1439 2835 perhibentetiam
1450 2756 1623 2818 elementa.
1635 2755 1876 2818 Testimonium
1888 2772 1958 2834 per-

507 2831 511 2851 ’
1157 2854 1249 2916 hibet
1275 2855 1376 2926 terra,
1407 2853 1484 2931 quia
1508 2853 1609 2915 terrae
1633 2853 1741 2914 motus
1769 2852 1881 2914 factus
1908 2855 1956 2914 est

638 2982 765 3068 XXIX
1158 2967 1308 3029 magnus.
1332 2949 1569 3012 Testimonium
1591 2949 1742 3026 perhibet
1762 2965 1861 3026 aqua,
1882 2951 1958 3026 quia

931 3043 936 3054 '
1158 3065 1233 3110 eum
1260 3049 1334 3126 post
1357 3045 1637 3109 resurrectionem
1663 3047 1841 3108 Dominum
1868 3051 1957 3110 stare

380 3193 588 3256 011110
609 3193 654 3256 u
677 3195 1035 3258 0110110110
1158 3145 1389 3321 illitu?
1414 3143 1959 3318 11111111111111

351 3345 436 3405 Cum
452 3343 629 3406 essetsero
641 3345 695 3406 dic
707 3345 851 3417 1110000
862 3346 1105 3408 sabbatizarem
1159 3355 1262 3413 mare,
1287 3339 1509 3417 impleverunt
1529 3339 1610 3400 illud
1631 3340 1763 3401 centum
1786 3341 1956 3417 quinqua·

308 3441 341 3502 et
361 3443 455 3516 fores
467 3441 581 3502 esseut
594 3446 731 3514 clatum,
748 3443 807 3503 rebe·
833 3443 936 3504 crunt
949 3445 1105 3520 discipuli
1159 3437 1317 3515 quaginta
1331 3437 1438 3499 tribus
1460 3435 1607 3514 piscibus
1627 3437 1769 3513 magnis.
1791 3438 1955 3498 Testimo-

306 3539 507 3616 congregoti
517 3539 806 3614 problematum
816 3542 1031 3614 Judaeottlm,
1045 3557 1106 3603 vc·
1159 3535 1250 3595 nium
1285 3533 1437 3612 perhibet
1471 3549 1530 3595 aer
1555 3534 1633 3612 quia
1662 3533 1786 3612 bajulis
1812 3533 1954 3595 nubibus

307 3637 1105 3713 0111010001010111100001001010110101000
1159 3632 1308 3693 clevatus
1327 3631 1427 3693 estin
1450 3631 1585 3705 coelum,
1604 3632 1736 3709 quandO
1756 3631 1950 3692 nubo-rsus-

306 3736 401 3796 coeo
414 3732 524 3814 (Joan.
537 3749 595 3806 xx,
614 3730 677 3813 19).
1159 3729 1246 3806 cepit
1266 3745 1342 3791 eum
1366 3729 1407 3792 ab
1431 3729 1538 3792 oculis
1562 3745 1688 3792 eorum.
1716 3729 1954 3793 Testimonium

348 3832 385 3892 In
399 3830 511 3893 verbis
526 3831 633 3894 sancti
648 3831 830 3909 Evangelii,
847 3847 920 3909 quae
935 3829 1031 3894 medo
1048 3848 1107 3894 au·
1156 3827 1311 3905 perhibet
1339 3827 1427 3904 ignis
1457 3827 1535 3905 quia
1558 3827 1758 3889 invenerunt
1783 3827 1820 3888 in
1846 3827 1955 3890 littore

309 3928 415 4002 distis,
436 3929 502 3990 tria
525 3930 601 3990 sunt
626 3928 815 3992 adnotanda
831 3951 839 3989 :
854 3931 985 4006 tempus
1005 3929 1104 3991 vide·
1159 3925 1282 4002 piscem
1298 3927 1443 4004 positum
1460 3941 1560 4003 super
1574 3941 1708 4002 prunas,
1726 3925 1759 3986 et
1777 3925 1880 3986 etiam
1902 3941 1955 3985 as-

308 4021 397 4093 licet,
421 4021 515 4082 locus
538 4022 572 4082 et
590 4022 793 4084 consortium
814 4023 1103 4099 congregatorum.
1160 4023 1273 4099 pectus
1308 4023 1418 4100 angeli
1453 4023 1526 4084 erat
1556 4023 1641 4084 sicut
1675 4022 1801 4098 fulgor,
1830 4022 1956 4084 scilicet

307 4120 462 4194 Tempus,
474 4133 548 4178 cum
564 4117 738 4180 diciturrc
759 4121 840 4180 Cum
861 4121 950 4180 esset
962 4133 1037 4180 sere
1050 4119 1105 4181 die
1160 4119 1317 4197 splendor
1347 4121 1446 4196 ignis.
1476 4119 1599 4182 Habuit
1627 4120 1727 4181 etiam
1752 4121 1954 4181 resurrectio

307 4213 377 4284 illo,
394 4228 461 4273 una
477 4212 725 4276 sabbathorum.
741 4216 879 4276 »Locus
899 4215 1103 4291 designatur,
1160 4218 1282 4280 Christi
1295 4216 1523 4280 testimonium
1547 4217 1587 4278 de
1604 4217 1699 4290 coelo,
1723 4217 1802 4295 quia
1817 4217 1955 4292 angelus

309 4325 384 4371 cum
404 4309 579 4372 diciturzs
601 4311 634 4372 et
652 4310 740 4372 fores
760 4312 872 4373 essent
890 4312 1026 4386 clausae,
1048 4313 1105 4375 ubi
1160 4315 1291 4376 Domini
1310 4314 1480 4376 descendit
1505 4315 1545 4376 de
1560 4314 1643 4376 coelo
1664 4315 1698 4376 et
1716 4313 1882 4376 accedeus
1901 4330 1955 4374 re-

309 4410 407 4468 01001
429 4405 636 4485 discipuli.»
659 4407 869 4470 Consortium
886 4412 1106 4488 congregato-
1159 4411 1263 4475 101111
1276 4411 1431 4489 lapidem.

307 4521 383 4568 rum
405 4503 609 4582 designatur,
629 4521 704 4567 cum
719 4505 863 4569 dicitur:
879 4509 1104 4585 «congregali
1199 4508 1323 4572 Habuit
1358 4509 1584 4572 testimonium
1616 4508 1657 4570 de
1693 4507 1851 4581 inferno,
1878 4508 1954 4585 quia

309 4604 767 4682 proptermetumludaeorum
771 4649 830 4666 .....
843 4607 923 4668 Cum
931 4608 1020 4669 esset
1029 4624 1105 4670 sero
1159 4607 1263 4688 multa
1280 4623 1419 4684 corpora
1437 4609 1628 4668 sanctorum
1649 4621 1724 4683 quae
1738 4605 1951 4676 dormierant,

310 4701 364 4762 die
375 4701 446 4764 1110.
463 4702 586 4763 »Diem
601 4702 695 4764 illum
710 4704 808 4765 vocat
822 4705 1033 4780 Evangelista
1046 4720 1106 4783 per
1160 4705 1387 4767 surrexerunt.
1409 4703 1533 4767 Habuit
1552 4703 1779 4765 testimonium
1802 4707 1954 4765 mortuo·

310 4799 545 4862 excellentiam
569 4799 655 4862 diem
683 4801 950 4873 resurrectionis,
976 4802 1011 4862 in
1040 4817 1105 4878 quo
1159 4817 1244 4873 rum,
1269 4801 1345 4878 quia
1363 4799 1459 4860 multi
1474 4799 1531 4877 qui
1546 4799 1775 4871 surrexerunt,
1792 4813 1957 4876 apparue-

308 4899 467 4960 Dominus
496 4899 642 4961 surrexit
666 4914 687 4959 a
713 4899 863 4961 mortuis.
890 4901 937 4960 De
963 4899 1028 4960 isto
1050 4899 1104 4960 die
1159 4901 1239 4959 runt
1257 4883 1369 4958 multis
1388 4897 1423 4958 iu
1442 4896 1640 4959 Jerusalem.
1662 4895 1787 4958 Habuit
1802 4897 1955 4958 testimo·

308 4995 388 5057 dicit
402 4995 590 5072 Propheta:
610 4997 695 5057 Haec
717 4999 789 5057 11100
808 5011 912 5070 quom
931 4998 1103 5071 10011110-
1159 4995 1252 5056 nium
1273 4995 1436 5066 rivorum,
1462 4994 1540 5071 quia
1563 4993 1615 5054 illi
1640 4993 1705 5054 duo
1728 4993 1784 5070 qui
1805 4993 1898 5055 ibant
1921 4994 1955 5054 in

306 5097 442 5166 minus,
470 5093 664 5156 coaeternus
680 5093 714 5154 cf
734 5093 893 5155 letemur
913 5097 951 5155 10
971 5109 1013 5156 ea
1033 5092 1102 5172 (Ρο.
1159 5096 1314 5154 Emmaus
1331 5092 1446 5154 eadem
1467 5090 1551 5152 hora
1569 5090 1715 5167 regressi
1746 5092 1825 5152 sunt
1847 5091 1881 5152 in
1900 5093 1956 5153 Je-

310 5192 379 5260 127,
403 5188 470 5270 24).
496 5192 533 5251 10
566 5189 629 5251 isto
656 5189 767 5252 autem
793 5190 847 5252 die
869 5191 1044 5268 quinquies
1068 5205 1105 5252 se
1158 5190 1316 5262 rusalem,
1341 5189 1374 5251 et
1394 5187 1577 5250 narrabant
1594 5204 1669 5266 quae
1690 5188 1783 5265 gesta
1804 5188 1901 5249 erant
1919 5187 1953 5248 iu

306 5287 543 5350 manifestavit.
569 5287 681 5349 Primo
699 5287 845 5348 omnium
865 5271 1104 5365 1110110οΜ00-
1159 5289 1224 5349 via.
1253 5287 1378 5348 Habuit
1401 5286 1626 5348 testimonium
1656 5285 1852 5355 mulierum,
1879 5285 1955 5362 quia

309 5385 458 5457 dalenae,
494 5386 581 5448 sicut
615 5387 747 5447 Marcus
787 5386 928 5448 testatur
967 5385 1102 5448 dicens:
1158 5388 1256 5448 Jesus
1286 5384 1431 5446 occurrit
1449 5383 1644 5444 mulieribus
1677 5383 1811 5444 dicens:
1838 5383 1954 5446 Arete.

309 5487 488 5561 «surgens
502 5487 599 5546 lesus
615 5499 722 5556 mane,
738 5485 845 5562 prima
860 5483 1025 5556 sabbathi,
1039 5500 1103 5562 ap·
1160 5483 1228 5544 111ae
1251 5483 1361 5544 autem
1384 5481 1607 5543 accesserunt.
1630 5483 1709 5552 Ques
1735 5481 1836 5542 etiam
1855 5496 1957 5542 1000-

311 5581 423 5657 paruit
434 5583 541 5659 primo
554 5583 669 5644 Mariae
682 5581 900 5658 Magdalenae,
912 5581 952 5643 de
963 5598 1028 5659 qua
1040 5585 1105 5662 eje-
1159 5579 1247 5651 runt,
1284 5580 1319 5642 et
1345 5561 1596 5642 nuntiaverunt
1609 5577 1798 5655 apostolis,
1826 5578 1954 5656 quande

311 5678 403 5740 cerat
418 5680 544 5756 septem
558 5679 722 5742 daemonia
741 5678 891 5760 »(Merc.
907 5693 976 5752 xm,
990 5678 1035 5760 9).
1048 5683 1105 5744 Se·
1159 5678 1230 5742 risa
1254 5673 1332 5741 'sunt
1352 5679 1429 5762 ante
1453 5693 1510 5740 eos
1526 5675 1624 5755 quasi
1639 5673 1870 5739 deliramenta.
1889 5677 1955 5738 Ha·
2030 5725 2031 5770 ἦ
