4078 6442
150 564 507 744 nononn
565 570 669 695 111
729 567 1207 696 nonninus
1266 567 1607 698 nonnul

483 893 1280 1134 sunnonis
1376 1081 1380 1088 -

405 1331 526 1419 PER
571 1329 791 1420 'ionias
837 1329 987 1419 ANNI
1034 1332 1358 1426 GIRGULUM

125 1617 248 1681 QUOS
281 1617 573 1678 EXCERPSIT
603 1617 635 1676 Ε
669 1615 851 1676 coaice
883 1614 1245 1684 MANUSCRIPTO,
1280 1619 1641 1684 GISTERCIENSI

550 1847 588 1906 o.
620 1843 939 1907 umuonumus
971 1817 1217 1907 ΒΟΤΤΙΝΟ

468 2006 685 2069 Procurator
706 2007 879 2082 perterada
901 2006 1039 2067 Ordinis
1060 2005 1298 2069 cotuatensis

360 2224 401 2284 IN
432 2235 586 2284 INSIGNI
617 2233 828 2284 convallia
859 2222 1006 2283 SANCTI
1036 2219 1259 2293 BERNARDI,
1290 2221 1409 2286 ROMAE

443 2407 564 2464 NUNC
601 2403 781 2464 rumam
817 2405 864 2462 in
901 2404 1056 2462 Lucani
1092 2405 1327 2464 Pnonutmr

955 2968 1096 3030 sedente
1105 2969 1216 3031 airam
1226 2983 1266 3031 eo
1277 2983 1378 3048 super
1387 2975 1707 3042 montemOIivarum

453 3073 472 3159 Ι
914 3066 1710 3155 eontratemplum,interrogaveruuieumsepa-

914 3165 1013 3228 ratim
1028 3165 1146 3228 Petrus
1156 3166 1189 3227 et
1197 3164 1385 3240 induerat
1387 3168 1510 3231 aoobus
1522 3171 1555 3233 et
1562 3175 1581 3235 J
1583 3189 1710 3240 oannes

222 3299 275 3359 DE
295 3295 493 3360 ADVENTU
516 3295 656 3359 SERMO
678 3295 704 3358 Ι.
914 3261 1081 3326 dicentes:
1096 3264 1279 3340 Maptstar,
1301 3267 1355 3326 dte
1375 3269 1472 3329 uadis
1489 3274 1625 3343 quaudo
1638 3277 1711 3338 acac

914 3361 1029 3435 emant,
1055 3361 1090 3422 et
1118 3364 1207 3435 quod
1230 3364 1371 3438 siquam
1398 3367 1567 3429 adventas
1592 3370 1644 3431 tut
1676 3373 1711 3435 et

104 3459 220 3522 Erunt
247 3459 348 3535 siano
372 3459 410 3518 ta
434 3461 503 3518 sole
528 3455 563 3518 et
584 3460 667 3518 luna
692 3455 726 3516 at
754 3454 861 3516 stadis
914 3458 1351 3520 cmsummouooasaout
1366 3457 1597 3537 (Matinum,
1611 3463 1657 3544 3).
1672 3469 1712 3532 Et

594 3549 859 3630 (1111111125).
916 3553 1074 3616 Dominus
1088 3553 1176 3616 inter
1192 3555 1314 3616 oaetera
1333 3554 1419 3618 dixit
1437 3558 1487 3620 eis
1510 3559 1612 3623 verba
1633 3561 1710 3638 ista,

107 3654 261 3730 Legimus
274 3652 309 3712 in
330 3649 559 3728 superioribus
575 3647 730 3726 capitulis
746 3651 859 3708 Evan-
916 3667 990 3729 quae
1002 3650 1142 3712 audistis
1154 3667 1198 3712 ex
1212 3651 1354 3714 lectione
1374 3655 1569 3731 Evangelii:
1592 3663 1712 3724 Erunt

67 3750 146 3826 gelii
160 3750 246 3829 quod
261 3749 432 3821 Dominus,
448 3745 753 3819 vidensoivitatem,
770 3744 863 3808 flevit
915 3749 1495 3824 upoaaosouetzaoaetsteua.1n
1508 3771 1573 3831 quo
1585 3757 1709 3820 notan-

68 3865 167 3926 super
179 3849 273 3910 illam
294 3847 428 3909 dicens:
446 3846 532 3913 Qua
550 3847 582 3906 st
594 3847 812 3921 oopuooissas
828 3844 863 3905 ot
916 3846 994 3908 dum
1007 3847 1059 3908 est
1072 3844 1158 3924 quod
1177 3846 1337 3908 Dominus
1349 3847 1457 3926 primo
1471 3851 1629 3928 praedixit
1638 3855 1712 3917 rui-

68 3944 212 4025 11111111.
232 3943 387 4024 11111,42).
409 3942 729 4020 subintelligendum
743 3941 812 4004 est:
829 3941 864 4003 et
917 3961 993 4006 nam
1011 3943 1155 4006 civitatis
1176 3943 1210 4006 et
1232 3943 1310 4006 inde
1328 3945 1462 4009 ruinam
1483 3949 1613 4028 templi,
1631 3970 1712 4031 pos·
1756 4005 1757 4011 ,

67 4045 103 4105 tu
117 4045 216 4106 fleres
229 4044 315 4106 sicut
324 4044 358 4106 et
370 4058 443 4119 ego,
459 4040 567 4103 Flevit
579 4039 739 4102 Dominus
753 4039 864 4101 homi·
915 4043 1021 4104 tremo
1059 4040 1162 4103 totius
1192 4041 1324 4112 mundi,
1359 4043 1396 4106 ut
1437 4059 1497 4108 nos
1537 4063 1580 4110 ex
1610 4052 1710 4115 ruina

67 4142 176 4203 eidam
188 4142 368 4213 civitatem,
387 4139 420 4201 et
441 4138 596 4216 praedixit
616 4137 648 4199 ei
663 4136 795 4199 ruinam
810 4153 863 4198 su·
916 4138 1598 4216 minorumpossimusagnoscor-eminam
1609 4153 1712 4228 majo·

68 4239 302 4315 perventuram
334 4238 468 4314 propter
494 4235 715 4313 iniquitatem.
737 4232 863 4296 Deinde
916 4253 1002 4311 rum,
1015 4237 1049 4300 et
1062 4251 1106 4300 ex
1119 4235 1218 4298 ruina
1225 4251 1419 4318 paucorum,
1431 4241 1563 4305 ruinam
1576 4246 1711 4310 univer-

67 4335 239 4412 ingressus
271 4335 323 4397 est
349 4333 509 4411 templum
540 4333 574 4396 et
605 4333 705 4410 eoepit
739 4332 863 4411 eJioere
917 4351 1041 4397 sorum.

68 4433 248 4495 vendentes
274 4433 308 4494 et
332 4432 489 4494 ementes.
513 4431 552 4493 st
577 4446 712 4508 egresso
737 4430 796 4493 ilio
821 4430 863 4492 de
957 4433 1036 4494 Haeo
1050 4432 1160 4494 eutem
1179 4431 1306 4495 idcireo
1320 4433 1479 4509 diximus,
1503 4439 1582 4515 quia
1604 4442 1712 4506 solent

68 4531 201 4609 templo,
215 4529 264 4592 aii
278 4545 364 4591 unus
377 4545 421 4592 ex
435 4524 606 4606 discipulis
619 4532 691 4607 ejus
704 4550 711 4590 ε
725 4531 862 4606 Mapis·
917 4529 1068 4593 nonnulli
1089 4545 1239 4607 quaerere
1261 4544 1325 4607 quo
1348 4531 1496 4610 tempore
1520 4535 1592 4599 haeo
1615 4539 1712 4616 signa

70 4629 134 4698 ter,
156 4631 271 4704 aspice
285 4633 401 4703 prcoles
419 4631 549 4703 lapides
562 4632 593 4688 el
608 4631 725 4701 quales
747 4627 864 4688 struo
916 4628 1028 4690 futura
1040 4626 1117 4700 sint,
1132 4626 1242 4716 utram
1253 4627 1381 4690 modico
1394 4632 1471 4693 ante
1485 4632 1573 4694 diem
1579 4636 1710 4713 judicii,

70 4725 160 4788 tura
180 4725 297 4806 (Maro.
321 4741 397 4798 xm,
421 4724 464 4805 1).
492 4725 533 4786 Et
557 4724 627 4802 ipse
657 4723 863 4801 respondens
917 4739 960 4787 au
974 4724 1072 4802 longe
1086 4726 1164 4788 ante
1178 4725 1265 4786 diem
1272 4725 1403 4803 judieii.
1419 4727 1468 4789 Ad
1487 4730 1573 4807 quod
1593 4732 1712 4795 dioen-

70 4821 174 4886 dixit:
200 4827 298 4886 Vides
315 4829 378 4886 iras
399 4837 518 4886 omrtes
536 4836 683 4898 maanus
707 4822 861 4894 1111111111-
917 4823 995 4884 dum
1007 4823 1068 4895 est,
1085 4823 1163 4901 quia
1174 4823 1333 4886 Dominus
1348 4825 1499 4901 quaedam
1514 4827 1609 4904 signa
1624 4846 1715 4908 prae-

70 4920 179 4984 tiones
193 4926 297 4985 tNou
319 4924 530 4996 relinquetur
543 4923 753 4995 mpissapra
770 4922 862 4993 lapt-
917 4921 1002 4984 dixit
1028 4919 1263 4983 destructionis
1293 4923 1479 4985 Jerusalem
1510 4926 1543 4989 et
1571 4929 1712 5006 Templi,

70 5019 156 5092 aem,
182 5021 241 5094 aut
261 5033 330 5081 aare
351 5018 556 5082 aestuatur
580 5013 697 5096 (Maro.
723 5031 798 5090 x111,
814 5016 860 5097 2).
917 5017 1068 5097 quaedam
1085 5016 1188 5079 futuri
1198 5017 1329 5096 judIoii.
1354 5019 1456 5097 signa
1477 5022 1713 5090 destructionis

70 5116 147 5177 Haec
159 5117 270 5180 auum
284 5114 345 5177 sub
359 5116 432 5177 Tito
449 5115 482 5178 et
495 5115 702 5191 vespasiano
717 5113 863 5191 impera·
916 5115 1102 5180 Jerusalem
1125 5115 1159 5180 et
1172 5115 1311 5194 Templi,
1325 5118 1411 5180 siout
1425 5119 1547 5196 legitur
1557 5122 1593 5183 in
1603 5125 1715 5187 Evan-

70 5211 194 5276 toribus
219 5213 382 5291 completo
403 5215 490 5286 sunt,
512 5212 643 5292 quando
665 5227 732 5275 non
756 5211 863 5274 solum
916 5214 1005 5290 gelio
1016 5213 1186 5275 Matthaei:
1203 5216 1289 5276 Cam
1307 5217 1467 5278 raderttis
1482 5221 1713 5284 abominatio-

70 5309 237 5389 templum,
251 5311 422 5374 sedetiam
437 5311 506 5373 tota
523 5309 641 5373 ciuitas
653 5309 801 5372 funditus
813 5311 864 5374 est
917 5327 997 5374 nara
1008 5313 1237 5385 desolationis,
1251 5327 1328 5388 aaa
1341 5315 1433 5376 diota
1449 5316 1501 5378 est
1524 5333 1547 5379 a
1569 5321 1713 5384 Daniele

72 5405 255 5471 destructa.
279 5411 371 5471 Tune
392 5408 482 5470 enim
505 5406 618 5470 multis
634 5406 780 5468 millibus
797 5410 861 5469 lu·
916 5409 1255 5484 proprietariorum
1266 5413 1304 5471 io
1323 5415 1547 5476 locosancto:
1561 5420 1619 5490 aut
1633 5420 1715 5496 lauit

71 5503 214 5569 daeorum
240 5505 434 5578 interiectis,
449 5503 563 5568 oaeteri
577 5505 612 5566 in
636 5505 862 5582 captivitatem
918 5505 1214 5585 toretmundum.
1230 5523 1325 5580 xxiv,
1345 5509 1403 5585 15;
1426 5511 1529 5574 Maro.
1545 5528 1620 5581 xm.
1647 5513 1712 5596 11),

73 5601 200 5668 deducti
215 5607 302 5667 sunt.
918 5603 1003 5666 idest
1016 5620 1091 5666 oum
1101 5603 1252 5667 videritis
1264 5605 1519 5672 abominabilem
1535 5611 1714 5690 imaginem

210 5780 326 5826 rnrnou.
346 5779 420 5823 rous
437 5767 459 5824 1.
1526 5773 1571 5831 20.
