4076 6420
44 257 110 317 toi
613 255 659 318 IN
679 255 884 320 DOMINIGA
905 258 958 320 DE
979 257 1162 322 NUPTIIS
1652 267 1714 333 702

47 413 334 493 peregrinantem
354 412 554 488 Ecclesiam,
580 415 656 480 allae
684 417 773 480 inter
795 419 863 482 Do-
915 421 989 494 cipe
1029 419 1063 483 et
1102 421 1179 484 stne
1211 418 1383 494 sacrificio
1427 421 1463 484 et
1494 423 1570 553 aaa
1607 425 1715 490 attam

48 513 189 574 minum
211 513 417 585 stammam
440 514 475 576 et
494 513 571 576 aliae
585 514 673 576 iuter
686 515 862 578 Dominum
916 513 1144 596 (01111114).

49 611 85 672 et
105 609 377 688 triumphantem
397 627 458 690 per
479 613 861 686 111111111111111,111·
954 615 1014 674 Hae
1029 614 1153 691 nuptia
1173 614 1226 675 die
1240 615 1339 678 tertio
1354 615 1451 678 iactae
1469 547 1574 679 iniisse
1587 617 1712 680 ‹licun-

49 707 152 778 lioet‚
192 708 417 771 universalem
444 709 636 773 Ecclesiam.
668 712 715 774 De
743 711 861 792 quibus
914 711 980 784 tur,
1001 712 1080 789 quia
1098 711 1225 789 primus
1252 712 1323 774 dies
1349 713 1458 777 extitit
1482 715 1560 776 ante
1588 715 1707 792 legem,

48 806 197 883 longum
213 807 303 868 esset
316 821 474 872 enarrare
486 823 546 886 per
558 808 700 885 singula.
916 809 1081 871 secundus
1095 809 1155 870 sub
1169 811 1254 887 lege,
1269 811 1389 873 tertius
1398 827 1479 874 1111
1494 813 1568 890 post
1589 813 1708 890 legem.

93 904 145 965 De
169 903 229 964 his
248 905 360 966 tamen
379 919 453 982 quae
477 903 561 968 liunt
585 905 673 968 inter
695 905 862 968 Christum
916 908 1048 968 Primus
1067 907 1137 970 dies
1157 907 1220 971 iuit
1242 910 1388 985 cognitio
1408 909 1559 973 veritatis
1581 911 1616 972 in
1638 912 1712 990 lege

51 1001 87 1062 et
102 1001 310 1074 Ecclesiam,
325 1003 392 1062 Deo
405 1001 610 1080 disponente,
628 1003 689 1063 sub
701 1003 862 1067 brevitate
916 1005 1055 1078 naturae,
1069 1004 1232 1067 secundus
1247 1007 1283 1068 in
1296 1006 1370 1084 lege
1386 1007 1578 1086 scripturae,
1590 1010 1711 1072 tertius

50 1097 94 1160 ad
106 1113 267 1174 praesens
279 1098 371 1176 loqui
381 1099 598 1176 disponimus.
611 1101 863 1176 Neptioefacioe
915 1118 996 1164 1111
1010 1104 1047 1164 iu
1059 1103 1133 1180 lege
1145 1104 1274 1180 gratiae.
1331 1152 1333 1160 .
1581 1151 1585 1156 -

50 1195 139 1258 sarit
154 1199 196 1256 in
210 1199 331 1258 Obana
347 1199 494 1259 Galilaea.
518 1197 649 1274 Nuptiae
671 1197 767 1261 iactae
786 1197 863 1260 sunt
955 1203 1031 1262 Lea·
1050 1203 1169 1264 antem
1186 1218 1253 1278 per
1268 1205 1412 1277 Moysen
1426 1204 1508 1266 data
1519 1204 1582 1277 est,
1595 1207 1715 1282 aratia

50 1293 146 1354 inter
162 1291 337 1355 Christum
352 1293 385 1356 et
399 1293 592 1368 Ecclesiam,
610 1295 743 1373 quando
757 1296 863 1358 Filius
916 1298 1103 1361 alacritas
1122 1314 1189 1375 per
1210 1301 1385 1362 Christum
1407 1301 1501 1375 facta
1522 1301 1575 1363 est
1600 1299 1711 1380 (boen.

50 1391 115 1452 Dei
143 1390 385 1454 descenditis
410 1393 542 1454 uterum
571 1393 732 1470 Virginis,
764 1392 860 1466 idest,
915 1409 940 1467 1,
971 1393 1035 1476 17).
1062 1397 1138 1458 Istae
1166 1398 1290 1475 nuptiae
1318 1397 1414 1460 tactae
1433 1401 1511 1460 sunt
1533 1399 1569 1461 in
1598 1400 1715 1464 Chana

51 1487 197 1565 quando
220 1487 372 1550 Christus
385 1489 477 1552 11111
494 1490 530 1552 in
551 1504 696 1565 carnem,
713 1489 800 1553 sicut
811 1490 864 1552 di·
917 1493 1612 1573 (11111111,11111111111111111111111111111
1626 1497 1713 1574 quod

51 1586 146 1649 citur
170 1587 211 1647 in
238 1587 419 1664 Evangelio
441 1610 449 1650 :
468 1591 512 1650 In
527 1592 676 1664 propria
695 1588 801 1662 benit,
828 1589 864 1650 et
916 1592 1051 1668 propter
1072 1592 1210 1653 nimiam
1226 1592 1423 1654 charitatem
1451 1608 1546 1654 suam
1571 1609 1636 1670 qua
1659 1595 1715 1654 di-

50 1687 110 1746 sat
129 1699 219 1747 eam
243 1683 669 1766 11111111111111(1111.
693 1684 863 1767 1,11).11
917 1688 1000 1752 lesit
1031 1705 1112 1762 nos,
1145 1690 1329 1750 Ecclesiam
1368 1691 1526 1768 tanquam
1558 1705 1714 1767 sponsam

50 1782 863 1862 1111111111,111111111111111111111111
917 1784 981 1847 sibi
1009 1785 1190 1864 copulavit,
1221 1788 1257 1848 ut
1289 1787 1361 1864 ipse
1395 1787 1476 1849 dicit
1508 1803 1568 1865 per
1594 1791 1714 1850 Ossam

52 1879 136 1941 iecit
163 1901 171 1940 :
201 1877 242 1942 et
268 1884 324 1942 sai
351 1897 432 1943 earn
456 1895 525 1944 noa
545 1883 770 1956 receperam&
797 1881 860 1954 sui,
916 1883 1112 1962 prophetam
1130 1884 1171 1945 ad
1187 1884 1382 1946 Ecclesiam.
1395 1887 1568 1958 sponsabo
1583 1887 1615 1947 ie
1629 1890 1715 1949 mihi

54 1976 145 2039 idest
163 1976 279 2040 iudai
293 1993 359 2040 non
374 1981 571 2056 receperunt
591 1995 678 2052 eum,
700 1979 757 2042 sed
774 1993 864 2058 sper·
916 1983 954 2042 in
978 1981 1241 2056 sempiternam,
1266 1983 1301 2043 et
1328 1983 1495 2055 sponsabo
1509 1981 1543 2042 te
1561 1984 1652 2044 *mibi
1676 1985 1715 2043 in

52 2076 177 2137 nentes
194 2075 378 2138 dixerunt:
395 2079 593 2141 «Nolumus
606 2081 862 2156 banarepnare
907 2079 1052 2151 ¹justitia
1063 2079 1097 2140 ct
1115 2081 1297 2151 injudicio
1315 2079 1350 2140 et
1365 2082 1403 2139 in
1421 2081 1661 2140 misericordia
1680 2079 1715 2141 et

53 2188 166 2248 saper
180 2187 260 2235 nos.
278 2172 371 2253 (Luc.
387 2191 458 2249 xix,
474 2173 539 2253 11).
917 2176 1198 2238 miserationibus
1214 2172 1313 2254 (Osee
1339 2189 1381 2248 11,
1402 2174 1464 2250 19).
1489 2175 1661 2254 sponsabo
1681 2177 1716 2238 te

95 2273 159 2332 11ae
183 2271 313 2348 nuptiae
328 2271 422 2334 iactae
441 2272 564 2335 suntin
586 2273 700 2334 Chana
713 2272 861 2342 oalileae,
917 2272 953 2332 in
964 2272 1200 2349 sempiternum
1214 2273 1250 2333 in
1263 2271 1328 2334 ilde
1340 2273 1514 2335 Trinitatis
1533 2275 1566 2336 et
1579 2274 1615 2335 in
1634 2273 1715 2336 doc-

56 2368 158 2440 idest,
182 2369 223 2430 in
245 2368 316 2431 zelo
338 2369 512 2432 charitatis
539 2372 572 2433 11
599 2385 712 2432 amore
731 2369 860 2431 salutis.
918 2369 1006 2432 trina
1035 2369 1246 2446 evangelica,
1276 2371 1312 2434 ut
1332 2371 1420 2432 scias
1449 2369 1535 2449 quod
1559 2386 1620 2448 ego
1640 2387 1714 2433 sum

57 2467 179 2529 Chana
215 2467 352 2530 Galileae
384 2468 507 2530 dicitur
540 2467 791 2544 transmigratio
821 2465 862 2528 ab
918 2466 1088 2528 Dominus.
1112 2467 1282 2544 Sponsaho
1314 2467 1348 2530 te
1374 2467 1408 2528 in
1432 2469 1563 2544 justitia
1589 2470 1713 2531 sanctae

58 2579 180 2625 errore
196 2564 239 2625 ad
254 2565 439 2639 veritatem,
458 2566 491 2627 et
510 2581 530 2626 a
548 2565 641 2628 vitiis
655 2564 860 2638 absisteres,
918 2563 1180 2627 conversationis
1198 2581 1297 2643 quam
1317 2566 1468 2628 Christus
1493 2567 1589 2628 nobis
1611 2566 1713 2628 exhi-

58 2665 93 2723 et
111 2678 133 2722 a
143 2661 421 2723 tribulationibus
431 2661 531 2741 hujus
542 2662 657 2724 mundi
667 2661 709 2724 ad
722 2661 863 2738 gloriam
918 2661 1000 2724 buit.
1017 2663 1188 2740 sponsabo
1200 2662 1234 2724 te
1247 2663 1283 2724 in
1296 2662 1423 2741 judicio
1440 2647 1609 2741 passionis
1624 2663 1713 2742 quod

59 2760 315 2836 sempiternam,
331 2761 365 2820 et
378 2759 419 2821 de
431 2758 552 2820 mundo
567 2759 608 2821 ad
617 2759 761 2821 Patrem.
778 2761 864 2820 Nam
918 2775 977 2837 pro
989 2760 1084 2822 nobis
1097 2761 1264 2823 sustinuit.
1290 2761 1461 2838 sponsabo
1475 2762 1509 2824 11
1521 2761 1556 2823 in
1577 2761 1714 2823 miseri-

58 2857 268 2933 quicumque
282 2871 361 2918 1111
382 2856 491 2933 diligit
512 2871 651 2933 regnum
674 2857 863 2933 11111111-
919 2858 1032 2920 cordia
1044 2857 1243 2920 dulcissima
1256 2858 1715 2937 affectionisquamerganos

58 2954 202 3029 grinum
222 2968 258 3014 se
280 2953 386 3016 credit
400 2970 472 3016 esse
487 2955 523 3016 in
547 2955 616 3017 1111
640 2955 809 3032 prasenti,
832 2955 865 3016 et
919 2954 1044 3019 habuit.
1062 2956 1232 3033 sponsabo
1247 2957 1280 3018 te
1293 2957 1329 3017 in
1347 2957 1618 3020 miserationibus
1633 2973 1714 3036 peo-

35 3051 142 3112 'dum
178 3051 369 3114 considerat
409 3053 531 3128 gaudia
566 3051 710 3115 coelestis
749 3051 861 3130 regni,
918 3055 1067 3116 catorum
1100 3053 1308 3116 remissionis
1342 3071 1442 3133 quam
1478 3055 1582 3132 gratis
1618 3055 1715 3118 nobis

61 3149 310 3225 transmigrare
327 3150 473 3227 cupitde
487 3151 623 3213 miseria
635 3150 735 3230 hujus
749 3150 864 3211 mundi
918 3152 1068 3213 contulit.
1092 3150 1275 3227 Quinquies
1297 3151 1407 3228 posuit
1426 3156 1603 3229 spoiisabm
1628 3155 1716 3215 Nam

63 3246 106 3307 ad
122 3247 287 3324 gloriam
311 3247 351 3309 de
365 3248 633 3325 peregrinatione
654 3248 696 3310 ad
709 3248 862 3325 patriam,
919 3251 1004 3313 sicut
1017 3249 1115 3312 beata
1138 3251 1246 3310 Maria
1268 3247 1331 3312 iuit
1354 3250 1553 3327 desponsata
1575 3250 1712 3328 Joseph,

63 3345 104 3406 de
136 3345 263 3406 mundo
296 3345 338 3406 ad
371 3346 501 3408 coelum.
529 3347 623 3410 Unde
652 3345 862 3424 Gregorius:
919 3348 975 3409 sed
994 3349 1097 3423 Virgo
1112 3347 1251 3423 peperit,
1267 3346 1314 3408 ita
1338 3348 1487 3409 Ecclesia
1513 3349 1713 3424 desponsata

64 3458 84 3502 1
106 3443 171 3515 Qui
197 3443 343 3505 coelestis
364 3445 481 3521 patriae
509 3444 631 3521 gaudia
656 3445 781 3506 aeterna
807 3459 865 3505 co-
919 3446 969 3506 est
983 3443 1125 3515 Christo,
1141 3443 1175 3504 11
1187 3443 1282 3518 virgo
1294 3444 1392 3519 parit,
1413 3445 1498 3505 sicut
1512 3443 1593 3505 dicit
1606 3448 1715 3521 Apos-

65 3541 258 3615 gnovimus,
279 3540 438 3603 festinare
458 3541 499 3602 ad
519 3557 560 3602 ea
589 3540 787 3619 quantocius
806 3539 866 3599 de-
918 3541 1027 3601 tolus:
1061 3541 1234 3613 Desponsa·
1259 3543 1403 3601 bosani
1424 3544 1515 3613 aira,
1538 3543 1713 3616 virginem

64 3637 195 3700 bemus.
211 3638 396 3718 Optandum
413 3638 509 3701 nobis
530 3637 582 3700 est
596 3637 694 3698 citius
712 3650 863 3714 pergere,
918 3636 1051 3697 castam
1076 3636 1240 3696 embibere
1266 3635 1401 3697 Christo
1426 3632 1471 3715 (li
1499 3636 1571 3695 Gor.
1595 3649 1643 3707 11,
1667 3632 1714 3714 2).

66 3736 167 3813 atque
183 3736 226 3798 ad
245 3737 338 3798 illam
354 3751 413 3813 per
434 3735 524 3798 viam
546 3734 732 3797 breviorem
746 3737 867 3811 perve-
920 3733 1014 3795 Unde
1027 3731 1242 3793 Ambrosius:
1259 3732 1466 3794 «Paritaos
1483 3734 1585 3808 Virgo
1598 3732 1718 3794 Mater

66 3835 152 3896 nire.
174 3835 216 3898 Et
236 3834 412 3912 Apostolus
426 3853 434 3893 ι
450 3836 592 3911 Tempus
611 3831 714 3894 breve
734 3831 799 3908 111;
816 3845 867 3894 11-
919 3832 1072 3892 Ecclesia
1085 3843 1155 3892 non
1167 3843 1246 3892 cnm
1263 3833 1377 3892 dolore
1389 3833 1636 3902 membranam,
1656 3831 1717 3892 sed

67 3931 198 4009 liquum
213 3932 265 3994 est
280 3932 316 3994 ut
337 3931 393 4010 qui
407 3929 531 3993 habent
549 3944 684 4004 uxores,
707 3931 865 4007 tanquam
919 3931 1147 4004 compendiis
1166 3935 1370 4006 angelornm
1388 3943 1407 3988 »
1423 3926 1483 4007 (1).
1502 3927 1543 3989 Et
1566 3926 1690 3990 Paulus
1706 3947 1714 3988 a

66 4045 135 4091 non
158 4029 321 4092 habentes
346 4027 414 4090 siut
435 4027 500 4108 »(1
512 4031 586 4090 Cor.
601 4043 661 4101 111,
677 4027 742 4109 29).
765 4026 866 4100 Quasi
925 4028 999 4088 Vim
1013 4025 1283 4101 abiaticumores
1295 4026 1441 4097 vestras,
1453 4025 1543 4086 siem
1559 4023 1718 4086 ananias

68 4127 198 4190 diceret
214 4145 222 4184 z
237 4127 320 4198 Quia
330 4142 366 4189 es
367 4127 492 4188 threve
502 4126 719 4204 tempusvitae
729 4124 864 4198 nostrae,
919 4125 1107 4186 Ecclesiam
1122 4119 1268 4202 (Ephv,
1281 4120 1347 4204 25).
1362 4125 1408 4184 lle
1420 4137 1526 4184 uxore
1542 4121 1716 4185 psalmista

68 4223 686 4299 11111111111111111111111111111111.
704 4222 795 4296 Quod
816 4239 868 4284 re·
920 4220 1030 4283 dicit:
1058 4223 1153 4282 Umor
1177 4222 1238 4282 tna
1256 4222 1345 4283 siem
1370 4223 1453 4282 oilie
1473 4223 1651 4283 abundans
1678 4223 1718 4282 in

67 4323 199 4402 liquum
220 4322 280 4394 ost,
306 4321 403 4394 idest,
425 4322 488 4383 hoc
512 4321 682 4396 saeculum,
707 4320 813 4384 restat
824 4321 866 4382 ad
919 4319 1716 4392 111111111111111111;Ῑ11111111111111-

71 4421 250 4498 agendum,
268 4420 304 4482 ut
327 4419 384 4498 qui
408 4418 686 4493 111111111111111,
703 4419 776 4481 sitis
796 4419 867 4481 tan·
920 4422 1015 4479 aelios
1033 4420 1221 4491 olivarum,
1246 4420 1284 4480 in
1313 4417 1462 4478 circidin
1488 4431 1619 4478 mensae
1647 4417 1719 4477 tace

70 4535 170 4595 quam
185 4535 252 4580 non
274 4517 444 4591 habentes,
461 4517 557 4591 idest,
575 4518 624 4579 sic
644 4516 827 4596 placeatis
818 4534 868 4579 m·
922 4512 991 4595 (Ps.
1009 4515 1077 4588 127,
1094 4513 1141 4595 3).

69 4617 306 4690 1111111111,
335 4616 372 4677 ut
394 4631 455 4693 per
479 4615 732 4678 delectationem
756 4614 866 4678 carnis
961 4609 1601 4690 Etnotandumquodsponsaredicitur
1615 4623 1719 4687 spon-

72 4729 138 4775 non
153 4714 359 4792 displiceatis
373 4716 440 4776 Deo
454 4714 487 4775 11
507 4713 646 4790 angelis.
660 4713 732 4786 Vel,
750 4717 867 4776 Obana
921 4725 994 4770 sum
1020 4709 1053 4772 et
1078 4709 1115 4772 ut
1147 4724 1303 4786 sponsam
1328 4707 1452 4770 facere.
1484 4710 1631 4786 Sponsus
1663 4707 1717 4769 vel

72 4813 193 4890 quippe
207 4813 309 4884 zelus,
332 4816 470 4875 Galilaea
490 4811 738 4887 transmigratio
761 4811 868 4874 inter·
921 4822 1043 4884 sponsa
1057 4807 1212 4868 dicitura
1228 4805 1429 4884 spondentia
1446 4805 1523 4882 (illia
1536 4805 1591 4868 Vir
1611 4819 1718 4880 ⁵1³0ss-

72 4911 222 4986 pretatur
243 4927 286 4972 11
306 4910 463 4972 hebraico
485 4910 520 4970 in
540 4909 680 4971 latinum
699 4931 707 4969 ε
723 4909 784 4972 Vel
805 4912 869 4972 Ga·
922 4905 977 4968 det
994 4905 1168 4966 mulierem
1185 4905 1339 4981 accipere
1355 4903 1391 4964 in
1413 4918 1518 4975 suam,
1544 4903 1579 4964 et
1596 4901 1718 4962 mulier

74 5001 150 5069 tileo
177 5007 415 5085 interpretatur
434 5007 685 5084 transmigratio
712 5006 817 5081 iacta,
835 4999 868 5071 et
922 5003 1075 5082 accipere
1100 5003 1210 5064 sirum
1237 5017 1346 5063 suum.
1377 5000 1468 5064 Solet
1488 4999 1554 5062 dici
1582 4999 1718 5061 carnale

76 5103 242 5180 significat
256 5106 362 5182 legem
386 5106 493 5183 Moysi
519 5107 552 5168 et
571 5105 787 5168 oaeremonias
807 5109 869 5169 ,11-
922 5101 1112 5178 eonjugium
1128 5100 1214 5177 quod
1229 5100 1282 5162 est
1294 5100 1382 5161 inter
1392 5099 1502 5161 virum
1515 5100 1547 5160 et
1559 5097 1717 5159 feminam

77 5200 233 5276 daeorum,
257 5219 330 5281 quas
352 5202 407 5264 lex
430 5203 569 5266 debebat
589 5204 868 5280 transmigrasse
921 5200 1100 5271 initiatum,
1116 5197 1225 5260 ratum
1240 5199 1273 5260 et
1295 5197 1570 5260 consummatum.
1595 5195 1717 5257 Initia·

76 5300 210 5362 Judaeis.
227 5303 312 5363 Nam
326 5303 344 5363 J
347 5299 434 5361 udaei
446 5303 581 5378 propter
592 5303 728 5379 peccata
740 5316 865 5375 eoram,
921 5298 991 5360 tum
1006 5297 1041 5358 in
1056 5296 1328 5374 desponsatione;
1343 5297 1453 5357 ratum
1472 5294 1508 5356 in
1533 5309 1717 5372 consensu;

76 5396 108 5457 11
117 5397 225 5459 locum
246 5400 279 5461 et
291 5398 420 5475 gentem
436 5398 469 5459 et
481 5399 748 5462 sacerdotium-et
761 5400 868 5477 legem
923 5397 1185 5458 consummatum
1200 5393 1235 5456 tn
1253 5392 1474 5471 copulatione.
1491 5392 1546 5455 sm
1565 5393 1599 5454 et
1617 5391 1722 5470 spiri-

77 5495 267 5558 amiserunt.
285 5495 379 5560 Unde
392 5497 428 5557 in
450 5497 533 5558 Osee
548 5517 554 5558 :
571 5501 653 5561 Dies
670 5499 795 5561 maltos
807 5513 867 5560 se·
1690 5511 1702 5550 ²

77 5593 199 5656 debiant
213 5596 274 5669 biii
289 5599 399 5658 Israel
419 5598 495 5660 siae
516 5609 598 5672 reae
624 5596 657 5658 et
675 5600 751 5662 stne
764 5599 870 5673 pria·
959 5597 1000 5676 (1)
1021 5599 1458 5673 Lib.11tnEvang.luc.o.1.
