4076 6420
320 283 665 361 canonicesuam
685 285 943 352 menonem
964 242 1144 362 curari.
1161 317 1198 332 -
1214 287 1340 350 mnu
1361 288 1531 360 eornm.
1688 283 1749 344 aro

87 445 278 516 assereus
291 445 448 510 euectus
468 447 603 522 ferreos
627 449 795 524 consuesti
820 445 891 527 (Ps.
948 447 1010 510 tris
1033 450 1113 510 auae.
1140 447 1187 513 De
1212 446 1276 510 hac
1296 445 1430 513 civitate
1452 446 1558 509 toties
1572 443 1745 507 defunctus

87 541 162 613 106,
179 540 248 622 16).
265 545 374 604 Portae
389 559 486 605 aereae
499 544 656 606 (luuntur
676 544 760 606 vitia
772 544 805 606 et
816 561 896 622 pec-
950 544 1097 617 effertur,
1114 546 1242 624 quoties
1257 544 1379 622 aliquis
1403 559 1462 620 per
1475 559 1513 606 os
1526 542 1746 604 criminaliter

86 639 179 711 cata,
198 639 279 716 quia
292 639 377 702 sicut
399 642 503 716 portae
525 657 621 702 aereae
644 641 720 703 sunt
738 642 829 704 durae
853 643 893 702 ad
949 643 1077 719 peccat.
1092 642 1156 703 Sed
1170 642 1200 703 si
1214 642 1375 703 Dominus
1387 644 1484 702 iesus
1502 639 1747 716 appropinquat

86 283 156 346 809

87 735 329 812 frangendum,
345 737 394 798 ita
408 737 488 800 vitia
504 739 537 799 et
557 739 692 814 peccata
711 738 894 801 inveterata
949 737 1052 816 portae
1065 738 1210 799 ciuitatis
1219 737 1399 801 suscitatur
1411 737 1596 798 defunctus.
1609 736 1747 797 Detuno·
1877 793 1880 803 .

86 833 125 893 in
141 833 286 894 homine
296 834 373 896 suni
385 835 468 924 dura
483 835 783 896 adremovendum.
801 835 895 896 Unde
949 836 1070 907 tusest,
1081 836 1217 911 spiritus
1230 834 1374 896 hominis
1385 835 1419 894 in
1431 834 1575 911 peccatis
1585 833 1749 894 mortuus,

84 931 283 993 ieremias:
313 935 414 993 Duru
443 933 535 1006 suctu
559 932 641 993 uiui
663 932 803 1007 peccata
836 934 896 994 tua
949 933 1107 994 Dominus
1121 935 1217 993 Jesue
1233 933 1284 993 est
1297 931 1422 994 veritas
1436 930 1494 1008 qui
1504 930 1746 1007 appropinquat

85 1027 176 1104 (Jer.
193 1043 279 1100 xxx,
298 1026 362 1108 tl).
378 1027 441 1090 Sed
456 1029 615 1090 Dominus
630 1028 771 1091 conterit
784 1029 894 1106 portas
950 1027 1052 1103 portae
1067 1027 1221 1088 civitatis.
1248 1026 1284 1088 Si
1308 1027 1351 1088 sit
1371 1027 1496 1088 veritas
1511 1026 1545 1087 in
1559 1041 1617 1086 ore
1632 1027 1745 1086 nostro

85 1139 219 1194 aereas,¹
232 1125 363 1202 quando
387 1125 527 1188 destrunt
547 1126 628 1188 vitia
643 1125 676 1188 et
690 1126 825 1202 peccata
837 1126 894 1187 in-

86 1222 293 1284 veteratain
305 1222 451 1284 bomine.

128 1319 217 1380 item
234 1335 243 1380 ε
260 1323 345 1382 Cum
364 1320 660 1395 appropinquaret
673 1320 787 1396 portae
811 1322 897 1382 eiri-

87 1415 187 1478 tatis.
206 1416 361 1494 Quinque
375 1418 453 1479 sunt
471 1417 575 1494 portae
593 1417 716 1478 nostrae
738 1417 893 1489 civitatis,

87 1513 189 1586 idest,
205 1514 353 1591 quinque
372 1529 490 1575 sensus
508 1514 681 1591 corporis:
706 1514 817 1586 Visus,
834 1529 896 1575 eu-

87 1610 195 1680 ditus,
202 1611 334 1686 gustus,
342 1610 508 1683 odoratus,
515 1611 633 1673 tacius.
644 1613 683 1672 Et
693 1626 807 1674 omnes
819 1610 897 1672 sunt

85 1708 241 1784 geminae
260 1709 376 1786 positae
388 1708 467 1769 binc
486 1708 519 1770 et
538 1707 628 1769 inde.
642 1709 728 1769 Nam
740 1707 805 1770 duo
819 1710 897 1770 sunt

87 1804 247 1868 oculiad
265 1804 454 1875 videndum,
478 1805 553 1866 duae
576 1819 676 1868 aurea
699 1805 741 1866 ad
756 1804 897 1867 audien-

86 1902 182 1975 dum,
201 1903 278 1964 duae
291 1916 389 1963 nares
411 1902 452 1963 ad
474 1902 708 1974 olfaciendum,
725 1901 799 1963 duae
813 1916 895 1979 par·

87 2000 142 2060 tes
157 1999 202 2060 ad
219 1999 429 2076 gustandum,
446 1999 609 2071 videlicet,
628 1997 781 2076 superior
796 2001 830 2060 et
842 1999 896 2060 in-

89 2095 213 2169 ferior,
231 2096 304 2158 duae
317 2113 434 2160 manue
449 2096 714 2173 adiungendum.

129 2197 218 2256 Cum
236 2195 348 2256 autem
373 2195 440 2256 sint
459 2193 604 2272 quinque
626 2195 741 2271 portae,
765 2193 806 2254 de
829 2209 896 2255 una

88 2292 165 2352 sola
192 2291 259 2352 boc
280 2291 353 2352 loco
373 2289 453 2353 fecit
475 2292 687 2363 mentionem,
706 2305 805 2368 quam
820 2305 895 2352 esse

88 2389 172 2463 puto
188 2386 334 2463 gustum.
349 2389 435 2449 -Nam
456 2403 516 2465 per
532 2388 619 2448 banc
631 2387 759 2465 portam
774 2386 897 2448 multo-

90 2485 159 2546 ties
185 2484 326 2546 effertur
357 2485 517 2556 mortuus,
547 2483 625 2562 quia
655 2499 715 2561 per
748 2483 894 2560 gustum,

91 2581 169 2642 sive
191 2597 252 2658 per
275 2597 323 2652 os,
337 2565 565 2656 multipliciter
578 2581 693 2658 peccat
707 2581 815 2641 omnis
834 2581 896 2642 bo·

91 2694 150 2739 mo
163 2679 294 2740 vivens.
309 2679 397 2738 Nam
411 2691 513 2753 quum
525 2677 606 2738 dicit
624 2677 780 2738 Salomon
796 2679 898 2738 :Orn-

89 2778 150 2836 uis
166 2777 266 2838 labor
278 2776 426 2836 bominis
440 2776 477 2834 iu
492 2787 553 2836 ore
564 2776 640 2846 ciue
654 2773 773 2848 (Eccle.
788 2787 833 2846 vr,
849 2772 894 2854 7),

90 2870 195 2941 idest,
213 2869 320 2930 omnis
331 2867 425 2931 labor
434 2868 578 2931 bominis
589 2869 629 2932 ad
643 2869 705 2931 hoc
720 2869 767 2942 nt,
781 2871 817 2931 ut
828 2869 894 2930 im-

90 2968 231 3046 pleatur
244 2982 281 3027 os
305 2969 388 3044 ejus,
409 2967 443 3027 et
463 2966 647 3029 satisfaciat
666 2966 765 3042 gulae.
788 2967 897 3028 Mani-

950 1139 1009 1200 pro
1033 1123 1188 1197 falsitate
1212 1123 1400 1187 benedictio
1421 1139 1487 1200 pro·
1500 1123 1745 1185 maledictione.

949 1221 1023 1282 laus
1046 1222 1190 1299 proximi
1217 1237 1276 1298 pro
1300 1219 1515 1292 detractione,
1543 1220 1745 1290 abstinentia

949 1333 1009 1394 pro
1032 1318 1219 1394 gulositate,
1256 1318 1474 1380 resuscitatur
1506 1316 1594 1378 tilius
1625 1317 1744 1378 unicus

950 1415 1066 1477 matris
1078 1431 1161 1477 suae.
1175 1415 1514 1489 MaterestEcclesia;
1524 1413 1615 1474 tilius
1626 1414 1745 1474 unicus

950 1512 1065 1574 matris
1081 1513 1131 1574 est
1145 1510 1284 1588 quilibet
1297 1511 1422 1573 electus
1437 1511 1494 1587 qui
1509 1511 1621 1572 servat
1633 1511 1747 1571 unita-

948 1609 1015 1670 tem
1029 1608 1183 1685 Spiritus,
1208 1607 1305 1679 idest,
1329 1606 1541 1669 concordiam
1560 1606 1744 1667 charitatis.

949 1705 1083 1767 Talibus
1099 1720 1241 1781 namque
1253 1703 1334 1764 dicit
1342 1703 1518 1779 Apostolus
1535 1724 1543 1762 ε
1559 1701 1747 1764 seruantes

949 1803 1119 1866 unitatem
1141 1801 1293 1876 Spiritus
1315 1803 1353 1862 iu
1375 1803 1509 1862 ptumo
1527 1802 1624 1874 pacis
1648 1797 1744 1878 (pr.

949 1915 996 1972 rr,
1012 1897 1056 1972 3).
1097 1899 1100 1904 ’

970 1999 1030 2058 at
1052 1996 1125 2059 baec
1147 1997 1246 2058 uidua
1272 1996 1344 2060 erat
1346 2039 1405 2057 .....
1423 1995 1531 2057 Vidua
1552 1993 1674 2055 dicitur
1688 1991 1743 2053 di-

950 2093 1024 2156 visa
1056 2110 1077 2154 a
1109 2095 1192 2166 viro,
1227 2095 1383 2171 quoniam
1411 2093 1523 2155 anima
1550 2091 1744 2156 dividitura

950 2189 1744 2268 Dec,relabEcclesiaperexcommunicationem,

949 2287 1003 2349 vel
1015 2303 1075 2366 per
1086 2285 1746 2349 aliacrlminalia.Perexcommunicatio·

950 2400 1027 2446 nem
1039 2384 1160 2461 aliquis
1185 2385 1360 2461 separatur
1378 2384 1419 2445 ab
1439 2383 1600 2464 Ecclesia,
1614 2383 1746 2460 qnando

950 2481 1256 2543 excommunicatur
1284 2481 1412 2558 judicio
1441 2481 1659 2542 sacerdotum.
1684 2479 1747 2550 Qui

950 2579 1041 2640 enim
1061 2578 1367 2640 excommunicatur
1387 2577 1478 2639 recto
1497 2576 1636 2654 judicio,
1661 2575 1748 2638 sicut

951 2676 1126 2754 separatur
1139 2675 1180 2736 ab
1192 2676 1342 2737 oratione
1356 2675 1513 2736 Ecclesiae
1526 2675 1562 2734 in
1575 2673 1743 2750 praesenti,

950 2772 997 2834 ita
1021 2771 1230 2849 separabitur
1255 2772 1290 2832 in
1316 2772 1427 2834 tuturo
1453 2770 1746 2847 aglorificatione,

950 2885 1025 2946 quaa
1037 2865 1169 2931 dabitur
1191 2870 1316 2931 sanctis
1339 2868 1410 2930 Dei.
1425 2868 1521 2930 'Unde
1535 2867 1620 2930 dixit
1633 2866 1747 2928 Domi-

950 2981 1014 3027 nus
1037 2967 1079 3028 ad
1100 2968 1262 3044 Moysen:
1282 2969 1441 3040 Proecipe
1462 2967 1543 3039 titiis
1559 2967 1681 3034 Israel,
1708 2963 1747 3024 ut

91 3063 184 3126 testo
210 3063 391 3140 pessimum
414 3063 538 3124 malum
566 3064 616 3126 est
645 3065 779 3142 propter
802 3079 839 3125 os
864 3065 897 3126 ct
950 3064 1089 3135 eiiciuut
1102 3063 1281 3126 deccstris
1298 3075 1434 3124 omnem
1445 3067 1620 3136 leprosum
1632 3059 1745 3139 (Num.

94 3161 214 3237 gulam
246 3159 335 3222 omni
375 3160 522 3237 tempore
557 3159 719 3232 laborare,
736 3160 770 3221 et
796 3175 897 3237 prop-
949 3176 983 3232 v,
995 3158 1194 3239 2).Leprosi
1203 3159 1447 3222 suntbaerotici.
1459 3158 1540 3230 Quia
1549 3158 1635 3220 sicut
1644 3157 1750 3234 lepro

91 3258 147 3318 ter
176 3259 284 3318 Deum
310 3256 395 3317 nihil
423 3256 510 3318 velle
545 3271 655 3332 agere.
685 3257 779 3319 Unde
806 3257 895 3332 legi·
950 3273 1008 3319 sus
1029 3257 1271 3319 contaminatus
1291 3258 1342 3318 est
1362 3255 1504 3318 dirersis
1523 3255 1675 3333 pustulis,
1692 3255 1746 3315 vel

93 3369 170 3414 mus
196 3353 234 3414 in
256 3354 402 3416 ieremia
429 3353 516 3430 quod
548 3357 712 3428 princeps
736 3369 896 3417 meorum
950 3355 1129 3427 ulceribus,
1144 3356 1191 3416 ita
1205 3355 1271 3431 ipsi
1286 3353 1502 3416 contaminati
1515 3354 1592 3415 sunt
1606 3351 1747 3414 dirersis

92 3449 276 3513 destructi
286 3466 409 3512 muros
426 3453 635 3513 Jerusciem.
658 3449 824 3528 Princeps
833 3467 895 3513 co·
950 3450 1120 3512 erroribus
1135 3450 1188 3512 vel
1201 3450 1447 3522 criminibus,et
1458 3450 1532 3510 ideo
1545 3449 1623 3510 sunt
1638 3465 1657 3509 a
1672 3464 1748 3509 oas-

93 3561 214 3609 ccrum
231 3547 282 3608 est
301 3547 432 3618 venter,
451 3546 529 3622 quia
550 3547 604 3606 illi
623 3547 813 3608 ministrant
825 3561 898 3608 om·
949 3548 1012 3610 tris
1027 3547 1192 3625 ejiciendi,
1210 3547 1307 3618 idest,
1326 3545 1368 3607 ab
1389 3545 1538 3606 Ecclesia
1556 3545 1745 3621 separandis

93 3659 154 3705 nes
167 3644 252 3705 coci.
269 3643 454 3705 Jerusalem
476 3644 528 3703 est
545 3641 654 3704 tidelis
668 3643 791 3704 anima.
807 3644 896 3705 Muri
991 3642 1124 3705 Duobus
1146 3643 1247 3704 etiam
1268 3641 1374 3704 modis
1389 3646 1564 3718 separatur
1584 3641 1683 3702 bomo
1704 3641 1751 3704 ab

94 3741 176 3803 sunt
188 3740 341 3803 virtutes.
357 3743 527 3812 Princeps
540 3753 701 3801 cocorum
719 3739 896 3801 destertuit
951 3740 1099 3802 Ecclesia
1116 3761 1124 3800 ε
1140 3755 1200 3816 per
1213 3739 1411 3802 sententiam
1433 3737 1751 3801 excommunicatio·

93 3853 219 3901 muros
241 3841 445 3908 Jemeciem,
472 3836 550 3913 quia
573 3850 634 3913 per
652 3837 804 3898 ventrem
826 3836 897 3898 des·
950 3835 1750 3914 nis,etperveritatemdenunciationisperscn·

93 3935 255 3997 trauntur
274 3948 387 3995 omnes
401 3934 551 3996 virtutes.
578 3933 673 3996 Unde
694 3932 729 3994 in
743 3936 897 4009 Evange-
950 3935 1087 3997 tentiam
1123 3932 1590 4009 excommunicationisque
1618 3931 1750 4009 quando

96 4031 160 4094 lio:
175 4032 365 4102 Attendite,
380 4045 424 4092 ue
443 4031 639 4105 precentur
654 4033 759 4092 corde
778 4030 896 4093 vestra
950 4031 1105 4108 peccator
1125 4030 1441 4102 excommunicatur,
1464 4029 1561 4108 quasi
1587 4029 1702 4090 toltum
1728 4045 1750 4090 a

95 4130 132 4190 iu
146 4132 292 4201 crapuu
305 4128 340 4189 et
349 4127 514 4189 ebrietate
528 4123 621 4206 (Luc.
637 4143 709 4198 ιιι,
725 4129 788 4204 34).
950 4145 1058 4191 messe
1067 4127 1199 4190 Domini
1212 4127 1399 4204 separatur,
1410 4124 1748 4190 ettraditurdiabolo.

135 4227 320 4287 Peccamus
341 4224 442 4285 etiam
469 4239 528 4300 per
555 4239 605 4297 os,
636 4223 765 4286 occulte
784 4223 896 4286 detra·
951 4225 1045 4289 Unde
1059 4224 1235 4303 Apostolus
1252 4247 1260 4285 ε
1276 4228 1437 4287 iudicavi
1461 4225 1601 4287 trudere
1624 4227 1748 4298 umus-

95 4321 224 4396 hend03
237 4321 324 4382 unde
340 4320 497 4382 Salomon
511 4341 518 4380 ε
534 4322 572 4384 Si
580 4322 739 4383 mordeat
751 4335 896 4396 serpeus
949 4327 1043 4385 mciii
1056 4322 1747 4394 bemineruSutaucetuiuterituruccrniS,

95 4422 134 4480 iu
142 4419 291 4490 silentio,
304 4421 389 4480 nibil
400 4433 440 4480 eo
453 4421 570 4480 miurus
583 4418 684 4481 babet
698 4422 755 4492 qui
769 4419 895 4481 occidte
950 4421 988 4481 ut
1001 4420 1148 4496 spirtius
1169 4424 1285 4481 sucus
1299 4420 1346 4481 eit
1357 4423 1395 4481 iu
1408 4423 1464 4480 die
1477 4421 1617 4480 Domini
1635 4420 1748 4481 uestri

96 4515 249 4578 detruirit
264 4513 366 4593 (Eccl.
393 4531 427 4587 1,
454 4512 517 4595 11).
537 4515 637 4586 Quasi
662 4514 786 4576 diceret
802 4537 810 4575 ε
826 4517 895 4576 De·
949 4519 1033 4579 Jesu
1058 4516 1186 4579 cursu
1211 4513 1241 4594 (1
1262 4517 1335 4576 Gor.
1362 4531 1394 4586 r,
1421 4513 1467 4592 5).
1491 4517 1555 4575 Per
1574 4515 1750 4578 veritatem

95 4611 224 4674 tractor
246 4614 297 4674 est
314 4611 411 4690 quasi
436 4627 573 4688 serpens
588 4611 714 4674 occulte
729 4603 894 4674 mordens.
951 4613 1225 4684 denunciationis,
1240 4613 1318 4689 quia
1331 4610 1410 4673 boni
1425 4612 1628 4674 mundantur
1641 4627 1661 4673 a
1676 4628 1752 4689 pec·

97 4711 279 4772 Peccamus
314 4708 348 4771 et
381 4709 494 4786 aperte
526 4708 762 4770 maledicendo.
803 4709 896 4772 Unde
950 4711 1044 4782 catis,
1061 4709 1192 4787 quando
1207 4709 1426 4771 annuntiatur
1448 4708 1497 4769 eis
1508 4708 1585 4784 quid
1607 4709 1650 4771 sit
1671 4725 1752 4785 pec·

96 4805 305 4884 Apostolus:
327 4810 447 4880 Neque
475 4808 631 4867 muedict
658 4819 806 4880 reanum
832 4811 897 4868 Dei
936 4808 1072 4869 ‘catum
1087 4808 1175 4868 Nam
1188 4808 1358 4884 peccatum
1374 4819 1585 4880 cognoscere,
1597 4805 1687 4865 salus
1700 4807 1752 4869 est

96 4904 317 4976 possidebunt
325 4904 429 4978 (ICor.
443 4917 488 4975 vr,
504 4901 566 4980 10).
576 4904 756 4964 Peccamus
766 4904 897 4966 etmen·
950 4905 1082 4965 animae.
1099 4903 1193 4964 Unde
1205 4903 1338 4979 quidem
1353 4901 1487 4979 sapiens
1504 4923 1511 4962 ε
1527 4903 1753 4977 notitia-peo-

97 5000 222 5074 tiendo,
235 5000 323 5062 unde
338 5001 373 5061 in
387 4998 485 5061 Libro
495 4999 692 5077 Sapientiae:
710 5001 827 5062 Omnis
838 5003 897 5074 qui
950 5001 1019 5062 ceti
1032 5000 1173 5061 initium
1186 5000 1308 5061 scietis
1322 5000 1385 5060 eet.
1399 4998 1493 5059 Unde
1502 4998 1662 5060 Dominus
1672 4999 1753 5062 dicit

97 5099 278 5171 mentitur,
296 5098 418 5160 occidit
438 5101 595 5160 quinium
610 5094 703 5176 (Sap.
725 5113 748 5169 1,
777 5096 841 5177 11).
859 5097 897 5160 Et
951 5095 993 5158 ad
1025 5095 1231 5157 Ezechielem
1255 5115 1262 5156 ι
1285 5099 1353 5157 Fiii
1380 5094 1544 5167 hominis,
1567 5096 1668 5156 uetus
1695 5098 1753 5170 suc

98 5196 258 5257 Dominus
272 5211 332 5273 per
346 5197 484 5272 Moysen
503 5196 538 5255 in
558 5194 704 5256 Levitico
721 5215 729 5254 ε
746 5197 898 5268 Noupe·
949 5196 1144 5254 demaraten
1164 5196 1240 5254 vics
1256 5207 1349 5254 suus.
1366 5190 1497 5272 (Ezech.
1515 5206 1583 5264 xvr,
1601 5189 1647 5270 2).
1662 5195 1687 5254 Ο
1702 5192 1755 5254 tili

91 5293 227 5362 terame
240 5296 378 5354 ricruiue
389 5307 474 5363 mee,
491 5295 896 5366 neopouuesuomeubei
951 5289 1105 5361 bominis,
1122 5288 1217 5360 idest,
1235 5288 1439 5365 oproplreta,
1455 5289 1513 5365 qui
1526 5287 1675 5350 estllius.
1689 5289 1752 5350 ho-

100 5388 151 5449 tui
166 5390 258 5468 (Lev.
275 5405 373 5460 xv111,
386 5387 450 5466 21).
950 5386 1061 5458 minis,
1077 5385 1130 5448 sac
1147 5386 1242 5448 notas
1258 5386 1331 5447 vias
1346 5401 1436 5457 suas,
1452 5385 1751 5464 idest,iniquitates

139 5487 198 5547 His
226 5487 332 5548 modis
355 5485 528 5568 defunctus
561 5484 726 5561 offertum
750 5486 807 5564 qui
837 5501 897 5563 per
950 5499 1043 5554 suae,
1065 5483 1261 5554 Jerusalem,
1284 5482 1380 5555 idest,
1403 5481 1493 5543 tideli
1519 5483 1650 5554 animae,
1674 5483 1754 5563 quia

101 5585 228 5656 portam
243 5584 388 5647 civitatis
414 5582 551 5645 effertur
577 5583 665 5644 tilius
681 5583 804 5645 unicus.
824 5599 897 5644 ma·
945 5579 1074 5656 judicia
1092 5579 1150 5640 Del
1166 5579 1305 5656 abyssus
1318 5579 1432 5641 multa.
