4090 6426
314 325 371 402 43ss
934 309 1110 372 HONORII
1131 310 1176 370 111
1199 311 1348 372 ophim.
1914 313 1979 371 432

355 483 392 543 ln
408 479 541 543 nomine
552 476 675 538 sanctae
690 477 723 537 et
732 473 913 536 individue
925 471 1107 543 Trinitatis,
1164 468 1258 530 luero
1267 484 1425 531 coronam
1434 465 1583 544 adeptus.
1597 467 1769 545 Principes
1782 469 1900 530 autem
1913 471 1975 530 ini·

317 594 425 642 amen.
442 579 511 652 Ego
527 574 723 638 Fredericus
739 571 914 644 secundus,
928 571 988 633 Dei
1001 569 1109 648 gratia
1165 567 1250 644 perii
1273 567 1305 628 et
1332 564 1476 636 nobiles,
1507 579 1619 626 coram
1640 564 1758 642 quibus
1781 566 1918 643 jurari,
1947 569 1970 626 ii

317 681 543 740 Romanorum
568 689 639 748 rex,
666 686 797 749 semper
814 671 974 747 augustus
998 667 1032 730 et
1049 682 1111 728 rex
1165 667 1243 725 sunt
1258 685 1265 724 ε
1280 663 1443 724 ilenricus
1457 662 1660 737 argentinus
1672 663 1861 740 episcopus,
1877 665 1971 724 Hen-

317 775 452 845 Siciliae,
463 772 524 835 tibi
534 771 666 832 domino
677 784 749 831 meo
763 767 972 831 sanctissimo
981 765 1014 826 et
1023 763 1110 842 patri
1165 760 1255 822 ricus
1281 759 1477 822 Basiliensis
1508 760 1698 838 episcopus,
1729 759 1833 822 obbas
1858 763 1967 822 sancti

316 872 488 934 carissimo
499 869 645 932 Honorio
656 871 756 946 Papae
767 865 879 938 tertio,
888 865 1021 942 tuisque
1034 873 1111 924 suo-
1165 858 1262 932 Galli,
1284 859 1379 934 Hugo
1399 855 1502 920 abbas
1526 856 1764 935 Morbacensis,
1788 857 1967 920 (solfredus

317 975 884 1044 cessoribusetEcclesiaeRomanae,
892 967 1110 1048 praesentibus
1165 953 1541 1028 abba⁸d0Wiczib11r0‚
1563 954 1732 1028 ‘ribaldus
1752 953 1823 1020 (ΜΣ
1836 955 1966 1018 hotha-

317 1074 489 1152 susoriptis
503 1071 708 1151 onncipibus
723 1070 855 1148 imperii
875 1069 908 1132 et
929 1064 1107 1138 nobilibus,
1164 1061 1294 1138 ringiae,
1310 1077 1421 1124 comcs
1442 1063 1554 1136 Egone
1569 1060 1609 1122 de
1627 1061 1749 1135 Urahc,
1771 1075 1886 1124 comes
1902 1063 1966 1122 Lo-

317 1172 473 1250 spondeo,
491 1170 661 1249 polliceor,
682 1168 849 1247 promitto,
867 1166 901 1230 et
916 1168 1007 1244 juro,
1024 1162 1110 1242 quod
1164 1158 1313 1222 dowicus
1325 1159 1366 1220 de
1380 1158 1571 1230 Wirtiherc,
1588 1173 1698 1221 comes
1713 1159 1915 1220 Eserardus
1927 1159 1964 1219 de

316 1285 430 1333 omnes
454 1268 692 1346 possessiones,
720 1265 875 1338 honores,
900 1265 934 1326 et
949 1266 1028 1341 jura
1048 1264 1111 1324 Ro-
1165 1255 1359 1328 Helflnsten,
1382 1257 1547 1318 Hessricus
1571 1256 1612 1318 de
1637 1256 1761 1328 Niffen,
1782 1257 1816 1318 et
1839 1272 1961 1334 (luam-

315 1383 423 1430 manae
443 1365 611 1439 Ecclesiae,
632 1381 692 1443 pro
711 1377 809 1442 posse
827 1377 914 1436 mco,
936 1359 1024 1424 bona
1046 1357 1110 1420 tide
1164 1354 1276 1434 plures
1290 1354 1359 1417 alii.
1381 1353 1499 1417 Actum
1520 1353 1607 1431 apud
1628 1356 1857 1430 Hagenowem
1877 1371 1962 1417 anno

316 1466 488 1544 protegam
511 1463 544 1526 et
567 1462 717 1526 servabo.
743 1459 976 1524 possessiones
1000 1457 1110 1520 autam
1164 1461 1345 1524 Dominicae
1369 1460 1612 1523 Incarnationis
1635 1459 1813 1523 millesimo
1838 1459 1963 1522 duceu-

316 1577 400 1639 quas
415 1560 562 1623 Ecclesia
582 1562 732 1622 Romana
752 1557 971 1637 recuperarit,
988 1555 1110 1618 liberas
1164 1558 1283 1622 tesimo
1297 1573 1364 1620 non
1379 1557 1540 1630 odecimo,
1556 1573 1669 1619 mense
1686 1555 1884 1636 Septembri,
1907 1559 1960 1619 in-

318 1661 351 1722 et
370 1659 498 1738 quietas
520 1656 583 1718 sibi
612 1656 785 1730 dimittam,
809 1657 842 1718 et
861 1655 969 1733 ipsam
992 1652 1033 1716 ad
1053 1667 1111 1714 aas
1165 1655 1310 1719 dictione
1325 1655 1455 1718 octava.

317 1757 508 1818 retinendas
533 1755 619 1819 bona
645 1755 709 1818 tide
733 1751 868 1832 juvabo.
890 1754 979 1826 Quas
1001 1751 1111 1812 autem

317 1855 463 1916 nondum
484 1853 705 1932 recuperavit,
725 1851 857 1931 adjutor
876 1865 934 1914 ero
948 1849 991 1912 ad
1010 1863 1110 1911 recu·
1205 1853 1294 1925 Mox,
1307 1849 1387 1914 lolio
1399 1853 1467 1925 162,
1479 1852 1567 1914 idem
1576 1852 1721 1931 diploma
1732 1852 1908 1930 repetitur,
1921 1854 1962 1914 di·

318 1951 521 2028 perandum,
554 1951 587 2012 et
619 1949 890 2026 recuperatarum
931 1943 1111 2010 secundum
1166 1947 1272 2013 versis
1287 1949 1398 2012 tamma
1417 1949 1513 2012 initio
1533 1951 1566 2012 et
1584 1949 1750 2024 clausula,
1770 1951 1873 2028 prout
1891 1951 1961 2012 heic

317 2065 416 2126 posse
432 2063 542 2110 meum
565 2063 622 2111 ero
649 2048 722 2110 sine
743 2044 860 2108 fraude
885 2044 1058 2119 defensor3
1079 2041 1113 2105 et
1166 2045 1478 2124 subteximus3nam
1487 2045 1598 2109 brevis
1608 2048 1781 2127 cujusdam
1795 2049 1960 2125 periochae

317 2161 533 2224 quaecumque
547 2145 589 2208 ad
604 2159 824 2207 manusmeas
839 2141 1024 2214 devenient,
1039 2139 1112 2202 sine
1166 2145 1201 2207 in
1224 2144 1333 2208 medio
1358 2143 1505 2218 omissio,
1528 2145 1658 2206 librarii
1677 2145 1808 2208 incuria
1830 2147 1959 2207 accidit

318 2243 518 2308 difficultatew
540 2244 717 2326 rest‘tuere
749 2237 945 2320 procurabo.
972 2238 1022 2302 Ad
1050 2237 1112 2300 has
1205 2241 1886 2316 Frederlcusdivinalaventeclementia,
1905 2243 1961 2306 Ro

317 2342 460 2420 pertinet
481 2340 551 2404 tota
573 2341 674 2413 terra,
698 2340 844 2420 quaest
868 2355 888 2401 a
908 2335 1111 2401 Radicolano
1166 2355 1339 2402 manorum
1348 2338 1528 2418 imperator
1540 2342 1701 2418 augustus
1712 2341 1744 2403 et
1752 2356 1814 2402 rex
1825 2339 1958 2403 Sicilia.

318 2453 422 2516 usque
453 2441 675 2516 ceperanum,
698 2436 898 2500 exarchatus
922 2438 1110 2508 Rauennae,
1166 2440 1232 2499 Per
1251 2451 1399 2516 praesens
1414 2437 1571 2515 scriptum
1595 2436 1709 2499 notum
1730 2437 1874 2498 facimus
1897 2439 1961 2499 tam

319 2537 525 2615 Pentapolis,
550 2535 700 2598 marchia
724 2535 949 2604 anconitana,
972 2529 1111 2593 ducatus
1166 2533 1384 2613 praesentibus
1399 2551 1498 2612 quam
1513 2533 1644 2607 tuturis,
1662 2533 1747 2614 quod
1761 2533 1859 2597 nohis
1874 2535 1963 2596 exis·

319 2618 527 2711 Spoletanus,
544 2633 635 2696 terra
656 2631 833 2694 comitissae
853 2627 1034 2700 Mathildis,
1055 2643 1113 2689 oo·
1166 2631 1309 2694 tentibus
1328 2647 1416 2694 anno
1433 2631 1614 2710 praeterito,
1631 2633 1796 2694 inmense
1813 2634 1962 2710 Septem-

317 2731 452 2793 mitatus
466 2729 668 2801 Brutenorii,
683 2743 758 2791 oum
773 2726 1000 2807 adjacentibus
1011 2723 1112 2788 terris
1166 2727 1218 2790 bri
1243 2730 1368 2792 octavae
1389 2727 1596 2802 indictionis,
1619 2729 1707 2808 apud
1733 2732 1961 2806 Hagenowem

318 2828 486 2906 expressis
497 2827 534 2890 in
547 2827 661 2890 multis
676 2825 863 2905 privilegiis
874 2823 1112 2902 imperatorum
1166 2825 1239 2888 dori
1253 2825 1392 2889 fecimus
1412 2825 1575 2906 quoddam
1593 2825 1751 2905 scriptum
1767 2827 1809 2889 ad
1823 2828 1962 2890 manda-

317 2926 507 3002 atempore
532 2923 678 2986 Lodoici.
699 2926 767 2986 Has
788 2937 904 2986 omnes
927 2936 987 2999 pro
1014 2933 1112 2998 posse
1166 2926 1235 2986 tum
1248 2923 1403 2986 carissimi
1417 2924 1453 2985 in
1463 2923 1593 2986 Christo
1606 2924 1711 3002 patris
1721 2923 1847 2986 domini
1858 2925 1962 2986 nostri

319 3036 392 3083 meo
407 3020 600 3095 restituam,
628 3021 661 3084 ct
691 3019 801 3098 quiete
825 3018 1008 3087 dimittam,
1037 3031 1112 3078 cum
1167 3021 1289 3084 sanctae
1304 3023 1461 3084 Romanae
1474 3021 1762 3084 ecclesiaesummi
1777 3023 1960 3094 Pontificis,

318 3119 409 3180 omni
419 3118 663 3196 jurisdictione,
681 3117 832 3179 districtu
847 3117 880 3178 et
897 3114 1023 3178 honore
1038 3128 1110 3176 suc.
1166 3119 1199 3182 et
1212 3117 1403 3181 nuntiorum
1420 3121 1504 3198 ejus,
1518 3118 1604 3196 quod
1618 3118 1827 3182 continebat:
1842 3124 1886 3180 J„
1899 3134 1962 3180 no-

318 3217 554 3279 Verumtaman
575 3231 676 3293 quum
703 3213 744 3278 ad
768 3212 994 3291 recipiendam
1016 3225 1113 3274 coro-
1166 3220 1259 3278 miae
1270 3217 1409 3289 sanctor,
1427 3216 1502 3290 ete,
1515 3217 1551 3279 ut
1563 3231 1674 3294 supra.
1686 3218 1755 3279 Nos
1770 3217 1883 3278 autem
1894 3231 1963 3293 praa

318 3329 395 3376 nam
405 3314 548 3391 imiteris
560 3313 613 3376 vcl
623 3327 683 3391 pro
693 3311 947 3374 necessitatibus
956 3308 1112 3374 Ecclesiae
1166 3313 1273 3376 oculis
1283 3313 1443 3377 habentes
1458 3312 1644 3377 dilectionis
1659 3317 1691 3377 et
1701 3315 1817 3390 gratiae
1832 3317 1963 3393 purita-

319 3411 361 3474 ab
382 3411 572 3489 apostolica
594 3411 678 3473 Sede
699 3409 835 3473 vocatus
863 3424 1047 3482 accessero,
1071 3407 1112 3470 de
1165 3413 1242 3483 tem,
1264 3427 1362 3490 quam
1376 3410 1553 3490 praedictus
1569 3412 1665 3490 pater
1681 3413 1963 3475 nosterSummus

318 3509 474 3572 mandato
486 3509 614 3572 Summi
623 3506 807 3581 Pontificis,
817 3508 979 3586 accipiam
991 3522 1112 3586 procu-
1166 3507 1320 3572 Pontifex
1335 3509 1371 3571 in
1387 3509 1501 3571 nostra
1519 3509 1727 3588 promotione
1748 3509 1964 3572 laudabiliter

317 3608 482 3671 rationem
492 3607 533 3670 ab
548 3607 608 3670 eis.
622 3605 763 3683 Adjutcr
774 3605 875 3668 etiam
890 3621 947 3667 ero
967 3606 1008 3668 ad
1029 3605 1113 3668 reti-
1166 3605 1369 3684 dignoscitur
1376 3605 1544 3680 habuisse,
1559 3607 1592 3669 et
1605 3605 1691 3685 quod
1703 3607 1883 3669 debonoin
1897 3623 1963 3669 me

317 3706 462 3768 nendum
481 3705 514 3766 et
528 3703 768 3766 defendendum
782 3701 938 3764 Ecclesiae
954 3705 1110 3764 Romanae
1165 3704 1230 3765 lius
1240 3702 1282 3765 ad
1292 3703 1528 3765 exaltationem
1537 3703 1685 3766 nostram
1696 3704 1847 3777 intendit,
1860 3705 1964 3782 scrip

317 3817 457 3881 regnum
488 3801 622 3863 Siciliae.
652 3800 726 3862 Tibi
752 3799 855 3862 etiam
879 3798 1012 3862 domino
1037 3815 1110 3862 meo
1164 3801 1234 3864 tum
1249 3801 1358 3879 ipsum
1370 3799 1961 3878 sicutoontineturs1periuscontir-

317 3901 464 3964 Honorio
477 3903 576 3977 Papae
584 3897 617 3960 et
628 3896 878 3959 successoribus
889 3895 967 3968 tuis,
981 3913 1111 3958 omnem
1165 3914 1294 3960 mamus
1319 3897 1519 3961 etvolumus
1539 3897 1580 3959 ab
1602 3899 1755 3960 omnibus
1776 3898 1960 3960 observari.

318 3997 540 4061 obedientiam
567 3995 601 4058 et
619 3992 907 4057 honorificentiam
935 3992 1109 4065 exhibebo,
1142 4065 1143 4068 Ἴ
1165 3995 1204 4056 et
1222 3994 1263 4055 ad
1280 3997 1441 4072 mmorem
1455 3995 1666 4059 securitatem
1686 4011 1833 4072 praesens
1854 3997 1966 4073 scrip-

318 4111 417 4172 quam
432 4093 541 4156 devoti
563 4092 597 4154 et
616 4091 772 4154 catholici
793 4089 1010 4166 imperatores
1031 4107 1112 4153 oon·
1164 4089 1317 4153 tumfleri
1327 4088 1476 4165 fecimus,
1486 4089 1577 4153 bulla
1586 4108 1687 4154 aurea
1695 4093 1827 4170 typario
1837 4095 1964 4155 nostrae

318 4189 497 4252 sueverunt
517 4188 594 4249 Sedi
615 4187 813 4265 Apostolicae
834 4186 1003 4248 exhibere.
1028 4187 1111 4250 Etsi
1165 4188 1348 4267 majestatis
1368 4186 1529 4265 impressa
1548 4187 1735 4251 formatum.
1756 4191 1874 4252 Datum
1892 4191 1964 4250 Ca-

318 4289 453 4365 propter
473 4285 641 4360 negotium
664 4300 774 4345 meum
796 4287 979 4346 Romanam
997 4284 1113 4346 Eccle-
1164 4302 1254 4363 puae,
1277 4286 1352 4364 post
1375 4285 1502 4348 curiam
1523 4286 1716 4350 solemniter
1742 4286 1961 4360 celebratam,

318 4386 402 4448 siam
417 4381 600 4460 oportuerit
613 4379 785 4442 incurrere
801 4396 971 4458 guerram,
990 4381 1112 4446 subve-
1165 4395 1252 4445 anno
1262 4383 1443 4446 Dominicae
1455 4383 1698 4448 Incarnationis
1711 4384 1889 4446 millesimo
1904 4386 1966 4447 du-

317 4483 407 4544 niam
437 4481 468 4541 ei
504 4478 590 4540 siout
620 4479 802 4540 necessitas
829 4479 1046 4556 postulaverit
1074 4479 1111 4542 in
1165 4481 1348 4543 centesimo
1359 4481 1520 4558 vigesimo
1531 4481 1651 4560 primo,
1666 4483 1965 4558 menseJanuario,

318 4578 484 4657 expensis.
501 4576 917 4654 Omniaverosupradicta
930 4577 999 4640 tam
1008 4579 1109 4656 jura·
1164 4575 1345 4640 indictione
1372 4594 1478 4652 nona,
1510 4581 1544 4641 et
1574 4595 1664 4642 anno
1694 4579 1825 4657 imperii
1852 4581 1966 4643 nostri

316 4677 426 4742 mento
440 4691 539 4756 quam
558 4675 680 4752 scripto
701 4673 838 4737 drmabo
858 4690 959 4752 quum
977 4674 1113 4753 imperii
1164 4673 1283 4752 primo,
1295 4673 1446 4739 feliciter.
1462 4679 1579 4739 Amen.
