4084 6428
319 379 381 448 843
788 375 1508 440 HONOR11incubitu-SDRMONEs.
1912 375 1976 436 641

301 553 420 608 ιιιιιιιιι
442 538 555 602 vinum
578 537 731 610 confluit,
756 537 803 600 ita
825 554 945 616 corpus
966 539 1112 612 Domini,
1168 540 1214 600 od
1226 539 1386 610 mortem,
1401 533 1677 600 moriemautcm
1687 536 1811 598 macic
1826 535 1976 596 Humilis

317 636 403 712 quod
419 637 459 697 de
475 636 613 712 Virgine
635 636 785 713 sumpsit,
810 651 853 698 ex
875 636 988 698 multis
1010 651 1115 698 mem·
1168 635 1695 712 enimtuitquiaquumtnsoraaa
1703 635 1768 694 Dct
1781 633 1888 704 esset,
1905 647 1975 694 reon

316 731 386 794 bris
401 734 493 810 puris
509 733 550 794 ab
561 733 650 794 omni
665 735 792 810 peccati
809 735 938 796 macula
951 733 1112 794 immuni·
1168 737 1332 808 rapinam
1351 731 1607 794 arcionensem
1621 734 1877 804 csseaequaicm
1887 734 1972 803 Deo,

316 829 378 892 bus
401 831 562 893 consistit.
588 831 690 892 Totus
711 831 801 892 enim
823 832 973 894 Christus
988 833 1038 894 est
1053 831 1113 892 sub
1167 834 1227 892 scd
1241 831 1462 903 semetipsum
1477 827 1684 900 cmirmrztoit,
1703 830 1859 901 sorbeam
1875 833 1974 888 serui

318 929 429 1004 specie
442 928 549 1005 panis,
565 930 598 988 et
612 929 700 989 totus
715 928 775 988 sub
791 930 901 1005 specie
915 930 996 991 vini.
1009 932 1045 990 ln
1061 929 1113 991 bis
1168 932 1339 1002 occipiens
1365 927 1399 990 et
1422 927 1539 988 babitu
1559 926 1721 986 inventus
1744 926 1783 986 ut
1806 930 1924 1010 borno.
1948 927 1973 986 0

317 1028 428 1087 autem
450 1025 577 1087 duobus
601 1041 637 1086 se
660 1025 735 1087 ideo
755 1026 855 1098 dedit,
872 1027 908 1088 ut
927 1026 1114 1089 ostenderet
1168 1024 1412 1088 inaestimabilis
1440 1021 1583 1100 Spiritus
1624 1022 1737 1084 Sancti
1779 1021 1971 1095 humilitas,

316 1139 353 1184 se
365 1123 467 1184 totam
481 1123 633 1184 naturam
647 1123 836 1195 humanam,
845 1124 940 1198 idest,
950 1140 1069 1200 corpus
1082 1123 1115 1184 et
1169 1139 1242 1201 quae
1258 1139 1325 1184 non
1341 1121 1521 1184 secundum
1536 1136 1637 1198 opera
1652 1135 1725 1198 quae
1738 1119 1883 1182 fecimus
1896 1135 1970 1193 nos,

317 1220 462 1281 animam
477 1221 709 1296 assumpsisse,
732 1222 767 1284 ut
783 1223 957 1300 utrumque
972 1222 1116 1283 redime-
1169 1221 1226 1283 sed
1250 1220 1429 1282 secundum
1454 1217 1548 1280 suam
1571 1217 1837 1280 misericordiam
1858 1217 1973 1280 salvos

316 1318 378 1380 ret.
404 1318 504 1378 Panis
527 1333 606 1394 ergo
627 1318 669 1380 ad
691 1334 811 1396 corpus
832 1319 985 1392 retertur,
1000 1319 1114 1382 vinum
1169 1335 1230 1380 uos
1243 1319 1322 1380 lecit
1344 1321 1395 1380 10
1414 1317 1525 1379 Patris
1546 1305 1800 1394 potentia,'quae
1815 1330 1878 1392 per
1893 1332 1972 1378 cni-

315 1415 357 1476 ad
379 1416 536 1488 animam,
553 1417 632 1493 quia
645 1416 760 1478 vinum
784 1418 980 1493 sanguinem
996 1433 1116 1494 opera·
1170 1433 1241 1478 cem
1265 1417 1394 1479 hostem
1416 1414 1603 1492 improbum
1626 1413 1809 1490 superavitt
1841 1415 1867 1475 Ο
1893 1413 1971 1474 Filii

315 1513 370 1574 tur
384 1512 419 1573 in
435 1528 500 1588 quo
514 1513 610 1574 sedes
625 1514 745 1575 animm
763 1530 783 1576 a
801 1515 949 1591 physicis
971 1531 1044 1577 esse
1063 1514 1115 1576 di·
1169 1515 1344 1592 sapientia,
1359 1529 1432 1591 quae
1443 1513 1483 1575 ad
1497 1513 1606 1574 crucis
1617 1512 1763 1589 stipitem
1779 1513 1971 1588 serpentem

316 1609 414 1670 citur.
429 1609 505 1670 Ideo
522 1625 601 1686 ergo
622 1611 658 1670 in
680 1610 808 1672 duabus
828 1612 1001 1688 speciebus
1025 1613 1115 1674 cele-
1169 1613 1325 1675 callidum
1347 1612 1512 1689 alligavitt
1538 1613 1563 1672 0
1587 1610 1730 1687 Spiritus
1752 1609 1867 1672 Sancti
1898 1611 1972 1686 pie-

316 1704 433 1768 bratur
465 1706 528 1766 hoc
562 1708 829 1779 Sacramentum,
863 1709 899 1770 ut
928 1711 1048 1772 animae
1081 1712 1112 1772 et
1167 1713 1231 1784 tas,
1253 1727 1325 1788 quae
1347 1711 1383 1771 in
1403 1725 1501 1772 cruce
1523 1708 1663 1770 crimina
1688 1707 1803 1768 nostra
1827 1706 1970 1768 larittO

316 1802 466 1880 corporis
486 1803 652 1880 susceptio
676 1804 831 1866 credatur
850 1805 884 1865 in
907 1807 1056 1880 Christo,
1081 1809 1113 1868 et
1168 1809 1294 1884 lignum
1309 1808 1466 1876 salutare,
1482 1807 1517 1866 in
1532 1822 1596 1883 quo
1611 1805 1704 1866 salus
1718 1805 1832 1868 nostra
1847 1819 1971 1881 pepen-

315 1900 487 1978 utriusque
497 1899 649 1963 liberatio
660 1901 695 1962 in
704 1901 799 1962 nobis
809 1902 1024 1977 significetur,
1035 1906 1113 1981 quia
1168 1907 1235 1968 diti
1251 1905 1388 1968 Oarbor
1406 1903 1577 1966 fructifera
1593 1919 1636 1965 cx
1659 1916 1723 1980 qua
1744 1901 1872 1963 fructus
1891 1902 1968 1963 vitae

315 2012 375 2074 per
388 2012 509 2074 corpus
521 2013 660 2074 corpora
676 1998 827 2060 Christus
839 1999 991 2073 redemit,
1007 2003 1041 2063 et
1055 2017 1114 2078 per
1168 2003 1369 2080 percipituri
1386 2006 1412 2064 0
1426 2003 1536 2080 palma
1549 2000 1711 2072 victoriae,
1727 2015 1770 2061 ex
1782 2014 1849 2075 qua
1863 1999 1891 2059 ii
1911 2000 1967 2076 qui

314 2095 460 2156 animam
473 2095 602 2156 animas
617 2094 784 2157 liberavit.
1167 2101 1203 2162 in
1216 2101 1323 2162 stadio
1338 2101 1488 2172 currunt,
1511 2099 1608 2160 modo
1630 2097 1844 2169 coronantur,
1865 2097 1901 2158 et
1917 2113 1969 2157 ac·

355 2193 501 2253 Tertium
512 2193 777 2255 estcousecratio
789 2194 991 2256 chrismatis.
1003 2196 1114 2258 Chris·
1167 2199 1294 2276 cipiunt
1308 2199 1453 2276 palmas!
1471 2197 1551 2272 Quis
1560 2196 1651 2257 enim
1666 2209 1807 2274 pensare
1821 2193 1969 2255 sufficiat

315 2305 369 2351 ma
382 2290 556 2352 coniicitur
566 2291 691 2352 exoleo
705 2291 906 2354 ethalsamo.
924 2296 989 2354 Per
1002 2295 1111 2356 oleum
1168 2298 1300 2373 quantae
1324 2296 1523 2357 humilitatis
1551 2293 1662 2365 fuerit,
1691 2291 1778 2369 quod
1802 2291 1965 2352 Dominus

314 2387 462 2450 charitas
486 2388 700 2464 intelligitur,
724 2389 803 2466 quia
824 2391 912 2452 sicut
929 2391 1039 2452 oleum
1055 2408 1114 2452 su·
1167 2395 1243 2457 coeli
1258 2395 1400 2456 etterrae
1421 2407 1523 2454 carne
1541 2389 1674 2453 mortali
1702 2387 1796 2450 indui
1810 2389 1922 2451 voluit
1935 2389 1968 2450 et

314 2484 469 2562 pernatat
492 2485 660 2546 universis
680 2484 881 2562 liquoribus,
905 2487 951 2548 ita
966 2488 1112 2550 charitas
1167 2493 1327 2568 cruciligi,
1341 2491 1522 2552 etmortem
1537 2487 1743 2566 corporalem
1753 2487 1844 2563 petii

314 2583 437 2644 eminet
452 2581 618 2644 universis
632 2582 819 2645 virtutibus.
846 2584 939 2646 Unde
962 2585 1110 2646 Paulus:
1207 2593 1245 2652 ln
1259 2589 1412 2650 omnibus
1431 2585 1588 2649 membris
1611 2586 1682 2646 suis
1704 2600 1822 2662 passus
1844 2587 1906 2656 est,
1930 2585 1965 2644 ut

312 2680 558 2753 majoritatem
581 2684 635 2743 bis
657 2681 709 2742 est
731 2683 894 2744 ebaritas.
918 2685 984 2744 Per
995 2682 1112 2746 halsa-
1167 2689 1279 2750 nostra
1295 2703 1370 2748 ossa
1383 2685 1564 2763 repararet,
1581 2686 1615 2746 et
1632 2684 1668 2744 in
1687 2683 1740 2744 his
1760 2683 1873 2744 tamen
1889 2699 1963 2743 om-

314 2795 403 2842 mum
417 2777 497 2839 tides
515 2778 718 2854 designatur,
735 2779 823 2855 quia,
841 2781 927 2842 sicut
940 2780 1022 2844 odor
1035 2781 1110 2842 bal·
1166 2786 1264 2847 nibus
1279 2786 1414 2862 peccata
1427 2785 1551 2854 nostra,
1566 2781 1662 2852 idest,
1673 2796 1804 2858 poenam
1815 2781 1966 2856 peccato·

313 2876 511 2937 semilatius
527 2875 723 2941 diffunditur
737 2878 867 2939 caeteris
880 2878 1048 2950 odoribus,
1064 2880 1110 2941 ita
1166 2900 1240 2946 rum
1267 2884 1456 2944 nostrorum
1486 2879 1623 2957 pertulit
1653 2879 1689 2940 iu
1722 2892 1863 2954 corpore
1891 2893 1962 2938 suo.

314 2971 396 3033 tides
410 2973 531 3032 Christi
544 2972 696 3034 omnibus
709 2973 886 3036 virtutihus
901 2991 961 3051 per
974 2976 1113 3038 univer·
1166 2983 1262 3053 Nam,
1282 2981 1360 3058 quia
1379 2980 1451 3056 ipse
1465 2979 1637 3054 ingressus
1652 2979 1703 3037 est
1717 2974 1879 3036 mundum
1893 2975 1964 3034 sine

316 3085 389 3130 sum
405 3067 517 3129 orbem
534 3068 687 3130 diffusius
709 3069 876 3132 dilatatur.
899 3071 1113 3148 UndeApos-
1165 3078 1307 3150 macula,
1332 3078 1366 3140 ct
1391 3075 1561 3155 peccatum
1582 3089 1650 3137 non
1671 3073 1761 3146 iecit,
1783 3087 1846 3134 nec
1867 3073 1963 3134 dolus

313 3166 401 3227 tolus
418 3185 426 3225 ι
446 3168 548 3226 Fides
571 3167 690 3227 vestra
704 3167 1111 3232 arzaucttatoruniocrso
1165 3175 1321 3236 inventus
1343 3175 1395 3236 est
1421 3175 1457 3235 in
1479 3189 1536 3236 ore
1555 3174 1643 3249 ejus,
1669 3171 1825 3248 princeps
1849 3169 1962 3230 mnndi

313 3265 442 3324 mundo
458 3260 567 3340 (Rom.
583 3277 607 3334 1,
624 3259 670 3340 8).
687 3265 752 3325 Per
772 3262 975 3328 ablutionem
990 3266 1110 3342 pedum
1164 3271 1264 3349 hujus
1279 3286 1346 3333 non
1361 3271 1477 3334 habuit
1491 3271 1525 3331 in
1541 3285 1580 3332 eo
1595 3267 1786 3346 quidquam.

314 3359 490 3437 implemus
505 3359 588 3422 illud
607 3361 693 3438 quod
708 3361 866 3424 Dominus
882 3363 1032 3441 praecipit
1044 3379 1109 3426 no·
1204 3369 1281 3431 Tria
1305 3370 1381 3431 sunt
1404 3385 1477 3447 quae
1510 3367 1645 3446 peccata
1667 3365 1859 3428 redimunt:
1883 3379 1963 3425 vera

312 3457 386 3520 his:
411 3463 621 3532 boematum
638 3461 716 3521 dedi
741 3463 834 3523 vobis
855 3462 894 3522 ut
924 3463 959 3524 ct
981 3477 1041 3524 vos
1060 3464 1110 3524 tto
1164 3465 1367 3540 innocentia,
1379 3466 1529 3528 districta
1549 3463 1963 3542 penitenua‚v01untaria

311 3559 459 3632 factatis.
476 3558 541 3618 Per
561 3556 775 3618 resectionem
797 3557 887 3620 aliud
909 3561 1109 3638 praeceptum
1164 3564 1385 3642 eleemosyna.
1394 3565 1493 3641 Siqui
1504 3561 1686 3640 pudibundi
1696 3560 1815 3622 suntet
1825 3563 1963 3638 peccata

311 3655 444 3717 Domini
468 3654 699 3732 adimplemus,
716 3670 780 3732 quo
802 3655 905 3720 dixit:
922 3658 1002 3719 Date
1017 3659 1109 3720 eleo·
1164 3679 1224 3725 sna
1239 3665 1367 3739 majora
1387 3663 1421 3724 et
1434 3662 1565 3722 minora
1584 3658 1737 3722 confiteri
1749 3656 1961 3730 erubescunt,

310 3752 537 3830 mosynam,et
551 3753 662 3814 omnia
681 3753 804 3814 munda
819 3755 1001 3818 suntvohis
1013 3753 1105 3836 (Luc.
1163 3760 1335 3824 attendant
1348 3758 1566 3836 ignominiam
1587 3757 1707 3828 crucis,
1730 3771 1830 3833 quam
1846 3755 1964 3816 Domi-

308 3867 357 3923 ¹1,
371 3850 437 3930 41)·
1162 3873 1226 3920 nus
1253 3857 1401 3919 humeris
1434 3857 1504 3918 suis
1532 3854 1687 3932 portavit,
1721 3853 1755 3914 et
1780 3852 1812 3914 ei
1839 3867 1963 3928 corpus

1163 3971 1259 4016 suum
1293 3953 1334 4016 ah
1372 3954 1463 4016 omni
1497 3951 1633 4030 peccato
1667 3951 1815 4012 immune
1841 3949 1961 4022 affixit,

646 4045 774 4131 XXIV
1162 4053 1268 4114 morte
1277 4051 1471 4129 turpissima
1481 4049 1728 4120 condemnatus,
1743 4048 1780 4109 ut
1794 4063 1855 4124 per
1868 4047 1962 4108 illam

1162 4149 1418 4226 ignominiosam
1428 4147 1691 4210 erubescentiam
1704 4147 1852 4207 nostram
1868 4160 1963 4206 sane-

495 4247 540 4307 ΙΝ
561 4247 631 4307 DIE
652 4247 938 4308 PARASCDVEN.
1162 4263 1246 4320 mur,
1264 4248 1296 4309 et
1315 4247 1449 4324 peccata
1473 4245 1587 4306 nostra
1607 4243 1823 4305 abducentem
1839 4243 1962 4304 etcum

1161 4345 1291 4406 latrone
1311 4343 1508 4422 pendentem
1529 4342 1565 4403 in
1584 4356 1683 4402 cruce
1705 4355 1907 4402 veneremur
1930 4343 1963 4402 et

347 4441 504 4505 Citrtstus
528 4442 722 4504 humiliavit
749 4443 973 4517 semetipsum
995 4445 1107 4519 suctus
1161 4441 1350 4502 adoremus.

308 4543 466 4602 obedtcus
488 4554 596 4613 usquc
618 4541 663 4601 od
685 4539 844 4612 mortem,
868 4542 1017 4604 mortem
1037 4559 1105 4606 ato·
1202 4538 1357 4600 Suntalii
1370 4537 1572 4616 superbiqui
1585 4537 1720 4616 peccata
1731 4551 1791 4596 sua
1807 4535 1961 4597 confiteri

307 4639 376 4700 tem
387 4641 500 4699 crucis
516 4635 652 4716 (Philip.
667 4653 703 4710 ιι,
721 4635 767 4716 3).
1160 4637 1392 4713 dedignantur,
1410 4638 1443 4699 et
1453 4639 1611 4713 tanquam
1622 4650 1752 4712 semper
1767 4634 1960 4712 peccatores

346 4737 439 4798 Inter
451 4736 571 4798 caetera
583 4751 656 4812 qnae
668 4735 828 4796 Dominus
842 4738 861 4798 J
863 4752 939 4797 esus
954 4739 1103 4800 Christus
1160 4735 1325 4808 laetantur,
1339 4751 1438 4814 quum
1451 4733 1538 4796 male
1552 4733 1701 4804 iecerint,
1720 4733 1753 4793 et
1767 4731 1960 4793 exaltantur

304 4834 438 4896 virtutis
453 4834 605 4910 exempla
620 4833 830 4896 credentibus
845 4835 999 4908 ostendit,
1021 4853 1106 4914 qua·
1159 4833 1193 4893 in
1208 4831 1307 4894 rebus
1320 4832 1484 4909 pessimis.
1510 4831 1564 4902 Hi,
1586 4831 1614 4892 si
1634 4829 1755 4891 Filium
1778 4829 1839 4890 Dei
1855 4845 1960 4906 usque

304 4934 381 4996 tuor
393 4931 614 5011 spiritualiter
626 4931 776 5004 virtutes,
794 4933 946 4994 omnibus
963 4950 1106 5010 genera·
1158 4930 1200 4990 ad
1215 4930 1354 4992 mortem
1374 4928 1584 4990 humiliatum
1607 4926 1789 4998 attendant,
1809 4926 1844 5012 et
1858 4925 1961 5003 hujus

305 5033 384 5093 liter
411 5029 584 5107 proposuit
615 5029 656 5090 ad
693 5030 891 5106 exemplum,
924 5031 1101 5093 videlicet:
1157 5027 1234 5088 vitae
1250 5026 1525 5098 horamhrevem,
1541 5027 1576 5087 et
1593 5025 1691 5086 certae
1706 5023 1959 5086 mortisincer-

304 5128 544 5199 Humilitatem,
581 5127 787 5204 patientiam,
822 5125 1043 5192 obedientiam
1071 5129 1104 5191 et
1156 5125 1224 5186 tam
1250 5124 1367 5186 horam
1411 5123 1610 5200 intelligant,
1645 5123 1678 5184 et
1711 5121 1769 5198 qui
1804 5120 1960 5196 exemplo

304 5227 513 5297 charitatem,
526 5240 619 5303 quas,
632 5240 675 5286 ex
687 5225 864 5302 propositis
876 5225 986 5287 verbis
996 5230 1104 5303 Apos-
1158 5223 1279 5285 Christi
1295 5222 1418 5299 corrigi
1432 5221 1612 5294 noluerint,
1629 5220 1746 5282 saltem
1762 5219 1868 5280 morte
1882 5221 1958 5295 ejus

302 5325 374 5396 toli,
391 5325 426 5385 in
442 5324 514 5401 ipso
536 5323 639 5384 luisse
661 5323 877 5399 singulariter
889 5323 1102 5386 considerare
1157 5320 1325 5397 perterriti
1349 5320 1572 5396 corrigantur,
1603 5319 1639 5380 ut
1662 5334 1737 5379 cum
1761 5317 1959 5379 centurione

303 5422 471 5483 debemus.
497 5419 676 5481 Humilitas
697 5419 785 5481 enim
805 5421 1053 5482 commendatur
1067 5422 1102 5482 in
1157 5419 1292 5481 dicant:
1314 5423 1399 5479 Vere
1423 5421 1532 5479 Filius
1556 5420 1620 5479 Det
1643 5415 1721 5479 crat
1741 5415 1810 5477 istc
1824 5413 1958 5493 (matth.

303 5533 342 5579 eo
359 5518 444 5595 quod
462 5517 533 5578 ait:
557 5518 764 5579 Humiliavtt
791 5519 1025 5592 semetipsum.
1042 5522 1103 5582 Pa·
1157 5533 1264 5588 xxvii,
1279 5514 1345 5594 54).

302 5615 433 5686 tientia,
450 5615 640 5677 obedientia
659 5617 691 5677 et
706 5615 1101 5679 charitascommendan-
1197 5615 1279 5677 Sunt
1302 5613 1360 5675 alii
1388 5613 1445 5690 qui
1465 5613 1647 5690 gravedine
1661 5611 1873 5690 peccatorum
1888 5609 1959 5670 lere

301 5713 404 5776 turin
424 5712 563 5789 eoquod
582 5712 653 5774 ait:
679 5713 977 5776 Factusobcdiens
994 5731 1119 5790 usque,
1156 5713 1292 5774 omnino
1314 5712 1496 5789 desperati;
1529 5711 1565 5772 hi
1587 5725 1661 5772 cum
1694 5708 1871 5786 discipulis
1901 5707 1958 5786 qni
