4076 6420
74 283 132 354 721
582 281 628 353 IN
649 285 855 352 DOMINIGA
877 285 1224 355 SEPTUAGESIMAE·
1666 287 1727 351 722

115 451 207 512 Hora
222 463 313 510 nona
327 448 396 510 exii
426 448 461 510 in
477 450 668 528 Prophetis,
684 451 781 526 idest,
797 468 872 513 nra-
928 452 1006 529 quia
1032 452 1072 514 de
1093 452 1167 530 ipsa
1186 452 1362 528 utrumque
1380 446 1512 524 legitur,
1540 445 1604 511 tuit
1621 463 1724 528 syna-

77 547 249 610 uiiestavit
267 563 304 608 se
324 563 384 626 per
404 547 583 626 prophetas
603 565 624 610 a
642 549 790 628 tempore
813 553 875 612 Sa·-
928 566 1023 627 goga.
1041 551 1135 612 Unde
1150 566 1210 627 per
1223 547 1403 612 Jeremiam
1419 545 1597 608 Dominus:
1618 551 1725 610 Viaca

77 645 197 708 maelis
226 645 285 722 qui
313 645 410 708 unxit
437 645 541 708 David
565 645 600 710 in
630 663 764 726 regem,
796 649 874 726 quia
927 663 1006 711 meo
1020 649 1136 720 eiecta,
1152 661 1215 724 epo
1230 648 1264 708 te
1280 646 1447 720 plantavi.
1464 647 1724 712 oalrmoaooon·

78 739 215 820 spiritus
235 745 309 804 erat
331 743 367 805 in
390 744 577 821 Prophetis,
597 761 657 822 per
675 762 773 824 quern
795 761 875 824 pro*
927 757 1031 806 versa
1060 757 1099 806 es
1127 747 1165 804 la
1191 742 1464 804 amaritudinem
1492 740 1575 802 aitte
1602 744 1724 802 aliena

75 839 258 917 phetabant
272 841 306 902 et
318 841 543 917 praedicebant
559 841 682 905 futura.
697 845 738 906 Et
752 843 874 906 dicitiu-
929 840 1063 921 (ierem.
1080 857 1117 914 11,
1130 838 1202 920 21)r
1212 841 1336 902 Audita
1354 841 1482 914 populi,
1498 839 1676 900 convenite
1689 837 1724 900 ei

75 936 157 1000 hora
176 953 279 1010 nona,
300 938 378 1015 quia
397 939 572 1018 Prophetae
587 941 822 1018 promittebant
841 943 874 1006 et
919 939 1076 1012 iodaate
1093 939 1188 1002 tator
1204 953 1261 1002 ma
1281 938 1316 1000 et
1328 941 1468 1002 stacam
1486 951 1613 998 mam.
1637 937 1723 1004 maid

75 1033 312 1098 desiderabant
327 1034 485 1098 colestia.
504 1037 594 1100 Hora
606 1039 695 1100 enim
715 1054 803 1102 nona
821 1041 872 1101 si·
926 1038 1019 1100 ultra
1034 1039 1094 1100 tibi
1107 1041 1235 1112 facere,
1251 1039 1353 1098 aiaea
1376 1047 1464 1106 maa,
1480 1034 1581 1108 potat
1599 1033 1632 1096 et
1652 1047 1723 1096 aaa

74 1131 229 1208 gnificari
242 1133 352 1196 solent
366 1134 514 1197 coelestia
529 1137 664 1214 propter
682 1151 801 1200 novem
816 1154 873 1202 or·
926 1137 1016 1210 secti
1040 1135 1097 1216 (ls.
1121 1150 1155 1208 v,
1179 1133 1225 1214 3).
1248 1136 1315 1196 Pro
1332 1134 1366 1195 te
1391 1133 1432 1194 de
1455 1131 1564 1194 Patris
1594 1131 1723 1208 gremio

73 1229 167 1291 dines
183 1231 402 1307 Angelorum,
419 1233 452 1296 et
471 1234 520 1295 sic
537 1235 630 1308 exiit,
647 1235 743 1309 idest,
762 1237 873 1298 mani·
926 1233 1061 1296 clausus
1076 1249 1150 1294 sum
1165 1233 1199 1294 in
1219 1231 1368 1308 Virginis
1390 1231 1495 1302 utero,
1514 1229 1556 1291 de
1574 1228 1722 1306 spatioso
1822 1219 1829 1232 '

73 1326 208 1390 testarii
235 1329 444 1392 voluntatem
476 1347 570 1394 susm
603 1347 664 1410 per
688 1334 871 1412 Prophetas
926 1332 1073 1408 empireo
1085 1331 1120 1392 in
1135 1330 1264 1392 carnali
1279 1328 1458 1406 ergastulo,
1475 1329 1512 1390 ut
1530 1328 1568 1391 tu
1588 1326 1629 1389 de
1641 1341 1723 1388 vase

73 1439 176 1502 usque
191 1424 235 1486 ad
250 1427 438 1504 Apostolos.
925 1429 1015 1492 luteo
1028 1429 1161 1492 tandem
1183 1427 1333 1491 nascarts
1352 1427 1447 1489 coela.
1465 1430 1529 1488 Pro
1545 1425 1578 1486 te
1594 1424 1722 1487 deres-

110 1521 202 1584 Hora
221 1523 399 1588 undecima
419 1525 502 1590 exiit
515 1526 550 1589 in
567 1527 750 1606 Apostolis,
766 1529 870 1606 idest,
924 1528 1062 1590 timento
1093 1542 1259 1605 purpureo
1294 1525 1414 1603 pannis
1446 1523 1615 1586 involutus
1646 1539 1720 1584 sum

71 1618 300 1684 manifestarit
310 1623 514 1686 voluntatem
529 1641 623 1687 suam
637 1641 697 1704 per
708 1628 872 1704 praedica-
925 1625 1150 1698 mortalitatis,
1166 1625 1204 1687 ut
1226 1625 1263 1687 tu
1277 1623 1428 1685 induaris
1451 1621 1721 1683 uestimentosa·⁴

68 1717 192 1779 tionem
208 1719 456 1796 Apostolorum,
471 1724 549 1800 quia
564 1725 716 1802 Apostoli
727 1725 870 1804 dispersi
925 1723 1015 1786 lutis.
1036 1726 1102 1785 Pro
1120 1723 1153 1784 te
1172 1723 1269 1784 natus
1289 1721 1324 1781 in
1339 1718 1503 1796 angustiis
1522 1718 1717 1794 puerilibus,

70 1815 146 1877 sunt
166 1831 228 1892 per
247 1817 353 1878 totum
372 1819 498 1893 orbern,
521 1822 608 1884 sicut
621 1824 779 1900 praecepit
793 1825 868 1886 eis=
925 1821 965 1882 de
980 1821 1113 1882 excelso
1129 1819 1350 1897 soliopositus
1361 1834 1434 1879 sum
1451 1815 1720 1894 iu'praesepio,de

69 1912 121 1974 lta
144 1915 182 1974 ia
219 1917 427 1977 artemam
466 1921 647 1992 mundam,
681 1917 870 1996 praedicate
924 1918 1046 1982 lectulo
1058 1918 1176 1980 florido
1191 1919 1226 1980 in
1241 1918 1330 1979 sicco
1343 1916 1443 1988 foeno,
1464 1916 1500 1976 ut
1517 1915 1550 1976 te
1569 1913 1719 1974 reficiam

70 2011 304 2088 Evaapeitum
325 2017 420 2075 omni
449 2017 633 2089 creatora,
658 2017 870 2093 baptizantes
924 2017 1036 2079 cernis
1057 2033 1140 2078 meae
1159 2015 1293 2078 viatico.
1309 2018 1374 2075 Pro
1391 2015 1424 2074 te
1439 2013 1495 2088 qut
1514 2026 1634 2088 expers
1654 2009 1718 2071 do-

69 2120 126 2168 cos
144 2111 182 2169 ia
203 2123 345 2176 ammae
358 2111 482 2174 Patris
502 2113 536 2176 et
549 2117 641 2187 Filii,
664 2116 699 2177 et
716 2115 870 2191 Spiritus
923 2114 1004 2177 loris
1020 2130 1122 2186 eram,
1135 2111 1400 2174 circumcisionis
1411 2109 1559 2172 dolorem
1573 2106 1717 2170 sustinui

68 2205 203 2278 Sancti·
214 2209 276 2280 aui
289 2210 485 2282 wadiam,
495 2216 612 2274 salom
627 2213 696 2274 erit
701 2218 869 2288 ,patemo
923 2211 958 2272 in
972 2226 1084 2282 carne,
1101 2212 1137 2273 ut
1150 2211 1187 2272 tu
1201 2209 1451 2272 circumcidaris
1463 2208 1499 2268 in
1513 2207 1634 2268 mente.
1652 2207 1718 2267 Pro

68 2315 136 2362 aaa
156 2305 355 2377 crediderit,
367 2309 650 2371 condemnabitur·
664 2309 785 2389 (Marc.
797 2326 867 2384 xvr,
922 2311 955 2372 te
972 2308 1042 2384 iugi
1058 2309 1094 2369 in
1105 2309 1285 2386 AEgyptum
1302 2307 1343 2368 de
1366 2305 1439 2367 loco
1462 2304 1658 2366 deliciarum
1681 2303 1718 2363 in

54 2395 133 2476 ⁴25).
164 2401 205 2461 nt
228 2400 302 2462 haec
325 2403 407 2464 etas
430 2403 553 2467 dicitur
573 2406 656 2467 hora
680 2408 866 2482 undecima,
921 2406 1044 2471 vallem
1058 2406 1292 2484 lacrymarum,
1302 2405 1338 2466 ut
1352 2405 1387 2466 tu
1395 2403 1435 2465 ad
1447 2402 1589 2480 patriam
1599 2401 1717 2462 redeas

69 2496 157 2571 quia,
176 2497 213 2560 ut
227 2499 275 2560 ait
288 2501 464 2577 Apostolus
482 2523 490 2562 :
506 2504 576 2564 Nos
590 2519 716 2578 sumus,
732 2510 770 2567 in
784 2521 868 2581 auos
922 2504 1120 2580 animarum.
1132 2506 1198 2566 Pro
1209 2504 1241 2566 te
1253 2502 1452 2566 tentationes
1463 2500 1617 2572 sustinui,
1634 2499 1671 2560 ut
1679 2499 1717 2560 tu

68 2593 155 2663 tices
170 2601 378 2658 saeclorum
391 2601 605 2662 devenerant
622 2599 651 2680 (l
661 2604 735 2664 Gor.
751 2618 785 2675 x,
801 2603 866 2682 11).
922 2601 1188 2679 suggestionibus
1203 2617 1270 2664 non
1288 2599 1567 2663 succumbasPro
1584 2596 1717 2660 terolm

69 2690 162 2752 Unde
181 2693 445 2756 Joannesaitin
466 2695 637 2772 Epistola:
658 2699 864 2774 charissimi,
921 2700 963 2761 ad
988 2700 1176 2762 columnam
1196 2700 1295 2776 ligari
1320 2700 1352 2762 et
1375 2697 1551 2774 flagellari,
1575 2696 1612 2757 ut
1636 2695 1673 2758 tu
1695 2711 1716 2758 a

67 2793 262 2851 aeramina
274 2793 361 2852 hora
375 2792 427 2853 est
442 2789 471 2870 (l
485 2793 504 2854 J
506 2807 581 2854 oan.
595 2809 633 2868 11,
650 2794 714 2875 18).
920 2798 1089 2874 praedictis
1095 2797 1237 2861 vinculis
1250 2797 1435 2875 iniquitatis
1441 2796 1554 2857 valeas
1565 2792 1712 2856 liberari.

106 2887 148 2946 Et
163 2885 214 2946 sic
229 2888 327 2959 satit,
351 2887 449 2961 idest,
465 2890 624 2953 conduxit
643 2896 815 2970 operarios
830 2896 865 2957 in
921 2898 958 2956 ln
975 2896 1130 2957 maxillas
1145 2896 1257 2972 recepi
1281 2895 1416 2974 alapas,
1432 2893 1468 2956 ut
1487 2891 1623 2955 auribus
1646 2891 1714 2953 tuis

66 2982 201 3044 vineam
217 2996 321 3045 suam.
338 2987 445 3046 Vinea
458 2989 591 3050 Domini
605 2991 656 3054 est
668 2993 789 3054 Sancta
802 2996 866 3056 Ec-
918 2993 1084 3055 traderem
1097 2993 1346 3056 inestimabiles
1358 2991 1568 3068 margaritas.
1584 2989 1714 3052 Linitus

67 3079 171 3141 clesia
186 3079 227 3141 de
242 3097 305 3158 qua
321 3083 626 3148 diciturincantico
641 3089 862 3152 canticorum:
919 3091 1034 3168 sputis,
1064 3107 1171 3153 caesus
1196 3091 1365 3168 colaphis,
1388 3090 1425 3151 ut
1457 3086 1714 3151 circumdarerls

72 3180 179 3240 Vinea
201 3193 281 3242 mea
298 3181 419 3254 floruit
440 3181 546 3262 (Cant.
562 3199 599 3257 ll,
622 3183 687 3265 13.)
705 3190 797 3252 Tunc
810 3190 864 3252 ri·
917 3187 1132 3250 vernantibus
1156 3190 1256 3266 atque
1283 3186 1535 3250 coruscantibus
1561 3183 1711 3261 gemmis.

67 3291 145 3349 nea,
171 3276 259 3339 idest
283 3279 403 3340 Sancta
425 3281 574 3342 Ecclesia
597 3283 704 3358 floret,
730 3287 862 3364 quando
917 3287 1126 3363 Egogestari
1142 3287 1300 3364 incapite
1321 3301 1479 3348 coronam
1497 3284 1660 3361 spineam,
1677 3282 1715 3344 ut

66 3388 124 3448 per
137 3375 248 3436 studia
262 3374 423 3438 honorum
440 3395 578 3456 operum
595 3382 637 3442 ad
652 3384 787 3445 aeternae
802 3401 862 3446 re·
917 3380 1092 3444 tutandam
1102 3381 1223 3442 induas
1232 3397 1369 3442 auream
1380 3379 1645 3441 aureolam.Vita
1652 3393 1712 3455 pro

66 3473 307 3534 munerationis
339 3474 483 3537 fructum
510 3479 689 3553 pervenire
714 3481 860 3543 festinat.
916 3478 949 3540 te
972 3481 1117 3550 mortua,
1134 3479 1454 3549 uttumorticinum,
1469 3491 1647 3553 recuperes
1660 3475 1714 3537 ni-

66 3569 157 3630 Tunc
175 3571 293 3644 vinea,
314 3572 412 3644 idest,
433 3573 581 3634 Ecclesia
601 3575 708 3646 floret,
730 3579 863 3654 quando
916 3575 994 3637 tam
1009 3579 1075 3636 Pro
1087 3576 1223 3652 tejacui
1237 3575 1472 3652 in‘sepulchro,
1492 3575 1529 3635 ut
1542 3575 1579 3634 tu
1593 3572 1711 3633 sedeas

66 3662 143 3727 boni
154 3667 220 3730 viri
236 3668 270 3730 et
282 3669 440 3730 mulieres
455 3669 582 3733 iaciunt
594 3687 695 3748 opere
707 3674 863 3739 bonavi·
916 3671 950 3732 in
963 3673 1095 3734 excelso
1107 3672 1238 3734 throno
1252 3673 1316 3734 Sed
1329 3671 1518 3750 prohdolor
1532 3673 1539 3730 Ι
1554 3672 1622 3746 Ego
1635 3685 1712 3730 con·

64 3778 127 3826 nea
139 3764 253 3845 itaque
272 3766 402 3828 Domini
417 3767 467 3828 est
482 3769 682 3841 universalis
697 3773 858 3846 Ecclesia,
916 3769 1030 3846 ceptus
1044 3771 1079 3830 in
1094 3770 1244 3846 Virgine,
1260 3770 1317 3831 sed
1331 3771 1368 3832 tu
1380 3767 1566 3846 conciperis
1578 3767 1613 3828 in
1627 3766 1710 3828 libi-

66 3875 138 3937 quae
148 3863 191 3924 ab
201 3863 282 3924 Abel
289 3865 381 3941 justo
392 3880 496 3941 usque
506 3865 548 3926 ad
558 3867 710 3930 ultimum
720 3869 861 3934 eiectum
916 3867 1003 3929 dine.
1021 3871 1089 3944 Ego
1108 3868 1207 3945 ragio
1228 3869 1263 3930 in
1285 3868 1441 3946 praesepii
1468 3867 1573 3938 foeno,
1597 3864 1654 3928 sed
1674 3866 1711 3928 tu

65 3959 120 4034 qui
134 3960 171 4021 in
186 3961 252 4022 dne
265 3960 379 4022 mundi
393 3963 583 4025 nasciturus
598 3967 659 4039 ast,
675 3969 755 4044 quot
768 3983 862 4032 sanc·
916 3965 1060 4045 quiescis
1070 3966 1105 4026 in
1124 3966 1210 4028 lecto
1223 3965 1379 4029 eburneo.
1397 3969 1464 4042 Ego
1478 3964 1613 4026 indutus
1627 3979 1712 4040 pau-

65 4053 114 4115 tos
132 4058 270 4133 pertulit
291 4059 386 4136 quasi
399 4061 447 4124 tot
458 4062 611 4138 palmites
625 4065 726 4128 misit.
743 4067 806 4129 Sed
824 4069 861 4130 in
915 4064 1053 4142 pertatis
1075 4063 1200 4137 cilicio,
1215 4064 1274 4126 sed
1296 4065 1334 4125 tu
1355 4077 1512 4142 pompose
1532 4061 1660 4124 incedis
1675 4062 1711 4124 in

64 4153 211 4228 qualibet
224 4154 324 4216 vinea
338 4156 519 4220 suntbonae
534 4159 568 4220 et
579 4159 676 4223 malae
688 4162 783 4225 vites.
801 4167 862 4227 Bo·
914 4177 1062 4241 purpura
1078 4161 1111 4224 et
1124 4161 1235 4239 bysso.

64 4264 115 4311 nae
130 4252 216 4312 vites
231 4252 264 4312 et
277 4253 374 4314 malae
394 4255 472 4316 sunt
485 4257 569 4332 justi
583 4258 616 4320 et
636 4259 763 4336 injusti,
783 4265 861 4326 sunt
954 4263 1022 4337 Ego
1037 4259 1253 4321 cucumcisus
1272 4260 1308 4322 in
1327 4261 1445 4334 carne,
1456 4260 1512 4323 sed
1527 4260 1564 4322 tu
1576 4274 1711 4337 praepu-

64 4348 172 4408 sancti
187 4350 221 4409 et
231 4349 435 4425 peccatores,
448 4350 527 4413 boni
541 4355 575 4415 et
596 4356 686 4429 mali,
703 4359 859 4422 catholici
913 4359 995 4420 tium
1005 4360 1115 4435 gestas
1125 4358 1162 4420 iu
1172 4359 1291 4420 mente.
1301 4361 1370 4435 Ego
1382 4359 1505 4422 intravi
1515 4357 1707 4435 aegyptum,

64 4443 96 4504 et
109 4445 271 4520 haeretici,
287 4446 419 4523 reprobi
438 4447 471 4510 et
486 4449 592 4512 electi.
616 4455 707 4516 Bona
730 4457 809 4519 ritts
827 4457 860 4522 et
914 4441 981 4517 sed⁴
996 4457 1032 4518 tu
1054 4457 1163 4518 adhuc
1186 4457 1280 4518 sedes
1307 4473 1408 4534 super
1432 4457 1570 4518 flumina
1599 4455 1711 4532 Baby-

64 4555 141 4604 rera
161 4543 213 4606 ast
237 4544 387 4608 Christus
402 4546 458 4625 qui
479 4549 636 4624 produxit
649 4553 770 4616 multos
786 4555 859 4634 pal·
912 4553 1010 4616 lonis.
1036 4557 1104 4631 Ego
1125 4555 1275 4617 laboravi
1290 4554 1324 4614 in
1335 4555 1477 4632 jeJunia
1496 4553 1553 4615 sed
1570 4554 1607 4616 tu
1621 4570 1707 4631 epu-

63 4639 170 4714 mites,
194 4641 290 4712 idest,
309 4642 366 4721 qui
385 4643 543 4721 produxit
565 4647 685 4710 multos
700 4653 810 4728 justos
825 4656 859 4717 et
912 4652 1708 4731 larissplendide,utmultipliciquiesoasedulio.

64 4739 205 4810 sanctos,
220 4739 306 4802 sicut
330 4740 402 4818 ipse
417 4741 502 4804 dixit
521 4743 555 4804 in
568 4747 767 4822 Evangelio:
783 4753 857 4828 Epo
912 4753 979 4828 Ego
1001 4751 1204 4813 tentationes
1226 4751 1379 4824 sustinui,
1406 4751 1464 4812 sed
1486 4753 1525 4813 tu
1551 4750 1707 4826 parvulos

63 4846 139 4896 surra
164 4837 247 4902 otiis
275 4853 381 4912 vera,
411 4840 445 4902 ei
471 4855 532 4903 vos
555 4845 719 4917 palmites
745 4846 855 4927 (loen,
910 4849 985 4911 tuos
999 4849 1040 4910 ad
1056 4851 1184 4926 petram
1199 4866 1266 4911 non
1287 4849 1411 4918 allidis,
1425 4848 1484 4910 sed
1505 4848 1623 4910 nutris.
1640 4850 1708 4924 Ego

63 4943 117 5004 Π,
134 4931 179 5013 1)·
448 4949 463 4966 ⁸
910 4948 953 5010 ad
975 4947 1162 5009 columnam
1186 4948 1319 5024 ligatus,
1346 4947 1402 5010 sed
1426 4950 1463 5009 tu
1483 4945 1646 5008 effrenata
1665 4945 1709 5006 li-

101 5032 189 5092 vera
202 5032 281 5095 vitis
295 5032 355 5096 tuit
365 5033 525 5109 Christus
543 5038 621 5115 quia
631 5040 788 5118 produxit
801 5043 857 5107 ho·
910 5045 1038 5107 hertate
1052 5046 1186 5122 vagaris
1209 5061 1269 5124 per
1292 5062 1426 5124 campos
1447 5046 1590 5107 licentis
1606 5047 1640 5108 et
1653 5060 1709 5106 vo-

63 5139 121 5186 nos
140 5129 279 5202 tructus,
298 5131 395 5205 idest,
412 5135 468 5210 qui
491 5131 571 5198 tecit
591 5137 712 5200 bonum
728 5141 852 5215 sinum,
910 5143 1154 5220 luptatis.Proh
1165 5144 1287 5220 pudori
1305 5147 1373 5221 Epo
1384 5144 1491 5222 alapis
1507 5143 1705 5220 flagellatus,

62 5237 128 5329 non
144 5229 285 5300 acetum,
306 5229 392 5292 sicut
411 5231 481 5309 ipse
496 5233 576 5297 dicit
596 5237 855 5312 perEcclesias-
909 5242 967 5303 sed
991 5246 1028 5302 tu
1052 5241 1246 5304 rubicundis
1281 5243 1421 5319 gennis
1452 5242 1601 5304 ornatus
1638 5244 1705 5318 Ego

62 5321 181 5384 ticum:
197 5325 270 5402 Epa
285 5331 384 5401 paasl
395 5330 476 5391 vitis
486 5332 855 5406 fruetificaoisaaotta·
909 5339 1014 5417 sputis
1027 5339 1059 5401 et
1074 5337 1223 5418 colaphis
1238 5355 1355 5414 caesus,
1371 5339 1427 5402 sed
1441 5341 1475 5403 tu
1486 5339 1708 5402 recalcitrasti

63 5416 132 5480 tam
144 5427 260 5486 odoris
275 5423 376 5504 (Eccl.
390 5441 482 5500 xxrv,
508 5427 574 5509 23).
588 5432 673 5494 Vitis
688 5435 854 5511 significat
908 5438 1132 5515 impinguatus
1148 5440 1181 5501 et
1194 5437 1362 5500 dilatatus.
1380 5439 1447 5514 Ego
1462 5438 1589 5514 gestari
1609 5453 1707 5498 coro-

63 5519 268 5626 sapientiam,
294 5523 371 5599 quia
396 5524 509 5587 vinum
535 5528 663 5594 modice
687 5535 852 5612 sumptum
907 5551 984 5596 nam
1008 5537 1169 5613 spineam,
1195 5536 1252 5598 sed
1278 5537 1314 5599 tu
1338 5536 1494 5613 gloriaris
1519 5537 1555 5597 in
1580 5535 1705 5597 lamina

63 5617 349 5696 ecurt-ingenium.
366 5622 454 5686 Mala
470 5623 567 5690 vinea
586 5628 639 5690 sel
654 5629 742 5692 mala
761 5632 850 5706 vitis,
906 5650 1020 5696 aurea.
1047 5637 1115 5712 Ego
1137 5636 1286 5697 mortuus
1303 5635 1339 5696 in
1357 5635 1459 5712 ligno,
1479 5635 1536 5712 sed
1558 5635 1595 5697 tu
1618 5633 1706 5698 siris
