4076 6420
31 279 103 346 753
209 299 216 313 ·
501 287 547 350 IN
569 287 908 365 QUADRAGESIMA.
931 291 1137 356 nobillima
1158 289 1302 356 Palus.
1665 295 1725 361 iol

34 457 138 506 num
177 446 307 508 Deum
337 445 445 511 tuam.
478 447 562 512 11666
591 448 713 512 1161616
745 453 875 515 6661661
929 451 1725 532 161661661661161611666661116661666116616

35 541 270 619 Scripturas.
295 544 876 628 8161161611661666616(1161611661
930 549 1092 624 diabolus,
1118 551 1213 623 idest,
1236 550 1394 613 16616616
1417 549 1542 613 invasit
1562 552 1595 613 et
1611 552 1726 614 statuit

35 639 119 701 tilio
145 641 219 702 Dei
246 641 335 704 dixit
357 665 365 704 1
387 645 488 706 Μ1116
503 647 536 707 te
550 648 721 708 demseris.
740 647 874 710 Rectius
930 661 1005 708 eum
1032 663 1132 725 super
1148 648 1362 726 pinnaculum
1383 647 1510 726 templi.
1536 647 1643 710 Pinna
1671 647 1725 710 vel

36 735 143 798 enim
162 738 328 801 diceret:
343 743 382 802 Si
401 746 511 804 Filias
529 745 594 805 Det
607 759 655 816 as,
676 741 819 808 asceitdc
838 748 875 806 ia
929 744 1143 821 pinnaculum
1156 744 1269 823 templi
1282 747 1333 806 est
1342 744 1522 822 fastigium,
1537 746 1623 807 idest
1633 761 1726 823 quae-

38 840 200 909 caeliam,
222 837 876 914 6661611666161,661616661661161111-
929 841 1004 903 dam
1028 841 1167 904 altitudo
1191 859 1292 920 supra
1307 843 1432 904 domos.
1456 842 1612 905 solebant
1636 842 1724 904 enim

41 931 139 994 lium
163 935 422 1012 comprobaret.
443 935 581 1000 Diabolo
604 936 758 1002 convenit
779 941 815 1002 ut
839 938 875 1001 16
929 937 1074 1017 antiqui,
1098 939 1185 1001 sicut
1206 940 1315 1002 adhuc
1339 939 1375 1002 nt
1396 941 1432 1001 in
1450 940 1601 1016 pluribus
1628 939 1723 1012 locis,

38 1031 300 1108 praecipitium
315 1035 380 1095 eat.
929 1037 1102 1113 superiora
1127 1035 1299 1099 domorum
1318 1039 1376 1099 aut
1397 1037 1595 1115 templorum
1614 1036 1725 1098 iacere

84 1131 129 1190 In
145 1128 267 1191 tertia
281 1130 463 1194 tentatione
478 1131 659 1211 assumpsit
672 1148 748 1196 eum
762 1132 874 1196 diabo-
928 1133 1028 1211 plano
1056 1133 1243 1208 schemate,
1270 1134 1307 1196 ut
1332 1134 1389 1196 ubi
1414 1135 1551 1212 possent
1575 1135 1665 1196 stare
1692 1133 1725 1196 et

38 1224 99 1287 lus
122 1226 164 1286 in
191 1228 349 1291 montem
368 1229 537 1292 excelsum
551 1230 660 1306 valde,
681 1233 715 1294 et
731 1231 876 1296 ostendit
929 1245 1028 1307 agere
1039 1231 1117 1309 quid
1129 1230 1263 1294 vellent.
1281 1232 1375 1295 Unde
1387 1233 1546 1294 Dominus
1561 1233 1602 1294 ad
1614 1234 1724 1309 Apos-

40 1324 77 1384 ei
94 1325 228 1386 omnia
257 1341 362 1402 regna
381 1327 495 1389 mundi
518 1329 552 1390 61
574 1329 734 1391 honorem
758 1343 874 1392 earum
928 1328 1013 1391 talos
1030 1345 1038 1386 =
1055 1332 1148 1396 Quod
1161 1333 1199 1392 ia
1211 1345 1299 1392 aare
1312 1331 1453 1400 asarta,
1466 1331 1655 1406 6161116616
1668 1345 1726 1391 616-

40 1423 79 1485 61
96 1421 197 1484 dixit
214 1422 273 1484 illi
290 1445 298 1483 ι
313 1427 399 1486 Haec
413 1429 529 1488 amaia
543 1427 604 1488 tibi
616 1428 700 1490 dabo
715 1430 747 1489 st
758 1429 876 1503 proct-
925 1441 992 1501 per
1006 1425 1095 1488 tecta
1118 1423 1249 1506 (Mattb.
1274 1442 1309 1500 x,
1331 1425 1397 1507 27).
1422 1427 1594 1505 Templum
1621 1427 1723 1488 etiam

41 1521 140 1581 ciens
166 1523 387 1583 adoraveris
406 1537 463 1585 me
487 1519 631 1602 (1161116,
655 1539 699 1598 lv,
725 1523 874 1604 911616
929 1522 1118 1584 Salomonis
1133 1522 1255 1584 sactum
1273 1524 1345 1585 erat
1361 1524 1503 1601 desuper
1521 1523 1667 1601 planum,
1690 1524 1724 1586 et

43 1615 141 1678 dixit
158 1615 197 1677 ei
213 1619 236 1680 J
238 1633 338 1679 esus:
356 1621 455 1692 Vade,
469 1621 630 1694 Satanas,
643 1621 875 1696 scriptumest
929 1617 962 1680 in
977 1636 1059 1697 gyra
1071 1621 1211 1682 cancelli
1233 1618 1498 1693 deambulatorii,
1520 1620 1649 1697 nequis
1668 1620 1724 1680 16-

44 1717 153 1775 enim
167 1731 181 1775 .·
194 1719 393 1777 Dominum
410 1719 522 1778 Deam
539 1717 637 1780 taam
653 1721 823 1792 adorabis,
840 1719 875 1781 61
928 1717 1044 1778 cautus
1067 1717 1145 1778 inde
1168 1716 1347 1779 laberetur.
1375 1717 1415 1779 ut
1437 1718 1532 1779 erant
1554 1716 1602 1779 ibi
1626 1716 1722 1777 sedes

44 1813 99 1872 aaa
111 1815 187 1873 soli
207 1815 350 1876 servies
368 1811 478 1893 (ibid,
496 1830 541 1886 rr,
561 1813 625 1895 10).
642 1817 680 1877 ln
694 1815 758 1878 ista
774 1817 873 1880 161116
928 1812 1110 1888 doctorum,
1134 1815 1221 1876 unde
1236 1814 1287 1877 illi
1303 1815 1359 1892 qui
1375 1813 1542 1876 habebant
1562 1813 1724 1890 magiste-

45 1908 258 1971 tentatione
276 1910 354 1971 talis
380 1909 443 1973 tuit
465 1911 606 1974 intentio
630 1911 764 1987 diaboli,
786 1914 872 1996 quad
927 1911 1025 1984 rium,
1036 1911 1113 1973 inde
1125 1911 1347 1990 loquebantur
1358 1912 1400 1972 ad
1413 1913 1582 1989 populum.
1594 1913 1634 1972 nt
1645 1909 1721 1970 ideo

46 2021 115 2083 per
142 2007 373 2083 cupiditatem
398 2008 431 2070 et
452 2008 612 2070 honorem
636 2009 735 2088 hujus
759 2011 872 2072 mundi
927 2009 1023 2071 duxit
1036 2024 1112 2072 eum
1127 2024 1227 2085 supra
1242 2009 1377 2086 pinnam
1394 2008 1519 2086 templi,
1534 2008 1570 2070 ut
1584 2004 1722 2085 poneret

49 2102 255 2167 inclinaret
276 2119 362 2166 eum·
383 2107 453 2168 Hoc
472 2105 569 2168 modo
589 2106 741 2169 diabolus
760 2108 874 2171 multi-
927 2121 1002 2168 eum
1024 2105 1060 2167 in
1084 2105 1254 2179 cathedra,
1281 2107 1318 2168 61
1341 2105 1419 2166 inde
1444 2105 1583 2166 haberet
1599 2119 1721 2166 vanam

49 2199 202 2277 pliciter
218 2201 404 2264 astrictus.
926 2203 1078 2279 gloriam.
1094 2203 1340 2280 Γ[6616616166
1354 2219 1421 2264 666
1436 2203 1633 2281 quicumque
1645 2201 1722 2263 ten-

94 2298 301 2360 Videndum
316 2299 366 2362 est
380 2300 437 2362 ubi
452 2300 604 2364 diabolus
620 2302 787 2365 Christum
802 2302 873 2364 166-
926 2301 1023 2373 16161,
1046 2299 1103 2362 sed
1122 2301 1194 2378 ipse
1213 2300 1376 2373 diabolus,
1395 2301 1452 2378 qui
1479 2316 1580 2377 super
1604 2313 1720 2362 omues

54 2393 205 2457 taverit.
226 2397 340 2459 Primo
353 2398 495 2461 tentarit
515 2415 590 2461 eum
606 2399 640 2460 in
654 2399 804 2471 deserto,
818 2415 871 2462 se·
925 2396 1106 2460 tentatores
1119 2398 1277 2476 probatur
1291 2399 1420 2462 astutus
1435 2399 1468 2460 61
1482 2415 1525 2460 ex
1539 2396 1720 2458 subtilitate

58 2492 179 2554 cundo
209 2509 313 2570 supra
332 2495 549 2571 pinnaculum
569 2496 694 2574 templi,
717 2497 815 2559 tertio
836 2497 871 2557 in
926 2495 1065 2568 naturae,
1082 2495 1115 2558 et
1130 2495 1328 2574 antiquitate
1339 2497 1509 2574 temporis,
1526 2494 1559 2556 et
1571 2493 1719 2556 assidui-

56 2593 184 2652 monte
199 2591 347 2654 excelso.
364 2593 501 2663 Quando
514 2593 665 2668 permisit
679 2609 715 2654 se
728 2594 873 2656 tentarit
925 2591 994 2654 tate
1023 2591 1171 2654 fallendi.
1201 2596 1250 2655 Ex
1272 2593 1453 2656 subtilitate
1476 2592 1604 2654 naturae
1621 2591 1720 2669 juxta

55 2687 869 2766 1116616661)6)661616,61661(11611116666611661,
926 2689 1012 2767 quod
1033 2690 1155 2753 dicitur
1173 2690 1209 2752 in
1229 2691 1421 2752 Ezechiele:
1442 2695 1490 2752 Tu
1505 2693 1721 2766 standardum
1778 2688 1786 2702 “

53 2785 151 2861 quod
167 2783 334 2844 audistis:
350 2787 873 2864 Cumjejaaassetquadraatata
924 2788 1172 2861 simittudtais,
1185 2794 1309 2863 planus
1322 2789 1537 2863 sapientiori
1544 2785 1722 2862 perfectus

55 2884 206 2953 aiebas,
232 2881 266 2943 et
282 2884 515 2959 quadraatota
527 2884 682 2946 66611166
705 2883 803 2964 (ibid.
822 2888 869 2958 iv,
925 2885 1047 2946 decore
1056 2887 1093 2946 16
1103 2887 1232 2948 deitatis
1239 2889 1398 2961 paradisi
1407 2888 1470 2947 Dat
1480 2884 1578 2958 1111611·
1587 2880 1719 2961 (Enoch.

55 2977 104 3056 2).
131 2981 175 3038 In
195 2994 264 3055 qna
283 2979 416 3055 speciei
436 2980 557 3041 Dicunt
579 2981 712 3058 quidam
727 2981 813 3058 quod
834 2982 870 3043 16
924 2995 1046 3053 xxvrn,
1068 2979 1133 3062 13).
1152 2983 1201 3042 llx
1225 2981 1423 3060 antiquitate
1446 2980 1615 3058 temporis,
1641 2978 1720 3057 quia

58 3075 179 3152 specie
195 3075 342 3136 bominis
353 3077 510 3154 apparuit
525 3076 687 3151 diabolus,
700 3079 872 3156 66661616-
925 3077 1031 3153 prima
1053 3078 1104 3140 est
1120 3079 1285 3153 creatura,
1305 3095 1370 3141 non
1389 3095 1462 3158 quae
1482 3078 1618 3141 cunctas
1637 3091 1721 3154 prae-

58 3172 215 3234 dendum
239 3172 300 3234 est.
320 3173 387 3235 alti
402 3175 515 3238 dicunt
529 3174 616 3252 quod
636 3175 725 3237 totus
750 3176 786 3237 16
808 3191 869 3237 666
925 3176 1074 3249 66666111,
1097 3177 1156 3239 sed
1177 3193 1276 3254 quam
1304 3177 1396 3238 nulla
1419 3177 1601 3254 praecessit,
1621 3175 1720 3253 juxta

60 3269 258 3332 substantia
271 3269 364 3332 visus
386 3271 439 3332 sit.
925 3273 1011 3350 quod
1026 3274 1150 3335 dicitur
1162 3273 1198 3334 in
1214 3275 1319 3335 isaia:
1334 3277 1504 3339 Quomodo
1514 3273 1666 3335 cecidisti
1680 3275 1722 3333 aa

101 3368 223 3430 Primo
236 3367 378 3432 tentavit
392 3385 467 3431 eum
482 3369 518 3431 in
531 3369 679 3432 deserto.
696 3371 870 3434 Desertum
923 3375 1017 3441 66616,
1031 3372 1182 3444 Lucifer,
1205 3374 1263 3444 6111
1276 3385 1380 3431 mana
1393 3373 1563 3431 oriebaris
1576 3366 1632 3447 (ls.
1649 3382 1721 3440 xlv,

61 3464 147 3527 illud
169 3465 230 3526 ubi
254 3465 404 3527 Christus
431 3467 577 3528 tentatus
604 3467 673 3536 est,
701 3465 787 3528 sicut
811 3467 868 3528 di·
925 3463 989 3544 12).
1008 3465 1048 3526 Et
1065 3465 1149 3528 tob:
1174 3470 1255 3540 Ipse
1273 3466 1326 3527 est
1345 3467 1558 3540 principium
1580 3467 1721 3525 viarum

62 3565 145 3625 cunt
159 3563 330 3636 auctores,
354 3563 661 3626 6611616116116116
685 3563 872 3625 61161666-
924 3564 1063 3623 Domini
1078 3558 1166 3639 (1611.
1186 3576 1243 3635 nn,
1267 3559 1331 3641 14).
1356 3564 1407 3622 Ex
1435 3559 1629 3622 assiduitate
1656 3558 1722 3620 ial-

63 3658 870 3737 1666111116661166666161161611616661661
925 3655 1026 3728 lendi,
1052 3658 1209 3735 quoniam
1233 3658 1445 3719 adversarius
1467 3657 1580 3719 noster
1605 3653 1724 3718 1116116-
1836 3683 1841 3690 ·

63 3758 254 3820 1616116116
270 3757 393 3819 dicitur
413 3773 487 3818 6666
502 3757 696 3819 vulneratus
712 3757 744 3820 et
762 3757 869 3818 66611-
925 3754 977 3815 166
989 3754 1147 3832 16666616
1159 3755 1212 3818 166
1225 3755 1361 3832 rugiens
1366 3799 1426 3817 .....

63 3855 164 3917 virus
178 3855 330 3917 relictus.
352 3855 453 3918 Recte
468 3871 547 3932 ergo
568 3854 720 3916 Christus
734 3869 772 3917 66
790 3871 869 3932 per·-
965 3851 1044 3926 Quis
1070 3852 1181 3914 autem
1204 3869 1271 3916 666
1294 3853 1410 3916 timeat
1431 3853 1499 3915 tam
1524 3851 1718 3928 malignum,

63 3953 160 4015 misit
173 3951 299 4015 tentari
318 3953 353 4013 16
372 3953 431 4014 1116
454 3953 597 4022 deserto,
622 3954 660 4014 ut
678 3952 867 4017 ostenderet
924 3950 992 4012 tam
1014 3948 1167 4012 subtilem
1182 3951 1392 4024 tentatorem,
1410 3966 1507 4029 quem
1529 3948 1621 4011 nullo
1642 3965 1722 4026 pos-

65 4065 102 4111 66
127 4067 206 4112 6666
229 4050 485 4122 samaritanum,
504 4049 600 4122 idest,
618 4049 788 4112 custodem
813 4051 869 4128 661
924 4063 1038 4108 sumus
1067 4047 1246 4110 excludere
1277 4047 1386 4122 vallo,
1414 4047 1506 4109 nullo
1534 4046 1722 4108 interlicere

65 4146 871 4219 611166111616616161661611661166,11661116-
923 4145 977 4208 rel
1001 4145 1122 4207 laedere
1145 4145 1280 4222 gladiot
1301 4149 1397 4224 cujus
1421 4147 1543 4224 quanta
1565 4145 1610 4208 sit
1631 4161 1722 4223 616-

66 4260 205 4307 manum
220 4259 325 4320 genus
345 4242 595 4317 adaemonibus,
618 4244 696 4322 quia
718 4243 869 4307 Christus
924 4244 1067 4320 sumptio
1101 4243 1136 4304 in
1172 4243 1387 4306 devoratione
1421 4245 1547 4317 666116,
1581 4243 1722 4321 ipsemet

67 4343 174 4418 gessit
187 4340 437 4403 similitudinem
456 4341 535 4403 Adae
551 4341 643 4419 6616
663 4342 869 4406 daemonibus
923 4340 1019 4402 beato
1034 4340 1096 4404 iob
1111 4341 1211 4402 dicits
1230 4342 1427 4405 absorbebit
1440 4343 1588 4416 11661661
1602 4342 1637 4404 et
1652 4357 1722 4403 6611

68 4440 177 4501 victus
196 4440 256 4512 661,
274 4439 306 4500 61
320 4438 465 4516 peccatis
480 4438 649 4501 sauciatus
671 4441 738 4501 eta
757 4440 868 4502 virtu-
923 4439 1121 4511 mirabitur,
1144 4439 1178 4501 et
1191 4440 1291 4501 babet
1304 4441 1467 4513 1111661661
1481 4441 1570 4513 qaod
1591 4441 1721 4500 Jorda-

68 4536 158 4597 tibus
178 4536 351 4614 spoliatus.
370 4536 432 4608 Qui
451 4537 544 4598 locus
567 4538 707 4599 vocatur
729 4541 867 4610 1166116,
923 4533 1398 4614 666161661166661660611
1417 4550 1473 4608 xn,
1487 4534 1550 4616 18).
1564 4534 1722 4597 Habacuc

70 4633 156 4696 idest
168 4637 333 4710 86661116,
355 4634 490 4712 propter
513 4633 708 4695 effusionem
730 4635 870 4711 sangui·
924 4631 1024 4694 etiam
1047 4632 1149 4695 dicit:
1171 4637 1259 4696 Ecce
1275 4648 1336 4710 aaa
1356 4635 1527 4695 suscitabo
1550 4636 1722 4719 0161616666

71 4732 143 4804 616,
167 4747 266 4808 66616
290 4729 336 4792 ibi
361 4731 508 4793 latrones
534 4729 710 4792 iaciebant.
739 4733 869 4794 Conve—
924 4727 1063 4809 (Habac.
1093 4747 1116 4803 1,
1139 4729 1185 4811 6).
1211 4731 1302 4803 Quod
1337 4731 1449 4792 autem
1477 4729 1517 4791 de
1544 4729 1723 4808 quuslibet

73 4829 166 4890 niens
181 4843 260 4905 ergo
275 4827 387 4892 161161
401 4828 551 4890 Christus
576 4827 744 4890 diabolum
764 4845 868 4907 supe·
924 4826 1108 4889 sanctitatis
1140 4828 1321 4890 eminentia
1349 4842 1553 4905 praesumere
1582 4825 1720 4904 antiqua

71 4927 181 4998 raret,
209 4925 265 4986 ubi
295 4925 445 4988 diabolus
472 4925 640 4987 hominem
674 4925 735 4986 sub
761 4927 868 5004 tlgura
925 4927 1057 4986 Satanae
1070 4924 1228 4986 vereatur
1249 4925 1383 4998 astutia,
1409 4925 1465 5003 qui
1480 4922 1586 5003 primo
1610 4924 1721 4986 statim

74 5039 249 5100 superasse
264 5023 371 5085 dictus
384 5025 444 5086 est.
923 5021 1077 5100 parentes
1090 5021 1131 5083 de
1145 5021 1301 5099 paradiso
1316 5023 1507 5100 captivavit,
1521 5023 1555 5084 et
1566 5022 1606 5083 de
1620 5024 1723 5099 apos·

112 5122 148 5181 16
170 5120 292 5197 templo
308 5120 462 5197 permisit
483 5137 518 5182 66
538 5120 660 5183 tentari
680 5136 781 5198 super
792 5121 869 5199 pin·
922 5120 1023 5182 tolioo
1040 5119 1722 5198 6661616666011161161661166661161616

76 5217 239 5290 naculum,
266 5217 303 5278 ut
321 5216 513 5278 ostenderet
537 5233 573 5279 se
592 5233 666 5278 esse
688 5219 791 5279 Deum
812 5217 868 5296 qui
922 5217 1044 5295 rapuit,
1061 5218 1128 5278 ima
1142 5219 1175 5279 et
1188 5217 1297 5296 ipsum
1312 5218 1488 5280 Dominum
1511 5219 1642 5280 tentare
1656 5233 1721 5294 ag·

78 5313 231 5376 adoratur
259 5313 294 5374 in
322 5312 445 5390 templo
480 5313 513 5375 et
543 5315 727 5392 prinoipem
752 5316 868 5393 templi
922 5315 1555 5394 61666666611166666166116661666
1576 5314 1721 5393 11666166

78 5413 189 5484 666611,
205 5411 302 5480 idest,
317 5411 484 5473 Ecclesiae.
498 5412 573 5473 Non
588 5412 772 5474 6611611616
790 5413 886 5474 6166·
923 5413 1117 5475 concutiens
1139 5415 1282 5492 quatuor
1307 5414 1449 5490 angulos
1473 5413 1591 5476 domus
1613 5414 1722 5476 sancti

79 5509 223 5583 permisit
241 5509 357 5571 abillo
381 5508 522 5580 assumi,
544 5509 578 5572 et
600 5510 676 5572 duci
698 5511 732 5572 et
754 5511 865 5583 statui,
922 5509 987 5571 viri
1001 5510 1074 5582 tob,
1093 5511 1179 5574 illios
1197 5513 1230 5575 et
1244 5511 1330 5576 illias
1344 5511 1539 5576 innocentes
1551 5511 1718 5592 oppressit

80 5606 189 5684 quise
208 5607 344 5686 pertulit
367 5621 387 5672 a
415 5606 571 5669 membris
593 5607 695 5681 illius,
725 5607 821 5682 idest,
847 5625 867 5670 a
923 5609 955 5672 et
970 5608 1145 5672 destruxit.
