4108 6418
315 251 375 312 239
932 251 1109 314 HONORII
1133 253 1176 314 iii
1199 255 1347 316 OPERA.
1913 252 1984 312 240

316 409 390 480 lios,
412 411 444 471 et
463 411 515 470 W.
538 409 578 470 de
602 411 778 472 llollandia
802 410 1111 492 (a)crucesignatos
1166 412 1262 476 dictis
1278 429 1344 474 non
1360 411 1484 472 saciant
1498 409 1710 472 mentionem.
1725 411 1840 486 Nuper
1855 410 1980 470 autem

314 510 499 586 Trajecten.
508 509 671 582 dioecesis,
680 526 780 586 super
793 513 889 590 raptu
904 511 1024 573 nobilis
1037 529 1112 573 inu·
1166 511 1307 586 exparte
1314 509 1486 571 memorati
1497 507 1622 569 W.luit
1634 508 1840 584 propositum
1853 523 1979 568 coram

314 605 1111 684 lieris,ux0riseJusdemcomitis,terris,etrebus
1166 607 1272 680 nobie,
1287 607 1373 685 quod
1396 605 1516 667 litteris
1535 605 1685 682 praedicti
1708 604 1979 682 praedecessoris

314 703 392 764 aliis
406 703 627 766 amicabiliter
641 705 758 767 initam
780 706 905 769 laceret
919 707 1109 769 observari:
1165 705 1271 768 nostri
1280 704 1469 781 supradicto
1482 703 1734 780 archiepiscopo
1742 703 1977 779 praesentatis,

314 801 467 862 dictoW.
485 802 610 864 nitente
625 805 739 864 contra
761 805 1033 881 compositionem
1049 821 1111 866 ve·
1166 803 1253 864 idem
1280 804 1333 862 W.
1359 800 1556 876 excipiendo
1580 801 1752 877 proposuit
1773 815 1888 860 cerain
1916 815 1976 870 eo,

315 899 388 958 nire
406 899 610 975 praedictam,
625 902 658 961 et
680 915 716 961 se
735 901 776 962 ad
792 902 1023 979 appellationis
1043 903 1110 963 dil·-
1166 901 1252 978 quod
1275 900 1471 961 auctoritate
1500 899 1687 960 litterarum
1714 898 1864 974 ipsarum
1890 913 1977 958 res-

315 995 442 1071 liigium
471 998 699 1070 convertente,
726 998 814 1059 idem
841 999 1111 1077 archiepiscopus
1167 997 1311 1075 pondere
1332 997 1468 1058 minime
1480 995 1669 1058 tenebatur:
1690 996 1759 1057 tuin
1774 995 1854 1072 quia
1877 1011 1978 1054 mor-

315 1094 388 1169 ejus
403 1093 618 1170 appellationi
633 1110 699 1156 non
714 1095 877 1169 deterens,
895 1113 993 1173 quain
1008 1096 1113 1158 frivo-
1165 1098 1223 1158 tuo
1249 1094 1442 1156 mandatore
1475 1093 1704 1170 exspiraverat
1723 1095 1794 1170 jain
1820 1092 1975 1152 manda-

315 1190 382 1250 lam
398 1206 471 1252 esse
484 1191 640 1263 decrevit,
655 1191 690 1252 in
703 1193 876 1269 praelatum
889 1197 943 1254 W.
958 1195 1014 1272 qui
1027 1195 1111 1255 alias
1166 1195 1251 1266 tum;
1283 1195 1352 1253 tum
1380 1191 1479 1252 etiam
1509 1191 1587 1267 quia
1619 1189 1706 1250 ultra
1734 1189 1817 1250 duas
1846 1189 1974 1250 diaetas

315 1287 389 1348 erat
399 1287 532 1351 vinculo
548 1290 901 1352 excommunicationis
921 1291 1109 1364 adstrictae,
1166 1291 1260 1352 extra
1285 1305 1378 1352 suam
1403 1288 1572 1350 dioecesim
1595 1285 1789 1348 traliebatur
1818 1286 1854 1346 in
1880 1302 1973 1346 cau-

315 1385 505 1462 specialiter
519 1387 653 1463 propter
675 1389 946 1465 compositionem
965 1390 1110 1466 praedic·
1167 1404 1248 1460 sain,
1267 1389 1382 1448 contra
1406 1385 1674 1447 constitutionem
1694 1383 1834 1445 Concilii
1857 1399 1973 1458 gene-

315 1485 382 1544 tam
398 1485 762 1557 excommunicationis
778 1488 811 1548 et
831 1486 866 1547 in
892 1489 1015 1550 terrain
1039 1490 1111 1565 ejus
1166 1485 1271 1546 ralis:
1295 1485 1327 1546 et
1354 1485 1433 1561 quia
1459 1483 1566 1544 dictus
1592 1481 1863 1558 archiepiscopus
1890 1481 1969 1550 lias,

315 1579 483 1640 interdicti
498 1581 678 1643 sententias
694 1583 925 1659 promulgavit.
941 1585 1112 1662 Quumque
1166 1583 1198 1644 et
1210 1582 1296 1642 alias
1307 1582 1518 1658 exceptiones
1531 1581 1603 1656 ejus
1614 1578 1779 1655 legitimas
1789 1577 1972 1640 admittere

317 1675 522 1752 postmodum
534 1677 590 1738 dil.
602 1677 624 1738 s.
638 1681 674 1739 G.
687 1679 767 1740 dicti
778 1681 907 1741 comitis
918 1683 1113 1757 procurator
1166 1676 1352 1751 recusabat,
1368 1679 1455 1739 idem
1477 1679 1530 1738 W.
1544 1693 1659 1738 vocem
1677 1676 1718 1736 ad
1735 1691 1794 1737 nos
1809 1675 1970 1752 appella-

317 1772 447 1852 nostras
462 1773 503 1834 ad
519 1790 577 1836 vos
593 1791 693 1852 super
713 1778 909 1838 executione
926 1780 1110 1840 sententia·
1166 1777 1267 1838 tionis
1286 1775 1407 1848 emisit,
1431 1775 1488 1836 sed
1513 1773 1670 1852 praelatus
1692 1773 1972 1851 archiepiscopus

316 1886 389 1930 rum
405 1871 553 1948 ipsarum
567 1871 695 1934 litteras
707 1873 926 1950 impetrasset,
940 1877 972 1937 et
982 1877 1021 1936 H.
1034 1893 1113 1953 pro—
1166 1874 1271 1951 ipsius
1306 1874 1527 1951 appellatione
1571 1871 1757 1948 contempta
1794 1871 1972 1932 mandavit

316 1969 450 2028 curator
461 1969 590 2044 praelati
601 1970 696 2030 W.in
708 1971 877 2032 audientia
890 1971 1021 2049 publice
1032 1989 1113 2034 con·
1166 1988 1240 2034 ven.
1252 1971 1274 2032 l.
1288 1988 1320 2032 n.
1331 1973 1484 2048 episcopo
1497 1975 1537 2049 (c)
1547 1970 1732 2047 Trajecten.
1745 1970 1781 2030 ut
1793 1969 1969 2044 composi-

315 2065 509 2127 tradixisset
523 2065 659 2150 eisdem,
678 2083 752 2129 ven.
767 2068 790 2128 l.
805 2085 837 2129 n.
850 2071 887 2130 P.
903 2067 950 2150 (b)
965 2070 1111 2131 Albanus
1166 2070 1289 2131 tionem
1300 2069 1390 2146 prael·
1405 2071 1472 2130 tam
1485 2067 1608 2130 laceret
1618 2082 1677 2144 per
1687 2081 1847 2128 censuras
1856 2066 1971 2127 eccle-

316 2161 501 2240 episcopua,
519 2164 552 2226 et
568 2163 624 2224 dil.
637 2163 682 2224 fll.
695 2181 727 2226 n.
741 2168 779 2227 R.
797 2168 928 2228 Sanctae
946 2169 1061 2230 Mariae
1076 2169 1111 2230 in
1166 2167 1318 2228 siasticas
1332 2167 1470 2228 liriniter
1480 2164 1661 2226 observari.
1676 2163 1848 2241 adjectum
1864 2164 1969 2224 etiam

315 2259 464 2320 cosmed.
479 2259 638 2322 diaconus
651 2262 841 2336 cardinalis
855 2281 936 2342 quos
951 2281 1113 2342 procura·
1166 2264 1281 2327 suitex
1290 2264 1383 2341 parte
1398 2262 1547 2342 praedicti
1563 2265 1615 2322 W.
1628 2261 1715 2340 quod
1730 2260 1838 2322 dictus
1853 2277 1969 2322 coines

315 2355 442 2418 toribus
466 2358 640 2420 antedictis
662 2359 812 2422 dedimus
834 2362 1110 2442 auctoresque
1166 2361 1421 2439 appellationem
1449 2359 1602 2422 frivolam
1628 2359 1792 2421 mentiens
1813 2359 1969 2420 antedic-

315 2469 376 2531 per
387 2470 426 2516 ea
442 2471 515 2533 quae
525 2455 567 2517 ab
577 2457 702 2518 eisdem
713 2456 806 2520 fuere
818 2461 986 2536 proposita
999 2477 1111 2524 coram
1166 2460 1244 2532 tam,
1261 2475 1280 2519 a
1294 2459 1401 2531 nobie,
1414 2456 1720 2520 excommunicatus
1731 2456 1892 2529 existens
1906 2473 1969 2518 ve-

316 2552 365 2612 eis
389 2553 537 2615 constitit
561 2554 735 2616 manifeste
759 2554 882 2618 dictum
901 2559 954 2618 W.
971 2574 1110 2621 excom·
1165 2557 1263 2619 ritate
1287 2557 1385 2620 tacita
1407 2557 1534 2618 litteras
1548 2555 1785 2632 impetraverat
1804 2555 1966 2630 supradi-

316 2650 550 2713 municationis
569 2651 703 2715 vinculo
718 2668 791 2714 asse
806 2653 1011 2730 innodatum,
1028 2673 1110 2735 pro·
1165 2657 1246 2717 ctas.
1262 2656 1370 2727 Quare
1385 2669 1443 2731 pro
1459 2655 1554 2730 parte
1565 2653 1672 2730 ipsius
1684 2655 1737 2712 W.
1753 2651 1816 2714 luit
1830 2667 1850 2712 a
1866 2651 1967 2714 nobis

316 2747 501 2809 curatorem
515 2748 662 2826 eJusdem
677 2751 731 2810 W.
743 2749 785 2811 ad
797 2751 1040 2830 impetrandum
1055 2755 1112 2817 lit·
1166 2753 1335 2822 humiliter
1356 2751 1591 2829 supplicatum,
1616 2751 1651 2812 ut
1677 2765 1778 2827 quum
1805 2749 1894 2810 idem
1923 2765 1965 2810 ac

315 2846 415 2917 teras,
427 2845 480 2906 vel
491 2846 781 2909 contradicendum
792 2849 1029 2912 admittendum
1044 2869 1111 2914 non
1165 2851 1265 2923 terra,
1277 2851 1310 2912 et
1321 2850 1388 2911 alia
1403 2849 1489 2910 bona
1505 2864 1565 2910 sua
1578 2847 1639 2908 sub
1650 2846 1849 2924 apostolieae
1865 2846 1962 2907 Sedis

316 2955 391 3002 esse
404 2943 645 3005 sententialiter
656 2944 883 3020 decreverunt,
896 2948 1015 3010 litteris
1028 2965 1110 3026 quas
1165 2947 1368 3025 protectione
1383 2946 1575 3018 consistant,
1592 2960 1692 3022 super
1702 2982 1704 2986 -
1715 2944 1778 3006 lioc
1798 2943 1863 3004 sibi
1879 2959 1963 3020 pro-

316 3036 358 3096 ad
373 3053 432 3099 vos
443 3037 522 3099 dicti
532 3040 662 3102 comitis
673 3044 868 3118 procurator
877 3044 1113 3122 impetraverat
1165 3044 1277 3106 videre
1290 3044 1550 3107 misericorditer
1563 3042 1787 3118 dignaremur,
1805 3055 1871 3102 non
1896 3040 1961 3102 ob-

316 3132 570 3228 absolutis.Nos
586 3138 717 3215 quidem
730 3139 771 3200 ad
784 3140 976 3204 instantiam
991 3160 1112 3221 procu·-
1165 3143 1272 3205 stante
1301 3140 1351 3222 (d)
1362 3141 1525 3204 sententia
1550 3155 1649 3218 quain
1672 3139 1862 3201 incurrerat
1887 3155 1963 3199 cuin

315 3231 437 3294 ratoris
465 3235 595 3296 comitis
621 3235 805 3314 saepedicti,
835 3239 972 3301 alterius
1007 3243 1110 3319 partis
1166 3239 1332 3302 liudovico
1356 3239 1390 3300 in
1413 3238 1567 3316 Angliam
1590 3235 1846 3308 transfretando,
1861 3252 1962 3313 quum

316 3329 472 3391 astutiam
491 3332 674 3395 metuentes
688 3332 782 3397 vobis
797 3335 946 3398 dedimus
960 3338 996 3398 in
1010 3356 1109 3402 man·
1164 3337 1273 3415 ipsum
1294 3336 1535 3399 absolverimus
1556 3335 1598 3397 ab
1619 3333 1745 3396 eadem.
1766 3333 1835 3396 Nos
1859 3333 1964 3410 igitur

316 3425 413 3499 datis,
430 3428 466 3489 ut
486 3427 521 3490 iii
548 3431 722 3492 commisso
745 3432 839 3494 vobis
863 3437 996 3512 negotio
1012 3438 1109 3515 juxta
1165 3434 1271 3496 eidem
1287 3433 1327 3496 ab
1342 3432 1695 3496 excommunicationis
1709 3429 1842 3494 vinculo
1857 3429 1960 3492 abso-

315 3521 455 3585 lormam
468 3525 502 3586 in
517 3526 685 3603 praedictis
698 3528 817 3591 litteiis
832 3532 1109 3612 nostrisexpres-
1165 3531 1234 3594 luto
1262 3531 1437 3610 providere
1461 3530 1625 3604 volentes,
1650 3525 1698 3610 (e)
1709 3527 1821 3590 abbati
1848 3528 1961 3589 Sancti

314 3637 385 3682 sam
398 3622 526 3685 ratione
541 3625 665 3701 praevia
674 3627 899 3704 procedentes,
912 3628 1039 3693 litteras
1052 3632 1112 3694 de-
1166 3629 1336 3692 baurentii
1350 3629 1385 3690 in
1396 3627 1591 3699 Hostbroch‚
1604 3627 1637 3688 at
1649 3625 1877 3704 conjudicibus
1891 3626 1961 3685 suis

315 3721 495 3783 cerneretis
520 3737 635 3784 carere
658 3723 802 3798 viribus,
825 3725 854 3786 si
878 3743 961 3804 quas
983 3729 1067 3794 torte
1090 3745 1110 3792 a
1165 3743 1224 3804 per
1236 3728 1366 3788 nostras
1381 3725 1531 3787 dedimus
1545 3723 1673 3786 litteras
1687 3723 1722 3784 in
1735 3721 1912 3794 mandatis
1926 3723 1961 3782 ut

314 3815 410 3878 nobis
422 3833 523 3894 super
536 3820 718 3896 praemissis
741 3837 801 3899 pro
816 3822 889 3899 ipso
903 3826 956 3885 W.
968 3825 1004 3886 in
1018 3842 1109 3903 praa·
1165 3824 1194 3885 si
1206 3839 1276 3884 rein
1289 3823 1477 3886 invenirent
1486 3822 1598 3884 taliter
1610 3837 1645 3882 se
1658 3819 1793 3893 babere,
1804 3819 1959 3882 revocato

309 3914 472 3990 judicium
484 3917 1109 4000 saepedicticomitispersubreptionem
1164 3921 1200 3982 iii
1214 3921 1345 3982 irritum
1366 3919 1523 3998 quidquid
1545 3918 1734 3981 invenirent
1752 3917 1826 3994 post
1840 3917 1958 3993 appel-

313 4012 519 4088 contingaret
533 4014 715 4091 impetrari,
733 4031 806 4093 quae
821 4015 953 4094 plenam
968 4019 1008 4080 de
1023 4037 1111 4097 prae-
1133 3977 1140 4047 Ι
1163 4018 1322 4081 lationem
1356 4017 1545 4096 hujusmodi
1577 4015 1788 4086 attentatum,
1825 4029 1958 4075 causam

312 4132 395 4196 capta
412 4126 556 4182 niittitora
571 4127 714 4184 Willelmo
727 4129 755 4184 iii
768 4129 913 4186 Texaliam
927 4147 934 4188 :
950 4132 1109 4194 Willelmus
1163 4132 1236 4188 tituli
1262 4132 1290 4190 S.
1311 4131 1408 4190 ldariaa
1427 4131 1457 4187 in
1485 4129 1646 4189 cosmedin.
1667 4127 1704 4185 ab
1724 4128 1893 4186 Innocentio
1908 4129 1957 4195 ΙΙΙ,

312 4191 413 4266 lugeto
428 4194 572 4278 liudovico
586 4197 752 4254 comitatum
775 4199 932 4278 llollandta
946 4203 1066 4273 obtinet,
1081 4212 1109 4263 et
1164 4217 1239 4260 anno
1254 4203 1341 4274 iiim
1364 4203 1433 4259 vixit
1448 4215 1538 4274 usque
1553 4199 1589 4257 ad
1602 4214 1708 4258 annum
1722 4198 1801 4258 1250.
1900 4227 1903 4232 ·

311 4277 377 4346 cuin
400 4264 576 4323 Theoderico
599 4267 733 4338 episcopo
753 4269 925 4340 Trajectensi
950 4273 997 4344 qui
1013 4275 1105 4332 bodo·
1199 4273 1236 4346 tc)
1254 4273 1432 4344 trajectensi.
1442 4273 1576 4354 corrupte
1592 4271 1620 4327 ln
1631 4269 1766 4342 vulgatis,
1777 4268 1954 4326 treverensi.

313 4349 387 4416 vico·
405 4334 515 4417 laverat
540 4351 639 4420 pacem
668 4337 748 4407 lacit,
771 4346 800 4397 et
842 4348 886 4424 ost
909 4313 1017 4401 obitum
1037 4344 1107 4406 Ade
1161 4343 1332 4424 Traiectum,
1352 4343 1472 4411 Utrecdt,
1487 4343 1587 4399 civitas
1600 4339 1897 4424 episcopalisudriaiae
1914 4341 1955 4398 Ul-

311 4413 405 4488 peptis
426 4404 719 4489 dictumeomitatum
740 4423 757 4466 a
781 4411 802 4467 F
840 4427 917 4469 erico
936 4414 1106 4497 imperatore
1161 4420 1202 4471 tre
1216 4421 1310 4470 ectum
1325 4413 1399 4470 dicta
1415 4412 1451 4470 ad
1465 4411 1655 4469 differentiam
1668 4412 1788 4492 trajecti
1800 4409 1836 4468 ad
1847 4411 1953 4466 blesam

310 4490 339 4558 in
359 4473 475 4559 lendum
491 4485 599 4549 recipit,
616 4477 710 4536 etllll
734 4495 832 4538 comes
852 4483 1008 4542 llollandie
1020 4501 1103 4545 cons·
1162 4483 1172 4558 (
1204 4483 1349 4556 matram)
1369 4482 1593 4564 cu'ustempore
1608 4480 1827 4540 Honoriinostri
1843 4481 1952 4552 episco-

309 4552 427 4628 tituitur.
440 4547 496 4629 'Ad
521 4562 604 4676 {Euam
624 4563 747 4634 regnum
762 4552 909 4610 Scotorum
926 4570 976 4628 per
997 4557 1105 4616 obitum
1161 4568 1214 4627 pits
1232 4561 1293 4612 erat
1314 4553 1387 4612 Otho
1401 4499 1438 4611 ie
1452 4555 1483 4612 bi
1506 4568 1562 4626 pia,
1578 4553 1626 4633 qui
1640 4551 1714 4633 sedit
1737 4550 1773 4608 ab
1794 4565 1871 4607 anno
1887 4551 1953 4608 1³05

308 4618 515 4702 llagoliiii,vel
540 4619 1104 4699 laigotmireglsavuncnlisuijnrebe·
1160 4624 1300 4706 usquead
1316 4625 1469 4682 annumlt
1506 4621 1813 4697 ,etquusinsaustam
1833 4627 1951 4678 mortem

308 4689 443 4747 rediturae
453 4688 666 4772 devolvebatur,
674 4699 702 4749 et
713 4702 891 4768 congregato
902 4699 1028 4754 exercitu
1037 4713 1104 4756 cuin
1158 4693 1256 4754 scribit
1268 4693 1344 4752 Belia
1355 4695 1384 4752 in
1397 4696 1544 4754 utronea.

307 4759 451 4844 Ludovico
473 4769 665 4846 primogenito
686 4762 809 4907 Phihfpi
835 4767 964 4850 Augusti·
977 4769 1104 4826 Francia
1195 4765 1235 4836 td)
1256 4767 1408 4848 Sententia·
1424 4781 1511 4847 quam
1536 4764 1711 4821 incurrerat.
1727 4764 1802 4819 Dum
1830 4761 1951 4844 Scotiain

305 4832 1103 4986 attattnttddtttdlttitnltlndda
1157 4836 1410 4978 iaetantia
1424 4832 1949 4987 .la.tn.iatddtatviid

303 4982 589 5031 sensinovosmotus
605 4976 765 5033 concitante
781 4979 1100 5036 revocatuslnllollan·
1156 4979 1221 5034 vico
1265 4977 1437 5049 rimogenito
1463 4975 1583 5048 Pliilippi
1613 4977 1657 5032 itu
1680 4980 1734 5031 usti
1764 4975 1824 5046 (qui
1847 4975 1948 5030 ioanni

302 5042 968 5117 diamWillelmusperpetuoeomabHellandia
981 5048 1098 5121 fugavit.
1156 5046 1217 5130 regi
1259 5049 1344 5119 ngllae
1362 5047 1469 5104 bellum
1488 5045 1668 5118 intulerat)a
1709 5045 1876 5102 Innocentio
1899 5045 1948 5111 lll,

301 5113 1098 5247 diltrtttltt·tailliaattillani
1154 5117 1811 5246 litantn‘ldtttffldnld“tall
1824 5115 1948 5170 ⁸⁸⁰¹¹¹¹¹¹

301 5269 339 5310 no
353 5255 433 5324 itit,
446 5201 526 5328 gealt
537 5202 671 5313 genitam
686 5258 866 5314 lossensem.
919 5203 939 5262 g
961 5205 1023 5296 ω
1046 5205 1082 5248 an
1190 5257 1228 5331 (a)
1244 5259 1346 5316 Added
1356 5259 1383 5317 S.
1398 5258 1558 5316 Laurentii.
1575 5255 1739 5316 Monasterli
1759 5270 1773 5312 a
1796 5253 1833 5311 ud
1854 5269 1947 5311 iiinros

336 5323 376 5396 (b)
398 5326 431 5406 P.
459 5327 589 5408 Albanus
608 5327 775 5409 Episcopus,
797 5331 822 5384 et
840 5331 874 5410 ΙΙ.
895 5329 923 5387 S.
943 5329 1046 5388 Morta
1068 5333 1099 5389 in
1152 5328 1231 5386 urbis
1250 5329 1414 5408 Leodiensis
1435 5329 1544 5388 ordinis
1558 5330 1586 5386 S.
1602 5327 1757 5394 Benedicti,
1773 5269 1883 5382 Hindati
1896 5340 1943 5406 eii·

299 5393 455 5476 Cosamdin.
480 5398 616 5454 durcones
638 5399 749 5455 cordia.
773 5399 910 5470 intelligit
936 5401 1096 5474 Pelagium,
1153 5413 1191 5455 no
1206 5399 1273 5467 960,
1289 5398 1325 5456 ab
1345 5399 1492 5468 Heraclio,
1507 5401 1581 5458 aucti
1599 5414 1614 5455 e
1631 5399 1686 5456 Not
1708 5413 1773 5465 ero,
1786 5403 1943 5452 exornatio

298 5465 467 5548 llispanuni,
496 5468 662 5549 episcopum
690 5469 841 5550 Albanum,
868 5478 896 5527 et
924 5471 1096 5544 llayneriuin
1152 5469 1592 5542 Gudlbodoue,etperl'ectiaila
1616 5466 1945 5550 inaruoepiseopislieo

297 5535 468 5619 Capoecium
492 5537 712 5618 viterbiensem,
737 5553 860 5596 maxima
889 5541 916 5598 S.
947 5543 1096 5602 Dominicc
1151 5539 1306 5598 diensibua.
1330 5543 1365 5599 V.
1389 5541 1516 5600 nircum
1536 5542 1565 5600 in
1581 5485 1719 5600 caranico
1734 5539 1827 5596 eratin.
1849 5537 1877 5595 S.
1892 5537 1941 5594 Be·

295 5605 487 5664 iainiliaiitate
522 5616 718 5682 conpunctum,
754 5617 881 5668 creatum
919 5612 1094 5673 cardinalem
1151 5611 1402 5692 mddtdtcapdss.
