4108 6418
918 286 1094 347 HONORII
1110 286 1154 344 lli
1175 285 1322 348 opsita.

290 293 349 351 207
1886 285 1953 345 208

292 446 680 512 induciassibieahiberi.
690 447 927 508 Procuratores
938 445 1088 522 praedicti
1144 443 1349 520 Siguntlnus
1358 442 1538 504 canonicus
1551 442 1739 514 Toletanus,
1755 458 1853 520 quem
1866 460 1953 521 pro-

195 577 200 588 ·
291 542 802 624 responderuntecontra,quod
817 543 1088 620 archiepiscopus
1144 543 1331 604 curatorem
1364 541 1406 603 ad
1438 555 1553 602 eorum
1581 540 1793 618 praesentiam
1822 543 1951 619 quibus

292 645 354 706 etsi
373 659 440 706 non
455 641 685 721 personaliter,
701 643 812 703 tamen
827 656 885 718 per
899 641 1033 702 nuntios
1057 640 1090 702 ct
1143 638 1321 700 commissa
1347 638 1409 700 luit
1426 638 1572 715 receptio
1594 638 1728 700 testium
1756 637 1948 713 destinasti,

292 743 420 804 litteras
434 739 617 800 deliberare
626 740 732 816 potuit
741 753 841 816 super
850 739 912 801 hoc
923 753 998 800 cum
1008 753 1090 800 con·
1139 737 1307 814 Judicatus
1330 736 1394 798 init
1418 734 1688 797 insufficieusab
1710 735 1847 798 eisdem.
1875 739 1949 800 Nos

292 839 404 912 ventu,
421 838 507 898 unde
520 836 693 898 potierant
707 837 738 898 ei
752 836 928 898 ulteriores
945 836 1088 896 induciae
1143 834 1433 910 ergoattendentes
1444 833 1600 911 quodipsi
1608 835 1797 910 receptores
1807 835 1949 897 testium

292 935 513 1012 indulgendae,
530 950 572 995 ne
586 934 795 1012 prorogando
805 933 980 1011 judicium,
995 932 1090 994 vide-
1143 931 1178 992 in
1202 931 1271 992 suis
1295 931 1415 993 litteris
1438 931 1646 994 testabantur
1668 947 1838 1009 expresse,
1855 934 1948 1011 quod

292 1049 405 1094 remur
419 1033 558 1110 justitiae
578 1032 749 1107 derogare.
766 1032 835 1092 Nos
858 1031 962 1106 igitur
975 1029 1088 1091 atten-
1143 1024 1230 1090 idem
1246 1029 1441 1106 procurator
1453 1028 1547 1089 eisin
1562 1028 1851 1108 itineretanquam
1864 1047 1949 1108 pro-

292 1131 405 1191 dentes
421 1129 507 1206 quod
522 1130 649 1206 aequius
662 1130 722 1200 est,
736 1127 824 1206 parti
838 1126 880 1188 ad
896 1126 1088 1188 deliberan-

292 1223 1089 1302 dumlargiorem(mterminumindulgere,quam

291 1325 382 1386 litem
398 1323 570 1384 breviandi
594 1322 757 1400 praetextu
776 1322 956 1399 procedere
979 1322 1089 1382 minus

292 1423 391 1494 clare,
409 1421 516 1484 adhuc
538 1422 570 1482 ei
594 1421 772 1482 terminum
794 1420 950 1484 duximus
973 1419 1089 1480 indul-

293 1520 447 1596 gendum.

484 1705 743 1777 Areleicpiscopo
764 1706 829 1763 Tol.
854 1699 907 1776 (b).

586 1853 722 1916 CAPUT
744 1855 800 1914 III.

333 1991 393 2060 Te,
404 2003 443 2048 ac
454 1991 472 2050 J
475 2003 582 2049 oanne
594 1989 727 2049 Bracar.
742 1987 863 2047 clerico
876 1986 1090 2062 procuratore

293 2102 367 2146 ven.
379 2085 401 2145 i.
417 2101 449 2145 n.
468 2089 500 2146 S.
519 2085 761 2161 archiepiscopi
775 2087 908 2145 Bracar.
925 2083 960 2143 in
978 2083 1091 2144 nostra

294 2183 472 2260 praesentia
488 2182 686 2254 constitutis,
703 2183 790 2242 idem
813 2181 1009 2259 procurator
1021 2179 1092 2241 ter-

294 2281 421 2341 minum
435 2279 495 2342 tibi
509 2281 542 2342 et
560 2279 698 2358 praelato
718 2279 979 2356 archiepiscope,
1000 2281 1092 2355 eius-

294 2395 358 2456 que
380 2377 535 2455 capitulo,
559 2378 595 2438 in
617 2394 717 2438 causa
733 2393 806 2454 quae
822 2393 921 2452 super
935 2376 1091 2453 primatia

293 2477 381 2538 inter
393 2477 426 2538 te
439 2492 478 2537 ac
491 2475 622 2538 eosdem
631 2476 780 2546 vertitur,
792 2473 873 2536 alei.
882 2475 1050 2536 memoriae
1064 2477 1088 2536 Ι.

294 2561 385 2652 Papa
404 2573 648 2652 praedecessore
663 2574 776 2634 nostro
792 2572 1011 2649 peremptorie
1036 2587 1092 2632 as-

293 2673 471 2748 signatum,
488 2672 520 2733 et
535 2671 742 2749 postmodum
757 2670 972 2748 approbatum
989 2685 1009 2730 a
1030 2685 1092 2731 no-

193 2831 195 2834 .
292 2770 344 2832 bis
366 2771 552 2846 proximum
567 2769 688 2830 festum
712 2768 858 2830 omnium
882 2769 1089 2840 Sanctorum,

294 2869 389 2946 potiit
404 2867 589 2943 prorogari,
598 2868 631 2928 et
646 2865 719 2926 dari
732 2865 795 2925 sibi
808 2865 849 2926 ad
862 2865 1092 2942 producendos

293 2966 394 3027 testes
416 2963 567 3024 inducias
594 2963 767 3038 largiores,
796 2976 855 3038 pro
882 2977 921 3024 eo
946 2962 1033 3039 quod
1058 2965 1088 3024 J.

294 3114 330 3173 ed
345 3120 481 3171 vacantes
503 3113 642 3170 ccclesias
652 3113 827 3181 monasterii,
841 3127 927 3184 qutun
941 3128 998 3169 non
1013 3119 1092 3170 teno-

294 3211 391 3260 rcntur
412 3201 448 3258 de
469 3202 543 3275 jure,
564 3201 682 3258 clericos
696 3200 854 3272 improvide
876 3200 1092 3273 archiepiscopo

295 3297 514 3365 praesentarunt,
538 3296 567 3346 et
585 3295 803 3362 conquerentes,
825 3288 1010 3363 quodcontra
1034 3288 1089 3346 lor·

295 3395 372 3436 mam
395 3379 610 3452 compositionis
646 3379 718 3436 intcr
743 3377 812 3436 bon.
839 3393 926 3436 mem.
950 3380 985 3436 ll.
1008 3385 1037 3436 et
1058 3379 1090 3436 lt.

295 3477 360 3527 tuos
389 3467 616 3544 predecessores
650 3465 836 3525 amicabiliter
867 3465 1019 3525 intervenit
1041 3483 1090 3525 su·

296 3573 346 3631 por
365 3557 487 3616 ecclesia
509 3557 723 3615 Cnenniratensi
751 3562 779 3612 te
794 3555 918 3614 indebite
942 3557 1089 3629 inquietet.

296 3645 376 3706 Unde
397 3646 563 3721 praedictum
585 3647 738 3702 terminum
761 3659 847 3718 super
869 3645 904 3703 ils
926 3643 1020 3703 eidem
1045 3661 1089 3703 ar·

295 3737 479 3809 chiepiscopo
494 3734 603 3808 praesagi
615 3733 728 3808 petebat
743 3752 751 3792 ε
768 3733 818 3792 sed
831 3749 866 3792 co
881 3735 1026 3808 allegante
1043 3735 1092 3809 jus

297 3823 450 3882 revocandi
461 3823 587 3890 dotatum,
605 3823 712 3880 nullum
726 3838 811 3896 super
826 3824 980 3895 premissis
992 3839 1089 3880 recon-

295 3913 477 3970 ventionihus
487 3913 637 3970 terminum
650 3913 675 3968 ei
683 3910 815 3968 duximus
825 3911 1041 3984 prefigendum.
1051 3913 1093 3969 Ne

284 4004 384 4077 ,igitur
399 4017 485 4074 super
504 4001 538 4057 iis
562 4001 651 4074 possit
675 4001 704 4056 iu
718 4007 863 4074 posterum
884 3998 1017 4068 dubitari,
1038 3998 1093 4058 has

296 4093 405 4148 litteras
418 4089 468 4145 tibi
481 4087 613 4145 duximus
625 4089 655 4144 iu
670 4088 865 4144 testimonium
881 4086 1090 4157 concedendas,

297 4180 426 4236 nolentes
447 4177 560 4232 interim
576 4183 681 4232 statum
701 4176 741 4231 tui
763 4175 927 4231 monasterii
947 4176 1090 4234 vacillare.

299 4270 403 4324 Datum
416 4264 549 4322 Laterani
564 4263 676 4320 decimo
696 4269 777 4318 sento
790 4263 851 4319 liat.
869 4263 984 4335 Aprilis,
998 4265 1092 4322 Ponti·

300 4354 401 4412 dectus
413 4351 501 4410 nostri
512 4365 587 4408 anno
600 4351 702 4424 prime.
719 4352 762 4408 Ex
773 4352 899 4422 append.
916 4351 1035 4412 Cironii..

334 4539 376 4612 (a)
397 4539 570 4609 turpiorem.
592 4536 717 4595 inducie
733 4538 885 4610 ampliores
906 4555 941 4596 ex
961 4543 1094 4614 equitate

298 4613 409 4672 dautur.
427 4617 458 4666 nt
472 4610 499 4664 iu
516 4624 579 4692 cap.
594 4611 620 4674 2,
637 4610 694 4666 eod.
715 4614 814 4676 extrem·
829 4618 857 4667 et
873 4612 909 4668 ita
930 4627 966 4668 ex
978 4614 1094 4670 arbitrio

299 4681 433 4757 pendent,
450 4695 581 4752 quamvls
601 4681 668 4736 olim
693 4681 782 4740 tribus
796 4681 905 4750 cthctis,
922 4691 951 4739 ct
963 4699 1019 4740 uno
1043 4700 1091 4755 pe·

298 4753 454 4826 remptorio
476 4751 722 4808 concluderentur.
746 4752 825 4808 Alias
854 4755 955 4826 viginti
982 4754 1093 4810 diorum

300 4826 422 4886 luerunt,
442 4825 558 4879 Nocettu
579 4823 741 4891 summes,
756 4824 826 4880 alias
839 4823 884 4892 30,
900 4825 1018 4880 Nouello
1033 4827 1092 4882 tlt.

335 4895 373 4968 (a)
393 4895 540 4966 bicallem
556 4902 639 4950 antea
659 4894 758 4950 dehac
769 4895 926 4965 questione
941 4902 1092 4952 tractatum

299 4967 382 5026 lucrit
395 4969 423 5022 iu
439 4981 502 5038 cap.
518 4965 565 5021 liu.
582 4969 614 5020 de
629 4965 659 5020 iu
675 4966 776 5034 tateqr.
797 4965 886 5022 restit.
904 4964 1093 5039 adjiciendum

299 5049 327 5096 et
340 5039 395 5096 hoc
410 5038 523 5111 putavi;
548 5037 760 5092 conteratiouem
783 5035 856 5092 lutet·
880 5037 1047 5092 Toletanum
1067 5044 1095 5095 et

299 5115 504 5169 bracarensem
521 5107 752 5177 arcldopiscopos
771 5105 806 5161 dc
831 5106 965 5177 primatu,
980 5109 1007 5163 in
1026 5123 1092 5179 gra·

297 5185 365 5239 tiam
380 5180 508 5237 Toletani
531 5177 658 5233 decisam
682 5176 771 5232 luisse
793 5182 905 5232 cottstat
923 5191 957 5232 ex
973 5181 1095 5236 concilio

299 5255 436 5309 Toletano
453 5251 518 5316 xil,
543 5249 610 5306 Can.
628 5247 654 5314 6,
681 5261 757 5302 3333
772 5247 834 5314 tat,
860 5247 935 5316 quod
956 5257 1000 5306 est
1020 5252 1092 5306 ariti-

301 5324 384 5395 quius
399 5326 632 5376 motruutoutum:
659 5339 670 5368 ι
689 5319 808 5374 Licittuu
824 5325 939 5375 trtaueat
958 5321 1095 5378 Toletano

302 5393 426 5466 pontitici
451 5391 479 5445 ia
502 5390 673 5460 quibuslibet
689 5389 841 5466 provinciis
859 5391 1003 5459 practicam
1021 5407 1092 5463 pree-

300 5467 389 5529 antes,
410 5469 439 5516 et
462 5461 665 5518 decedentibus
683 5459 826 5532 episeopis
849 5459 957 5531 eligere
978 5477 1092 5520 succes·

301 5547 390 5591 sores.
408 5531 512 5600 »Quod
532 5529 580 5602 jus
602 5532 665 5586 sine
678 5530 763 5586 dubio
779 5529 814 5586 ad
832 5532 967 5600 primates
984 5541 1093 5592 tantum

302 5602 469 5679 pertinebas
485 5601 689 5674 toan.quidem
711 5602 825 5658 Careias
844 5602 927 5658 altius
943 5604 1093 5675 primatum

1144 1127 1278 1189 curator
1301 1126 1491 1187 necessaria
1515 1127 1717 1188 ministravit
1739 1127 1773 1188 et
1798 1128 1949 1205 produc-

1143 1223 1227 1286 tioni
1242 1225 1376 1286 testium
1398 1223 1576 1285 multorum
1600 1223 1760 1298 interluit,
1787 1241 1827 1287 ac
1842 1226 1949 1288 etiam

1143 1323 1304 1399 prestare
1331 1321 1436 1384 voluit
1462 1319 1703 1399 fidejussoriam
1729 1322 1947 1397 cautionem,

1144 1434 1215 1480 rem
1230 1420 1336 1481 ratam
1352 1417 1504 1480 omnibus
1518 1419 1624 1480 modis
1636 1418 1828 1482 habiturum
1843 1441 1851 1482 ε
1868 1421 1949 1499 ipse

1143 1531 1224 1578 vero
1243 1517 1513 1593 archiepiscopus
1538 1516 1571 1577 id
1595 1517 1768 1594 acceptare
1793 1533 1861 1579 non
1883 1535 1949 1580 cu-

1144 1629 1223 1676 rans
1249 1614 1416 1676 recusavit
1436 1615 1548 1692 plures
1572 1613 1673 1676 testes
1694 1614 1878 1692 producere
1900 1617 1946 1678 ab

1144 1712 1226 1788 ipsis
1241 1711 1467 1789 receptoribus
1481 1711 1676 1790 requisitum
1694 1712 1842 1789 ejusdem
1866 1730 1951 1790 pro-

1145 1810 1309 1871 curatoris
1333 1810 1525 1887 petitionem
1547 1808 1587 1869 de
1610 1808 1632 1870 f.
1657 1825 1691 1870 n.
1716 1809 1857 1872 consilio
1877 1827 1949 1872 non

1146 1905 1300 1968 duximus
1316 1906 1563 1978 admittendam,
1579 1906 1640 1968 tibi
1655 1888 1836 1984 praesentes
1851 1908 1949 1970 litte-

1144 2018 1200 2067 ras
1216 2003 1250 2064 in
1274 2004 1374 2081 hujus
1395 2005 1445 2066 rei
1468 2003 1694 2066 testimonium
1713 2005 1947 2078 concedentes,

1145 2116 1187 2164 ne
1213 2102 1387 2164 occasione
1415 2101 1605 2180 hujusmodi
1632 2101 1733 2163 alicui
1766 2117 1882 2180 posses
1909 2103 1952 2164 in

1145 2200 1313 2278 posterum
1328 2199 1499 2278 dispendio
1516 2198 1699 2277 subjacere.

1406 2393 1621 2482 TITULUS
1649 2393 1685 2480 V

1285 2586 1328 2632 nn
1351 2585 1476 2632 cantus
1498 2586 1713 2634 cocvtrtorus
1736 2569 1795 2652 (l).

1170 2706 1314 2767 Lcdoico
1341 2702 1399 2783 (c),
1431 2706 1556 2766 ittustrt
1584 2707 1658 2782 rent
1684 2709 1917 2766 Francorum.

1454 2849 1590 2909 CAPUT
1612 2849 1636 2908 1.

1186 2979 1289 3039 Tuam
1320 2995 1386 3040 non
1408 2979 1572 3040 credimus
1591 2978 1696 3041 latere
1717 2979 1945 3057 prudentiam,

1147 3129 1257 3202 repetit,
1273 3143 1378 3199 nempe
1400 3136 1466 3186 ante
1482 3128 1709 3187 Constantinum.
1728 3129 1764 3186 Ut
1777 3137 1807 3186 ut
1820 3129 1866 3196 sit,
1880 3143 1946 3186 cer-

1146 3208 1207 3256 tum
1221 3205 1265 3256 cst
1280 3201 1482 3256 Bracarensem
1516 3201 1671 3256 revinctam
1688 3213 1793 3256 nomen
1809 3208 1838 3256 et
1850 3199 1949 3274 digni-

1146 3277 1234 3326 tatem
1257 3270 1371 3326 auxisse
1395 3269 1468 3327 iacta
1491 3215 1632 3328 Xivisione
1658 3269 1886 3352 provinciarum,
1916 3272 1949 3327 in

1146 3341 1412 3413 Carthaginensem,
1427 3355 1490 3412 quae
1505 3349 1548 3397 est
1560 3341 1705 3408 Toletana,
1721 3343 1866 3409 Baeticam,
1886 3343 1946 3398 Lu·

1147 3412 1289 3479 sitaniatn,
1303 3413 1558 3480 Tarraconensem,
1581 3419 1609 3468 et
1629 3412 1804 3480 Callaeciam,
1821 3427 1886 3482 qne
1900 3419 1950 3468 est

1148 3483 1331 3540 bracarensis
1351 3482 1404 3540 sub
1426 3483 1545 3553 imperio
1561 3484 1732 3551 suevorum,
1756 3489 1783 3539 et
1804 3484 1947 3540 Constan-

1145 3553 1197 3610 tini
1214 3555 1263 3620 ll,
1280 3561 1310 3610 ut
1325 3567 1477 3624 perperam
1498 3553 1614 3625 quidam
1642 3559 1751 3635 putant,
1775 3567 1826 3608 sou
1849 3556 1949 3626 potius

1148 3622 1320 3692 Gothorum3
1346 3638 1408 3696 quae
1426 3623 1544 3697 quidem
1564 3623 1663 3680 habuit
1681 3623 1886 3694 metropolitas,
1915 3632 1948 3680 et

1148 3695 1284 3752 amissum
1301 3695 1453 3766 primatum
1481 3701 1616 3766 posteaa
1643 3694 1773 3752 Paschali
1790 3696 1825 3758 11.
1849 3696 1946 3752 Calix·

1148 3772 1176 3822 to
1191 3769 1227 3831 ll,
1242 3767 1373 3835 hugenio
1389 3769 1438 3834 lll,
1457 3765 1600 3822 Hadriano
1613 3767 1661 3833 tv,
1675 3773 1704 3822 et
1717 3763 1878 3822 Alexandro
1892 3768 1946 3834 lll,

1147 3837 1337 3908 recuperavit,
1360 3837 1542 3905 mileciam,
1559 3837 1647 3892 etalii
1662 3835 1788 3894 historici
1804 3844 1921 3893 narrant
1937 3854 1946 3893 ι

1148 3914 1177 3966 et
1190 3908 1256 3962 licet
1274 3921 1310 3962 ex
1324 3921 1359 3962 eo
1374 3913 1502 3978 tempore
1519 3908 1701 3964 Bracareusis
1714 3908 1865 3978 primatum
1891 3908 1948 3964 sibi

1148 3977 1293 4033 vindicare
1306 3977 1425 4033 voluerit
1437 3977 1490 4033 sub
1504 3978 1621 4034 nomine
1632 3976 1810 4049 metropolis,
1828 3977 1947 4034 invenio

1148 4054 1244 4102 tamen
1270 4045 1390 4102 diversis
1423 4055 1478 4103 tem
1502 4049 1598 4104 oribus
1629 4051 1765 4104 Toletano
1790 4049 1946 4120 primatum

1148 4115 1240 4174 luisse
1251 4115 1393 4198 delatum,
1410 4125 1441 4174 ut
1463 4063 1499 4174 „R
1514 4119 1627 4176 Urbano
1645 4121 1682 4186 ll,
1697 4119 1772 4190 apud
1787 4119 1942 4188 Plotinam,

1149 4201 1225 4244 armo
1248 4187 1327 4256 1088,
1349 4203 1431 4260 curus
1452 4191 1619 4261 rescriptum
1643 4190 1730 4246 refert
1753 4190 1880 4254 Careias,
1896 4197 1941 4245 to-

1149 4273 1196 4315 mo
1211 4259 1248 4326 ll,
1266 4260 1466 4325 Consiliorum,
1480 4267 1509 4316 ct
1530 4261 1595 4332 quia
1618 4259 1666 4318 his
1687 4274 1744 4316 non
1766 4259 1947 4317 obstantibus

1149 4328 1181 4384 lis
1198 4329 1327 4402 pervenit
1359 4327 1394 4386 ad
1416 4331 1573 4387 innocentii
1596 4333 1637 4388 lll
1670 4338 1794 4413 tempus,
1816 4331 1900 4402 epist.
1915 4332 1946 4400 5,

1148 4399 1195 4456 lib.
1219 4399 1295 4466 lilii,
1314 4401 1341 4456 in
1364 4415 1419 4471 qua
1442 4400 1592 4472 primatem
1620 4400 1820 4472 hispamarum
1836 4401 1943 4457 coudr-

1149 4477 1216 4537 met,
1234 4477 1318 4540 atquc
1331 4471 1417 4526 etiam
1433 4473 1550 4528 Honorii
1565 4473 1663 4541 nostri,
1677 4479 1709 4529 ut
1728 4479 1805 4544 patet
1828 4487 1865 4527 ex
1890 4472 1949 4528 hoc

1148 4555 1223 4611 cap..
1240 4548 1268 4596 et
1282 4539 1427 4613 dictocap.
1455 4543 1502 4600 tiu.
1518 4544 1551 4599 de
1566 4545 1595 4598 tu
1611 4543 1694 4613 tnteq.
1717 4544 1817 4607 restit,
1843 4543 1951 4599 iterum

1149 4611 1243 4668 decisa
1260 4609 1311 4667 luit
1324 4613 1351 4668 iu
1368 4613 1491 4684 gratiam
1500 4613 1577 4670 sedis
1590 4613 1760 4670 Toletauaea
1774 4613 1895 4672 Martiae
1908 4616 1947 4682 V,

1149 4689 1179 4738 ut
1194 4689 1312 4738 testatur
1332 4683 1468 4750 Meriana,
1493 4683 1540 4740 lib.
1558 4686 1595 4742 Vl
1612 4693 1640 4740 et
1655 4685 1718 4752 lili,
1733 4685 1780 4756 qui
1804 4687 1948 4741 loannem

1148 4753 1334 4819 Contrarium,
1343 4755 1776 4826 armieptscopumtoletannm,
1790 4755 1873 4811 altius
1883 4769 1950 4811 eve·

1148 4824 1226 4880 xisse
1247 4824 1374 4895 pritnatis
1392 4827 1503 4882 titulum
1525 4825 1619 4892 refert,
1637 4825 1829 4896 non·quidom
1846 4833 1876 4882 ut
1890 4826 1948 4896 pri·

1149 4909 1214 4952 mus
1228 4894 1283 4952 hoc
1295 4909 1399 4952 neuen
1416 4897 1468 4952 sibi
1485 4898 1634 4968 arrogarit,
1653 4896 1728 4968 quod
1751 4904 1846 4953 temen
1861 4897 1950 4953 stantit

1149 4966 1300 5095 episcogus
1314 4967 1493 5039 Apanriensis
1507 4967 1542 5024 ad
1555 4983 1662 5024 antrum
1680 4967 1761 5036 titt,
1778 4981 1826 5023 nrt.
1845 4968 1872 5023 h.

1185 5034 1226 5108 (l)
1259 5051 1275 5092 e
1290 5037 1353 5094 titre
1368 5045 1411 5094 cst
1426 5040 1452 5094 le
1467 5039 1513 5096 10θ
1528 5037 1565 5095 du
1577 5039 1635 5096 Liv.
1649 5041 1675 5094 ll
1688 5037 1739 5094 des
1757 5037 1864 5094 liceret.
1879 5039 1948 5094 6νέ-

1149 5108 1303 5176 pertenues.
1325 5109 1363 5165 he
1385 5109 1416 5165 5³
1437 5107 1472 5164 dc
1496 5109 1522 5165 la
1549 5109 1715 5180 Compitalia
1727 5110 1824 5179 prima
1843 5116 1886 5166 est
1907 5110 1949 5165 in-

1151 5177 1242 5235 titulc:
1265 5180 1414 5235 Decretum
1423 5179 1608 5250 judiciorum.

1186 5249 1227 5321 (3)
1248 5251 1375 5306 Lodotcc.
1392 5251 1510 5317 Octavo,
1535 5250 1594 5306 filio
1606 5249 1729 5324 Philippi
1750 5251 1882 5323 Augusti.
1906 5253 1949 5308 De

1150 5319 1266 5376 historia
1283 5319 1367 5392 hauns
1380 5322 1482 5393 capitis
1497 5321 1567 5378 varii
1583 5323 1660 5378 varia
1677 5339 1684 5379 ε
1702 5337 1754 5378 303
1768 5323 1866 5394 paucis
1881 5337 1950 5380 eam

1151 5392 1384 5462 perstringemus.
1406 5392 1523 5448 isabella
1536 5392 1591 5448 lilia
1604 5393 1739 5449 amalrici
1754 5393 1832 5465 rogis
1849 5393 1948 5449 iliero-

1149 5462 1311 5533 solymitani
1322 5463 1418 5534 nupsit
1432 5463 1523 5534 primo
1537 5463 1751 5530 hermenfredo,
1769 5465 1813 5520 vel
1830 5463 1949 5520 03303-

1149 5531 1185 5588 do
1208 5531 1377 5598 (secuudum
1397 5534 1577 5590 Guillelmum
1598 5532 1727 5606 Tyrium)
1747 5536 1859 5591 Torono
1875 5551 1884 5590 :
1900 5550 1947 5591 se·

1150 5604 1242 5660 catula
1266 5602 1396 5660 Cotuado
1418 5604 1575 5662 marchioni
1599 5606 1809 5664 ltlomisl'ervati.
1826 5608 1949 5679 ltaptaur
