<?xml version="1.0" encoding="UTF-8"?>
<!DOCTYPE html PUBLIC "-//W3C//DTD XHTML 1.0 Transitional//EN"
    "http://www.w3.org/TR/xhtml1/DTD/xhtml1-transitional.dtd">
<html xmlns="http://www.w3.org/1999/xhtml" xml:lang="en" lang="en">
 <head>
  <title>
</title>
<meta http-equiv="Content-Type" content="text/html;charset=utf-8" />
  <meta name='ocr-system' content='tesseract 3.04.00' />
  <meta name='ocr-capabilities' content='ocr_page ocr_carea ocr_par ocr_line ocrx_word'/>
</head>
<body>
  <div class='ocr_page' id='page_1' title='image "./mediiaevibiblio05bottgoog_0099.png"; bbox 0 0 4108 6418; ppageno 0'>
   <div class='ocr_carea' id='block_1_1' title="bbox 945 261 1358 323">
    <p class='ocr_par' dir='ltr' id='par_1_1' title="bbox 945 261 1358 323">
     <span class='ocr_line' id='line_1_1' title="bbox 945 261 1358 323; baseline -0.002 -4"><span class='ocrx_word' id='word_1_1' title='bbox 945 261 1121 323; x_wconf 71' lang='lat' dir='ltr'><strong>itonotitt</strong></span> <span class='ocrx_word' id='word_1_2' title='bbox 1144 263 1189 321; x_wconf 91' lang='grc' dir='ltr'><strong>ΙΙΙ</strong></span> <span class='ocrx_word' id='word_1_3' title='bbox 1211 262 1358 322; x_wconf 74' lang='lat' dir='ltr'><strong>OPERA.</strong></span> 
     </span>
    </p>
   </div>
   <div class='ocr_carea' id='block_1_2' title="bbox 380 520 993 706">
    <p class='ocr_par' dir='ltr' id='par_1_2' title="bbox 380 520 993 706">
     <span class='ocr_line' id='line_1_2' title="bbox 380 520 993 590; baseline 0 -8"><span class='ocrx_word' id='word_1_4' title='bbox 380 520 559 590; x_wconf 72' lang='lat' dir='ltr'><strong>diabolici</strong></span> <span class='ocrx_word' id='word_1_5' title='bbox 580 521 769 581; x_wconf 82' lang='lat' dir='ltr'><strong>Coiircaiai</strong></span> <span class='ocrx_word' id='word_1_6' title='bbox 789 523 993 582; x_wconf 74' lang='lat' dir='ltr'><strong>nrortasicrii</strong></span> 
     </span>
     <span class='ocr_line' id='line_1_3' title="bbox 570 623 797 706; baseline 0.004 -21"><span class='ocrx_word' id='word_1_7' title='bbox 570 628 726 688; x_wconf 81' lang='lat' dir='ltr'><strong>Doierisis</strong></span> <span class='ocrx_word' id='word_1_8' title='bbox 737 623 797 706; x_wconf 84' lang='lat' dir='ltr'><strong>(a).</strong></span> 
     </span>
    </p>
   </div>
   <div class='ocr_carea' id='block_1_3' title="bbox 578 802 793 863">
    <p class='ocr_par' dir='ltr' id='par_1_3' title="bbox 578 802 793 863">
     <span class='ocr_line' id='line_1_4' title="bbox 578 802 793 863; baseline -0.009 -2"><span class='ocrx_word' id='word_1_9' title='bbox 578 803 714 863; x_wconf 83' lang='lat' dir='ltr'>CAPUT</span> <span class='ocrx_word' id='word_1_10' title='bbox 739 802 793 862; x_wconf 88' lang='lat' dir='ltr'><strong>vt.</strong></span> 
     </span>
    </p>
   </div>
   <div class='ocr_carea' id='block_1_4' title="bbox 283 951 1094 2880">
    <p class='ocr_par' dir='ltr' id='par_1_4' title="bbox 283 951 1094 2880">
     <span class='ocr_line' id='line_1_5' title="bbox 327 951 1086 1029; baseline -0.004 -17"><span class='ocrx_word' id='word_1_11' title='bbox 327 955 407 1012; x_wconf 86' lang='lat' dir='ltr'><strong>Cum</strong></span> <span class='ocrx_word' id='word_1_12' title='bbox 422 953 501 1014; x_wconf 92' lang='lat' dir='ltr'><strong>olim</strong></span> <span class='ocrx_word' id='word_1_13' title='bbox 514 967 614 1029; x_wconf 89' lang='lat' dir='ltr'><strong>super</strong></span> <span class='ocrx_word' id='word_1_14' title='bbox 632 953 790 1029; x_wconf 88' lang='lat' dir='ltr'><strong>petitione</strong></span> <span class='ocrx_word' id='word_1_15' title='bbox 803 951 1023 1029; x_wconf 81' lang='lat' dir='ltr'><strong>proventuum</strong></span> <span class='ocrx_word' id='word_1_16' title='bbox 1036 964 1086 1010; x_wconf 92' lang='grc'><strong>00-</strong></span> 
     </span>
     <span class='ocr_line' id='line_1_6' title="bbox 287 1047 1086 1128; baseline -0.005 -17"><span class='ocrx_word' id='word_1_17' title='bbox 287 1050 465 1112; x_wconf 87' lang='lat' dir='ltr'><strong>etesiarum</strong></span> <span class='ocrx_word' id='word_1_18' title='bbox 485 1051 656 1128; x_wconf 91' lang='lat' dir='ltr'><strong>inquibus</strong></span> <span class='ocrx_word' id='word_1_19' title='bbox 680 1052 827 1113; x_wconf 89' lang='lat' dir='ltr'><strong>vestrum</strong></span> <span class='ocrx_word' id='word_1_20' title='bbox 847 1047 1086 1110; x_wconf 87' lang='lat' dir='ltr'><strong>monasterium</strong></span> 
     </span>
     <span class='ocr_line' id='line_1_7' title="bbox 283 1145 1088 1224; baseline -0.001 -17"><span class='ocrx_word' id='word_1_21' title='bbox 283 1150 340 1224; x_wconf 88' lang='lat' dir='ltr'><strong>jus</strong></span> <span class='ocrx_word' id='word_1_22' title='bbox 362 1147 488 1211; x_wconf 88' lang='lat' dir='ltr'><strong>obtinet</strong></span> <span class='ocrx_word' id='word_1_23' title='bbox 512 1148 675 1220; x_wconf 84' lang='lat' dir='ltr'><strong>iacienda,</strong></span> <span class='ocrx_word' id='word_1_24' title='bbox 696 1147 784 1210; x_wconf 90' lang='lat' dir='ltr'><strong>inter</strong></span> <span class='ocrx_word' id='word_1_25' title='bbox 805 1147 949 1219; x_wconf 85' lang='lat' dir='ltr'><strong>Priores,</strong></span> <span class='ocrx_word' id='word_1_26' title='bbox 975 1145 1009 1207; x_wconf 88' lang='lat' dir='ltr'><strong>et</strong></span> <span class='ocrx_word' id='word_1_27' title='bbox 1029 1159 1088 1206; x_wconf 90' lang='lat' dir='ltr'><strong>ca-</strong></span> 
     </span>
     <span class='ocr_line' id='line_1_8' title="bbox 288 1243 1085 1324; baseline -0.006 -18"><span class='ocrx_word' id='word_1_28' title='bbox 288 1245 438 1324; x_wconf 92' lang='lat' dir='ltr'><strong>pellanos</strong></span> <span class='ocrx_word' id='word_1_29' title='bbox 463 1247 632 1323; x_wconf 89' lang='lat' dir='ltr'><strong>ipsarum,</strong></span> <span class='ocrx_word' id='word_1_30' title='bbox 658 1243 876 1307; x_wconf 86' lang='lat' dir='ltr'><strong>Bituricensis</strong></span> <span class='ocrx_word' id='word_1_31' title='bbox 911 1243 1085 1313; x_wconf 88' lang='lat' dir='ltr'><strong>dioecesis,</strong></span> 
     </span>
     <span class='ocr_line' id='line_1_9' title="bbox 288 1341 1087 1420; baseline -0.004 -17"><span class='ocrx_word' id='word_1_32' title='bbox 288 1344 427 1420; x_wconf 87' lang='lat' dir='ltr'><strong>quaestio</strong></span> <span class='ocrx_word' id='word_1_33' title='bbox 450 1358 563 1405; x_wconf 92' lang='lat' dir='ltr'><strong>coram</strong></span> <span class='ocrx_word' id='word_1_34' title='bbox 579 1344 686 1404; x_wconf 87' lang='lat' dir='ltr'><strong>felicis</strong></span> <span class='ocrx_word' id='word_1_35' title='bbox 706 1343 875 1404; x_wconf 91' lang='lat' dir='ltr'><strong>memoriae</strong></span> <span class='ocrx_word' id='word_1_36' title='bbox 895 1341 1087 1403; x_wconf 82' lang='lat' dir='ltr'>Innocentio</span> 
     </span>
     <span class='ocr_line' id='line_1_10' title="bbox 288 1438 1088 1518; baseline -0.004 -17"><span class='ocrx_word' id='word_1_37' title='bbox 288 1443 390 1518; x_wconf 88' lang='lat' dir='ltr'><strong>Papa,</strong></span> <span class='ocrx_word' id='word_1_38' title='bbox 413 1442 658 1518; x_wconf 77' lang='lat' dir='ltr'><strong>praedecessore</strong></span> <span class='ocrx_word' id='word_1_39' title='bbox 676 1441 799 1514; x_wconf 91' lang='lat' dir='ltr'><strong>nostro,</strong></span> <span class='ocrx_word' id='word_1_40' title='bbox 824 1439 942 1500; x_wconf 84' lang='lat' dir='ltr'><strong>suisset</strong></span> <span class='ocrx_word' id='word_1_41' title='bbox 963 1438 1088 1500; x_wconf 81' lang='grc'>0101100</span> 
     </span>
     <span class='ocr_line' id='line_1_11' title="bbox 289 1535 1090 1615; baseline -0.002 -17"><span class='ocrx_word' id='word_1_42' title='bbox 289 1538 473 1613; x_wconf 82' lang='lat' dir='ltr'><strong>exagitata;</strong></span> <span class='ocrx_word' id='word_1_43' title='bbox 491 1539 624 1600; x_wconf 87' lang='lat' dir='ltr'><strong>tandem</strong></span> <span class='ocrx_word' id='word_1_44' title='bbox 639 1539 710 1615; x_wconf 92' lang='lat' dir='ltr'><strong>ipse</strong></span> <span class='ocrx_word' id='word_1_45' title='bbox 725 1537 916 1614; x_wconf 89' lang='lat' dir='ltr'><strong>hujusmodi</strong></span> <span class='ocrx_word' id='word_1_46' title='bbox 931 1535 1090 1613; x_wconf 84' lang='lat' dir='ltr'><strong>quaestio·</strong></span> 
     </span>
     <span class='ocr_line' id='line_1_12' title="bbox 290 1631 1088 1712; baseline -0.004 -18"><span class='ocrx_word' id='word_1_47' title='bbox 290 1650 366 1695; x_wconf 88' lang='lat' dir='ltr'><strong>nem</strong></span> <span class='ocrx_word' id='word_1_48' title='bbox 383 1636 515 1710; x_wconf 90' lang='lat' dir='ltr'><strong>sopiens</strong></span> <span class='ocrx_word' id='word_1_49' title='bbox 533 1634 735 1712; x_wconf 92' lang='lat' dir='ltr'><strong>providendo</strong></span> <span class='ocrx_word' id='word_1_50' title='bbox 752 1633 994 1704; x_wconf 76' lang='lat' dir='ltr'><strong>determinavit,</strong></span> <span class='ocrx_word' id='word_1_51' title='bbox 1010 1631 1088 1710; x_wconf 92' lang='lat' dir='ltr'><strong>quid</strong></span> 
     </span>
     <span class='ocr_line' id='line_1_13' title="bbox 289 1729 1090 1809; baseline -0.004 -17"><span class='ocrx_word' id='word_1_52' title='bbox 289 1733 429 1809; x_wconf 90' lang='lat' dir='ltr'><strong>priores,</strong></span> <span class='ocrx_word' id='word_1_53' title='bbox 445 1732 564 1809; x_wconf 89' lang='lat' dir='ltr'><strong>quidve</strong></span> <span class='ocrx_word' id='word_1_54' title='bbox 583 1732 790 1809; x_wconf 83' lang='lat' dir='ltr'><strong>perciperent</strong></span> <span class='ocrx_word' id='word_1_55' title='bbox 808 1730 988 1806; x_wconf 80' lang='lat' dir='ltr'><strong>Capeliani,</strong></span> <span class='ocrx_word' id='word_1_56' title='bbox 1004 1729 1090 1790; x_wconf 89' lang='lat' dir='ltr'><strong>sicut</strong></span> 
     </span>
     <span class='ocr_line' id='line_1_14' title="bbox 290 1825 1091 1906; baseline -0.004 -17"><span class='ocrx_word' id='word_1_57' title='bbox 290 1829 327 1889; x_wconf 93' lang='lat' dir='ltr'><strong>in</strong></span> <span class='ocrx_word' id='word_1_58' title='bbox 338 1832 411 1906; x_wconf 90' lang='lat' dir='ltr'><strong>ejus</strong></span> <span class='ocrx_word' id='word_1_59' title='bbox 433 1829 553 1890; x_wconf 89' lang='lat' dir='ltr'><strong>litteris</strong></span> <span class='ocrx_word' id='word_1_60' title='bbox 573 1829 669 1890; x_wconf 87' lang='lat' dir='ltr'><strong>factis</strong></span> <span class='ocrx_word' id='word_1_61' title='bbox 692 1843 792 1904; x_wconf 86' lang='lat' dir='ltr'><strong>super</strong></span> <span class='ocrx_word' id='word_1_62' title='bbox 810 1826 1005 1904; x_wconf 83' lang='lat' dir='ltr'><strong>provisione</strong></span> <span class='ocrx_word' id='word_1_63' title='bbox 1026 1825 1091 1886; x_wconf 82' lang='lat' dir='ltr'><strong>lau-</strong></span> 
     </span>
     <span class='ocr_line' id='line_1_15' title="bbox 287 1924 1091 2004; baseline -0.004 -18"><span class='ocrx_word' id='word_1_64' title='bbox 287 1927 433 2004; x_wconf 88' lang='lat' dir='ltr'><strong>jusmodi</strong></span> <span class='ocrx_word' id='word_1_65' title='bbox 449 1926 619 1988; x_wconf 88' lang='lat' dir='ltr'><strong>evidenter</strong></span> <span class='ocrx_word' id='word_1_66' title='bbox 633 1926 780 2003; x_wconf 87' lang='lat' dir='ltr'><strong>apparet.</strong></span> <span class='ocrx_word' id='word_1_67' title='bbox 805 1924 868 1986; x_wconf 83' lang='lat' dir='ltr'><strong>Sed</strong></span> <span class='ocrx_word' id='word_1_68' title='bbox 882 1924 1015 2002; x_wconf 90' lang='lat' dir='ltr'><strong>quidam</strong></span> <span class='ocrx_word' id='word_1_69' title='bbox 1033 1926 1091 1984; x_wconf 86' lang='lat' dir='ltr'><strong>Ca·</strong></span> 
     </span>
     <span class='ocr_line' id='line_1_16' title="bbox 291 2021 1091 2101; baseline -0.003 -17"><span class='ocrx_word' id='word_1_70' title='bbox 291 2023 416 2101; x_wconf 89' lang='lat' dir='ltr'><strong>pellani</strong></span> <span class='ocrx_word' id='word_1_71' title='bbox 430 2024 646 2084; x_wconf 90' lang='lat' dir='ltr'><strong>ecclesiarum</strong></span> <span class='ocrx_word' id='word_1_72' title='bbox 658 2023 818 2100; x_wconf 90' lang='lat' dir='ltr'><strong>ipsarum,</strong></span> <span class='ocrx_word' id='word_1_73' title='bbox 838 2022 1012 2083; x_wconf 85' lang='lat' dir='ltr'><strong>occasione</strong></span> <span class='ocrx_word' id='word_1_74' title='bbox 1027 2021 1091 2082; x_wconf 89' lang='lat' dir='ltr'><strong>sta·</strong></span> 
     </span>
     <span class='ocr_line' id='line_1_17' title="bbox 291 2119 1091 2197; baseline -0.003 -15"><span class='ocrx_word' id='word_1_75' title='bbox 291 2119 354 2182; x_wconf 90' lang='lat' dir='ltr'><strong>tuti</strong></span> <span class='ocrx_word' id='word_1_76' title='bbox 386 2120 525 2182; x_wconf 87' lang='lat' dir='ltr'><strong>Concilii</strong></span> <span class='ocrx_word' id='word_1_77' title='bbox 557 2120 744 2196; x_wconf 89' lang='lat' dir='ltr'><strong>generalis,</strong></span> <span class='ocrx_word' id='word_1_78' title='bbox 776 2135 840 2197; x_wconf 91' lang='lat' dir='ltr'><strong>quo</strong></span> <span class='ocrx_word' id='word_1_79' title='bbox 879 2119 1009 2192; x_wconf 87' lang='lat' dir='ltr'><strong>dicitur,</strong></span> <span class='ocrx_word' id='word_1_80' title='bbox 1055 2119 1091 2180; x_wconf 87' lang='lat' dir='ltr'><strong>ut</strong></span> 
     </span>
     <span class='ocr_line' id='line_1_18' title="bbox 293 2216 1093 2296; baseline 0 -19"><span class='ocrx_word' id='word_1_81' title='bbox 293 2219 438 2294; x_wconf 83' lang='lat' dir='ltr'><strong>provisio</strong></span> <span class='ocrx_word' id='word_1_82' title='bbox 460 2234 606 2296; x_wconf 89' lang='lat' dir='ltr'><strong>congrua</strong></span> <span class='ocrx_word' id='word_1_83' title='bbox 627 2234 686 2295; x_wconf 90' lang='lat' dir='ltr'><strong>per</strong></span> <span class='ocrx_word' id='word_1_84' title='bbox 716 2216 959 2295; x_wconf 82' lang='lat' dir='ltr'><strong>parochialium</strong></span> <span class='ocrx_word' id='word_1_85' title='bbox 984 2216 1093 2277; x_wconf 91' lang='lat' dir='ltr'><strong>eccle-</strong></span> 
     </span>
     <span class='ocr_line' id='line_1_19' title="bbox 297 2313 1091 2393; baseline 0 -19"><span class='ocrx_word' id='word_1_86' title='bbox 297 2315 423 2376; x_wconf 88' lang='lat' dir='ltr'><strong>siarum</strong></span> <span class='ocrx_word' id='word_1_87' title='bbox 444 2315 663 2393; x_wconf 84' lang='lat' dir='ltr'><strong>presbyteros,</strong></span> <span class='ocrx_word' id='word_1_88' title='bbox 690 2332 757 2377; x_wconf 92' lang='lat' dir='ltr'><strong>non</strong></span> <span class='ocrx_word' id='word_1_89' title='bbox 783 2315 935 2376; x_wconf 87' lang='lat' dir='ltr'><strong>obstante</strong></span> <span class='ocrx_word' id='word_1_90' title='bbox 959 2313 1091 2391; x_wconf 91' lang='lat' dir='ltr'><strong>patroni</strong></span> 
     </span>
     <span class='ocr_line' id='line_1_20' title="bbox 296 2412 1093 2490; baseline -0.001 -17"><span class='ocrx_word' id='word_1_91' title='bbox 296 2413 534 2475; x_wconf 87' lang='lat' dir='ltr'><strong>consuetudine</strong></span> <span class='ocrx_word' id='word_1_92' title='bbox 550 2415 750 2489; x_wconf 82' lang='lat' dir='ltr'><strong>assignetur,</strong></span> <span class='ocrx_word' id='word_1_93' title='bbox 765 2412 989 2490; x_wconf 87' lang='lat' dir='ltr'><strong>provisionem</strong></span> <span class='ocrx_word' id='word_1_94' title='bbox 1006 2426 1093 2472; x_wconf 91' lang='lat' dir='ltr'><strong>eam·</strong></span> 
     </span>
     <span class='ocr_line' id='line_1_21' title="bbox 293 2508 1090 2586; baseline -0.004 -15"><span class='ocrx_word' id='word_1_95' title='bbox 293 2511 379 2584; x_wconf 89' lang='lat' dir='ltr'><strong>dem,</strong></span> <span class='ocrx_word' id='word_1_96' title='bbox 404 2512 490 2572; x_wconf 91' lang='lat' dir='ltr'><strong>sicut</strong></span> <span class='ocrx_word' id='word_1_97' title='bbox 512 2512 674 2582; x_wconf 90' lang='lat' dir='ltr'><strong>asseritis,</strong></span> <span class='ocrx_word' id='word_1_98' title='bbox 697 2509 880 2586; x_wconf 83' lang='lat' dir='ltr'><strong>infringere</strong></span> <span class='ocrx_word' id='word_1_99' title='bbox 898 2508 1090 2570; x_wconf 88' lang='lat' dir='ltr'><strong>moliuntur.</strong></span> 
     </span>
     <span class='ocr_line' id='line_1_22' title="bbox 295 2606 1093 2685; baseline -0.006 -15"><span class='ocrx_word' id='word_1_100' title='bbox 295 2611 401 2680; x_wconf 88' lang='lat' dir='ltr'><strong>anm</strong></span> <span class='ocrx_word' id='word_1_101' title='bbox 436 2625 514 2685; x_wconf 91' lang='lat' dir='ltr'><strong>ergo</strong></span> <span class='ocrx_word' id='word_1_102' title='bbox 547 2608 697 2685; x_wconf 89' lang='lat' dir='ltr'><strong>generali</strong></span> <span class='ocrx_word' id='word_1_103' title='bbox 720 2608 843 2670; x_wconf 87' lang='lat' dir='ltr'><strong>statuto</strong></span> <span class='ocrx_word' id='word_1_104' title='bbox 868 2623 934 2668; x_wconf 92' lang='lat' dir='ltr'><strong>non</strong></span> <span class='ocrx_word' id='word_1_105' title='bbox 956 2606 1093 2668; x_wconf 90' lang='lat' dir='ltr'><strong>tollatur</strong></span> 
     </span>
     <span class='ocr_line' id='line_1_23' title="bbox 295 2706 1092 2784; baseline -0.004 -18"><span class='ocrx_word' id='word_1_106' title='bbox 295 2707 440 2784; x_wconf 83' lang='lat' dir='ltr'><strong>provisio</strong></span> <span class='ocrx_word' id='word_1_107' title='bbox 449 2707 616 2784; x_wconf 90' lang='lat' dir='ltr'><strong>specialis,</strong></span> <span class='ocrx_word' id='word_1_108' title='bbox 631 2723 691 2768; x_wconf 89' lang='lat' dir='ltr'><strong>nos</strong></span> <span class='ocrx_word' id='word_1_109' title='bbox 705 2706 745 2766; x_wconf 90' lang='lat' dir='ltr'><strong>de</strong></span> <span class='ocrx_word' id='word_1_110' title='bbox 761 2721 926 2767; x_wconf 88' lang='lat' dir='ltr'><strong>consensu</strong></span> <span class='ocrx_word' id='word_1_111' title='bbox 939 2706 1092 2765; x_wconf 82' lang='lat' dir='ltr'><strong>Fratrum</strong></span> 
     </span>
     <span class='ocr_line' id='line_1_24' title="bbox 294 2799 1094 2880; baseline -0.004 -17"><span class='ocrx_word' id='word_1_112' title='bbox 294 2801 484 2864; x_wconf 89' lang='lat' dir='ltr'><strong>nostrornm</strong></span> <span class='ocrx_word' id='word_1_113' title='bbox 496 2803 719 2880; x_wconf 88' lang='lat' dir='ltr'><strong>provisionem</strong></span> <span class='ocrx_word' id='word_1_114' title='bbox 728 2804 799 2879; x_wconf 89' lang='lat' dir='ltr'><strong>jam</strong></span> <span class='ocrx_word' id='word_1_115' title='bbox 812 2801 933 2862; x_wconf 90' lang='lat' dir='ltr'><strong>dictam</strong></span> <span class='ocrx_word' id='word_1_116' title='bbox 951 2799 1094 2860; x_wconf 89' lang='lat' dir='ltr'><strong>anctori-</strong></span> 
     </span>
    </p>
   </div>
   <div class='ocr_carea' id='block_1_5' title="bbox 297 3001 1100 5691">
    <p class='ocr_par' dir='ltr' id='par_1_5' title="bbox 297 3001 1095 3499">
     <span class='ocr_line' id='line_1_25' title="bbox 342 3001 1095 3076; baseline -0.001 -17"><span class='ocrx_word' id='word_1_117' title='bbox 342 3001 385 3076; x_wconf 87' lang='grc'><strong>(0)</strong></span> <span class='ocrx_word' id='word_1_118' title='bbox 405 3004 518 3072; x_wconf 77' lang='lat' dir='ltr'><strong>Abbati,</strong></span> <span class='ocrx_word' id='word_1_119' title='bbox 540 3008 565 3059; x_wconf 83' lang='lat' dir='ltr'><strong>rt</strong></span> <span class='ocrx_word' id='word_1_120' title='bbox 589 3004 735 3060; x_wconf 83' lang='lat' dir='ltr'><strong>cariaeatui</strong></span> <span class='ocrx_word' id='word_1_121' title='bbox 758 3004 883 3060; x_wconf 83' lang='lat' dir='ltr'><strong>Doieasi.</strong></span> <span class='ocrx_word' id='word_1_122' title='bbox 901 3002 1033 3068; x_wconf 80' lang='lat' dir='ltr'><strong>balenae,</strong></span> <span class='ocrx_word' id='word_1_123' title='bbox 1048 3001 1095 3058; x_wconf 88' lang='lat' dir='ltr'><strong>vel</strong></span> 
     </span>
     <span class='ocr_line' id='line_1_26' title="bbox 297 3073 1091 3147; baseline -0.004 -16"><span class='ocrx_word' id='word_1_124' title='bbox 297 3074 503 3147; x_wconf 89' lang='lat' dir='ltr'><strong>Burgidolcose</strong></span> <span class='ocrx_word' id='word_1_125' title='bbox 518 3075 629 3130; x_wconf 89' lang='lat' dir='ltr'><strong>celebre</strong></span> <span class='ocrx_word' id='word_1_126' title='bbox 645 3073 848 3131; x_wconf 85' lang='lat' dir='ltr'><strong>Moaasterium</strong></span> <span class='ocrx_word' id='word_1_127' title='bbox 863 3073 995 3130; x_wconf 76' lang='lat' dir='ltr'><strong>dioecesis</strong></span> <span class='ocrx_word' id='word_1_128' title='bbox 1015 3074 1091 3130; x_wconf 91' lang='lat' dir='ltr'><strong>Bitu·</strong></span> 
     </span>
     <span class='ocr_line' id='line_1_27' title="bbox 298 3143 1094 3216; baseline -0.001 -16"><span class='ocrx_word' id='word_1_129' title='bbox 298 3145 427 3214; x_wconf 88' lang='lat' dir='ltr'><strong>ricensis,</strong></span> <span class='ocrx_word' id='word_1_130' title='bbox 439 3143 546 3201; x_wconf 85' lang='lat' dir='ltr'><strong>ordinis</strong></span> <span class='ocrx_word' id='word_1_131' title='bbox 563 3146 654 3201; x_wconf 91' lang='lat' dir='ltr'><strong>sancti</strong></span> <span class='ocrx_word' id='word_1_132' title='bbox 674 3143 819 3202; x_wconf 81' lang='lat' dir='ltr'><strong>Benedicti</strong></span> <span class='ocrx_word' id='word_1_133' title='bbox 833 3143 868 3201; x_wconf 89' lang='lat' dir='ltr'><strong>ad</strong></span> <span class='ocrx_word' id='word_1_134' title='bbox 883 3143 1032 3216; x_wconf 81' lang='lat' dir='ltr'><strong>Angerim,</strong></span> <span class='ocrx_word' id='word_1_135' title='bbox 1049 3143 1094 3200; x_wconf 91' lang='lat' dir='ltr'><strong>vel</strong></span> 
     </span>
     <span class='ocr_line' id='line_1_28' title="bbox 298 3213 1094 3296; baseline -0.003 -24"><span class='ocrx_word' id='word_1_136' title='bbox 298 3215 425 3284; x_wconf 89' lang='lat' dir='ltr'><strong>ladrum,</strong></span> <span class='ocrx_word' id='word_1_137' title='bbox 439 3215 526 3289; x_wconf 87' lang='lat' dir='ltr'><strong>vulgo</strong></span> <span class='ocrx_word' id='word_1_138' title='bbox 538 3216 702 3283; x_wconf 72' lang='lat' dir='ltr'><strong>Ronmanis,</strong></span> <span class='ocrx_word' id='word_1_139' title='bbox 717 3215 772 3282; x_wconf 91' lang='lat' dir='ltr'><strong>vel,</strong></span> <span class='ocrx_word' id='word_1_140' title='bbox 786 3215 977 3296; x_wconf 76' lang='lat' dir='ltr'><strong>Boarpaaar,</strong></span> <span class='ocrx_word' id='word_1_141' title='bbox 993 3213 1094 3271; x_wconf 86' lang='grc'>10000-</span> 
     </span>
     <span class='ocr_line' id='line_1_29' title="bbox 298 3285 1095 3357; baseline 0 -15"><span class='ocrx_word' id='word_1_142' title='bbox 298 3293 358 3342; x_wconf 93' lang='lat' dir='ltr'><strong>tnm</strong></span> <span class='ocrx_word' id='word_1_143' title='bbox 380 3287 415 3343; x_wconf 88' lang='lat' dir='ltr'><strong>ab</strong></span> <span class='ocrx_word' id='word_1_144' title='bbox 430 3285 548 3343; x_wconf 89' lang='lat' dir='ltr'><strong>Ebbone</strong></span> <span class='ocrx_word' id='word_1_145' title='bbox 562 3285 615 3342; x_wconf 90' lang='lat' dir='ltr'><strong>sub</strong></span> <span class='ocrx_word' id='word_1_146' title='bbox 629 3286 729 3344; x_wconf 86' lang='lat' dir='ltr'><strong>Carolo</strong></span> <span class='ocrx_word' id='word_1_147' title='bbox 751 3285 887 3357; x_wconf 86' lang='lat' dir='ltr'><strong>Simplici.</strong></span> <span class='ocrx_word' id='word_1_148' title='bbox 909 3287 1014 3343; x_wconf 82' lang='lat' dir='ltr'><strong>Auctor</strong></span> <span class='ocrx_word' id='word_1_149' title='bbox 1029 3287 1095 3342; x_wconf 88' lang='lat' dir='ltr'><strong>vitae</strong></span> 
     </span>
     <span class='ocr_line' id='line_1_30' title="bbox 298 3356 1093 3428; baseline 0 -16"><span class='ocrx_word' id='word_1_150' title='bbox 298 3359 388 3414; x_wconf 88' lang='lat' dir='ltr'><strong>sancti</strong></span> <span class='ocrx_word' id='word_1_151' title='bbox 412 3358 515 3414; x_wconf 83' lang='grc'>000011</span> <span class='ocrx_word' id='word_1_152' title='bbox 528 3373 589 3428; x_wconf 86' lang='lat' dir='ltr'><strong>cap.</strong></span> <span class='ocrx_word' id='word_1_153' title='bbox 614 3360 640 3426; x_wconf 87' lang='lat' dir='ltr'><strong>l,</strong></span> <span class='ocrx_word' id='word_1_154' title='bbox 662 3357 709 3414; x_wconf 83' lang='lat' dir='ltr'><strong>ta.</strong></span> <span class='ocrx_word' id='word_1_155' title='bbox 727 3359 754 3428; x_wconf 78' lang='lat'><strong>2,</strong></span> <span class='ocrx_word' id='word_1_156' title='bbox 771 3357 800 3414; x_wconf 92' lang='lat' dir='ltr'><strong>ia</strong></span> <span class='ocrx_word' id='word_1_157' title='bbox 824 3356 954 3414; x_wconf 85' lang='lat' dir='ltr'><strong>Bibliotli.</strong></span> <span class='ocrx_word' id='word_1_158' title='bbox 973 3357 1093 3414; x_wconf 87' lang='lat' dir='ltr'><strong>Floriac.</strong></span> 
     </span>
     <span class='ocr_line' id='line_1_31' title="bbox 299 3429 526 3499; baseline 0.004 -14"><span class='ocrx_word' id='word_1_159' title='bbox 299 3429 360 3494; x_wconf 87' lang='lat' dir='ltr'><strong>lvo,</strong></span> <span class='ocrx_word' id='word_1_160' title='bbox 374 3430 465 3499; x_wconf 80' lang='lat' dir='ltr'><strong>Epist.</strong></span> <span class='ocrx_word' id='word_1_161' title='bbox 482 3431 526 3486; x_wconf 81' lang='lat'><strong>78.</strong></span> 
     </span>
    </p>

    <p class='ocr_par' dir='ltr' id='par_1_6' title="bbox 298 3498 1100 5691">
     <span class='ocr_line' id='line_1_32' title="bbox 336 3498 1095 3572; baseline -0.004 -16"><span class='ocrx_word' id='word_1_162' title='bbox 336 3501 376 3556; x_wconf 88' lang='lat' dir='ltr'><strong>lie</strong></span> <span class='ocrx_word' id='word_1_163' title='bbox 401 3502 468 3557; x_wconf 88' lang='lat' dir='ltr'><strong>inre</strong></span> <span class='ocrx_word' id='word_1_164' title='bbox 499 3506 664 3572; x_wconf 89' lang='lat' dir='ltr'><strong>patronatus</strong></span> <span class='ocrx_word' id='word_1_165' title='bbox 690 3499 875 3558; x_wconf 89' lang='lat' dir='ltr'><strong>ecclesiarum</strong></span> <span class='ocrx_word' id='word_1_166' title='bbox 907 3498 1095 3572; x_wconf 88' lang='lat' dir='ltr'><strong>quarumdam</strong></span> 
     </span>
     <span class='ocr_line' id='line_1_33' title="bbox 299 3569 1095 3644; baseline -0.004 -16"><span class='ocrx_word' id='word_1_167' title='bbox 299 3570 432 3628; x_wconf 71' lang='lat' dir='ltr'><strong>dioecesis</strong></span> <span class='ocrx_word' id='word_1_168' title='bbox 443 3571 626 3628; x_wconf 85' lang='lat' dir='ltr'><strong>liituriceasis</strong></span> <span class='ocrx_word' id='word_1_169' title='bbox 643 3571 677 3627; x_wconf 91' lang='lat' dir='ltr'><strong>lis</strong></span> <span class='ocrx_word' id='word_1_170' title='bbox 687 3569 737 3628; x_wconf 91' lang='lat' dir='ltr'><strong>diu</strong></span> <span class='ocrx_word' id='word_1_171' title='bbox 748 3571 891 3644; x_wconf 84' lang='lat' dir='ltr'><strong>exagitata</strong></span> <span class='ocrx_word' id='word_1_172' title='bbox 903 3574 975 3627; x_wconf 90' lang='lat' dir='ltr'><strong>inter</strong></span> <span class='ocrx_word' id='word_1_173' title='bbox 987 3571 1095 3643; x_wconf 84' lang='lat' dir='ltr'><strong>priores</strong></span> 
     </span>
     <span class='ocr_line' id='line_1_34' title="bbox 298 3641 1092 3715; baseline -0.004 -17"><span class='ocrx_word' id='word_1_174' title='bbox 298 3649 327 3698; x_wconf 89' lang='lat' dir='ltr'><strong>et</strong></span> <span class='ocrx_word' id='word_1_175' title='bbox 339 3643 507 3714; x_wconf 76' lang='lat' dir='ltr'><strong>capellanos</strong></span> <span class='ocrx_word' id='word_1_176' title='bbox 528 3643 589 3700; x_wconf 89' lang='lat' dir='ltr'><strong>sive</strong></span> <span class='ocrx_word' id='word_1_177' title='bbox 611 3643 756 3710; x_wconf 78' lang='lat' dir='ltr'><strong>flecteres,</strong></span> <span class='ocrx_word' id='word_1_178' title='bbox 773 3657 844 3715; x_wconf 90' lang='grc'>0000</span> <span class='ocrx_word' id='word_1_179' title='bbox 863 3643 1022 3698; x_wconf 81' lang='lat' dir='ltr'><strong>Sacerdotes</strong></span> <span class='ocrx_word' id='word_1_180' title='bbox 1036 3641 1092 3696; x_wconf 85' lang='lat' dir='ltr'><strong>Pa-</strong></span> 
     </span>
     <span class='ocr_line' id='line_1_35' title="bbox 298 3712 1096 3783; baseline -0.004 -15"><span class='ocrx_word' id='word_1_181' title='bbox 298 3714 437 3770; x_wconf 83' lang='lat' dir='ltr'><strong>roebiaies</strong></span> <span class='ocrx_word' id='word_1_182' title='bbox 445 3719 528 3770; x_wconf 89' lang='lat' dir='ltr'><strong>vocat</strong></span> <span class='ocrx_word' id='word_1_183' title='bbox 540 3714 723 3771; x_wconf 90' lang='lat' dir='ltr'><strong>innocentius</strong></span> <span class='ocrx_word' id='word_1_184' title='bbox 733 3715 784 3783; x_wconf 92' lang='grc'>111,</span> <span class='ocrx_word' id='word_1_185' title='bbox 795 3715 822 3770; x_wconf 89' lang='grc'><strong>10</strong></span> <span class='ocrx_word' id='word_1_186' title='bbox 832 3728 893 3782; x_wconf 91' lang='lat' dir='ltr'><strong>cap.</strong></span> <span class='ocrx_word' id='word_1_187' title='bbox 905 3712 1096 3781; x_wconf 78' lang='lat' dir='ltr'><strong>ersiirpaarioe</strong></span> 
     </span>
     <span class='ocr_line' id='line_1_36' title="bbox 300 3783 1092 3852; baseline -0.004 -13"><span class='ocrx_word' id='word_1_188' title='bbox 300 3784 344 3852; x_wconf 84' lang='lat'><strong>30,</strong></span> <span class='ocrx_word' id='word_1_189' title='bbox 362 3785 394 3839; x_wconf 85' lang='lat' dir='ltr'><strong>de</strong></span> <span class='ocrx_word' id='word_1_190' title='bbox 408 3784 607 3852; x_wconf 82' lang='lat' dir='ltr'><strong>Prebaad.‚ac</strong></span> <span class='ocrx_word' id='word_1_191' title='bbox 631 3783 763 3840; x_wconf 88' lang='lat' dir='ltr'><strong>abbatem</strong></span> <span class='ocrx_word' id='word_1_192' title='bbox 787 3792 815 3839; x_wconf 91' lang='lat' dir='ltr'><strong>ot</strong></span> <span class='ocrx_word' id='word_1_193' title='bbox 840 3790 1012 3838; x_wconf 89' lang='lat' dir='ltr'><strong>conventum</strong></span> <span class='ocrx_word' id='word_1_194' title='bbox 1036 3784 1092 3837; x_wconf 92' lang='lat' dir='ltr'><strong>llo-</strong></span> 
     </span>
     <span class='ocr_line' id='line_1_37' title="bbox 299 3851 1092 3922; baseline -0.006 -12"><span class='ocrx_word' id='word_1_195' title='bbox 299 3854 409 3911; x_wconf 87' lang='lat' dir='ltr'><strong>lenaern</strong></span> <span class='ocrx_word' id='word_1_196' title='bbox 434 3869 531 3912; x_wconf 87' lang='lat' dir='ltr'><strong>coram</strong></span> <span class='ocrx_word' id='word_1_197' title='bbox 555 3853 630 3910; x_wconf 91' lang='lat' dir='ltr'><strong>dieto</strong></span> <span class='ocrx_word' id='word_1_198' title='bbox 649 3854 816 3911; x_wconf 89' lang='lat' dir='ltr'><strong>innocentio</strong></span> <span class='ocrx_word' id='word_1_199' title='bbox 832 3851 892 3918; x_wconf 90' lang='lat' dir='ltr'><strong>luit,</strong></span> <span class='ocrx_word' id='word_1_200' title='bbox 909 3859 940 3908; x_wconf 91' lang='lat' dir='ltr'><strong>nt</strong></span> <span class='ocrx_word' id='word_1_201' title='bbox 954 3851 1016 3922; x_wconf 86' lang='lat' dir='ltr'><strong>ipse</strong></span> <span class='ocrx_word' id='word_1_202' title='bbox 1035 3852 1092 3906; x_wconf 91' lang='lat' dir='ltr'><strong>llo·</strong></span> 
     </span>
     <span class='ocr_line' id='line_1_38' title="bbox 300 3921 1093 4000; baseline -0.01 -18"><span class='ocrx_word' id='word_1_203' title='bbox 300 3926 398 3983; x_wconf 90' lang='lat' dir='ltr'><strong>nerins</strong></span> <span class='ocrx_word' id='word_1_204' title='bbox 430 3933 531 3982; x_wconf 83' lang='lat' dir='ltr'><strong>tiotat:</strong></span> <span class='ocrx_word' id='word_1_205' title='bbox 561 3925 748 3981; x_wconf 88' lang='lat' dir='ltr'><strong>ecclesiarum</strong></span> <span class='ocrx_word' id='word_1_206' title='bbox 784 3935 888 3993; x_wconf 88' lang='lat' dir='ltr'><strong>nempe</strong></span> <span class='ocrx_word' id='word_1_207' title='bbox 910 3922 1000 3977; x_wconf 88' lang='lat' dir='ltr'><strong>sancti</strong></span> <span class='ocrx_word' id='word_1_208' title='bbox 1019 3921 1093 4000; x_wconf 72' lang='lat' dir='ltr'><strong>iler-</strong></span> 
     </span>
     <span class='ocr_line' id='line_1_39' title="bbox 300 3991 1095 4072; baseline -0.01 -18"><span class='ocrx_word' id='word_1_209' title='bbox 300 3998 388 4066; x_wconf 91' lang='lat' dir='ltr'><strong>mani‚</strong></span> <span class='ocrx_word' id='word_1_210' title='bbox 413 4005 442 4054; x_wconf 90' lang='lat' dir='ltr'><strong>et</strong></span> <span class='ocrx_word' id='word_1_211' title='bbox 474 3996 570 4053; x_wconf 80' lang='lat' dir='ltr'><strong>llarite</strong></span> <span class='ocrx_word' id='word_1_212' title='bbox 596 3997 696 4052; x_wconf 80' lang='lat' dir='ltr'><strong>Parvae</strong></span> <span class='ocrx_word' id='word_1_213' title='bbox 716 3997 743 4051; x_wconf 92' lang='lat' dir='ltr'><strong>iu</strong></span> <span class='ocrx_word' id='word_1_214' title='bbox 760 3996 855 4066; x_wconf 86' lang='lat' dir='ltr'><strong>Berge</strong></span> <span class='ocrx_word' id='word_1_215' title='bbox 873 3991 1006 4072; x_wconf 76' lang='lat' dir='ltr'><strong>Dolensi.¹</strong></span> <span class='ocrx_word' id='word_1_216' title='bbox 1015 3997 1095 4062; x_wconf 81' lang='lat' dir='ltr'><strong>Juxta</strong></span> 
     </span>
     <span class='ocr_line' id='line_1_40' title="bbox 300 4063 1095 4134; baseline -0.013 -11"><span class='ocrx_word' id='word_1_217' title='bbox 300 4068 444 4124; x_wconf 76' lang='lat' dir='ltr'><strong>civitatens</strong></span> <span class='ocrx_word' id='word_1_218' title='bbox 458 4067 675 4133; x_wconf 77' lang='lat' dir='ltr'><strong>bituricensem,</strong></span> <span class='ocrx_word' id='word_1_219' title='bbox 688 4067 717 4120; x_wconf 93' lang='lat' dir='ltr'><strong>in</strong></span> <span class='ocrx_word' id='word_1_220' title='bbox 730 4063 832 4134; x_wconf 91' lang='lat' dir='ltr'><strong>quibus</strong></span> <span class='ocrx_word' id='word_1_221' title='bbox 847 4069 1095 4133; x_wconf 72' lang='lat' dir='ltr'><strong>praesentationem</strong></span> 
     </span>
     <span class='ocr_line' id='line_1_41' title="bbox 299 4131 1094 4208; baseline -0.011 -15"><span class='ocrx_word' id='word_1_222' title='bbox 299 4138 510 4208; x_wconf 87' lang='lat' dir='ltr'><strong>capellanorum</strong></span> <span class='ocrx_word' id='word_1_223' title='bbox 549 4135 690 4205; x_wconf 87' lang='lat' dir='ltr'><strong>pertinere</strong></span> <span class='ocrx_word' id='word_1_224' title='bbox 720 4131 872 4203; x_wconf 86' lang='lat' dir='ltr'><strong>respondet</strong></span> <span class='ocrx_word' id='word_1_225' title='bbox 901 4131 1094 4196; x_wconf 87' lang='lat' dir='ltr'><strong>innocentius,</strong></span> 
     </span>
     <span class='ocr_line' id='line_1_42' title="bbox 300 4199 1096 4274; baseline -0.009 -13"><span class='ocrx_word' id='word_1_226' title='bbox 300 4207 392 4274; x_wconf 80' lang='lat' dir='ltr'><strong>Epist.</strong></span> <span class='ocrx_word' id='word_1_227' title='bbox 410 4205 471 4270; x_wconf 80' lang='lat' dir='ltr'><strong>itt,</strong></span> <span class='ocrx_word' id='word_1_228' title='bbox 489 4204 536 4260; x_wconf 88' lang='lat' dir='ltr'><strong>tib.</strong></span> <span class='ocrx_word' id='word_1_229' title='bbox 557 4205 583 4259; x_wconf 84' lang='lat'><strong>3.</strong></span> <span class='ocrx_word' id='word_1_230' title='bbox 605 4204 664 4258; x_wconf 84' lang='lat' dir='ltr'><strong>Nec</strong></span> <span class='ocrx_word' id='word_1_231' title='bbox 678 4203 769 4258; x_wconf 84' lang='lat' dir='ltr'><strong>solunt</strong></span> <span class='ocrx_word' id='word_1_232' title='bbox 785 4201 928 4258; x_wconf 88' lang='lat' dir='ltr'><strong>contentio</strong></span> <span class='ocrx_word' id='word_1_233' title='bbox 943 4207 1004 4256; x_wconf 89' lang='lat' dir='ltr'><strong>erat</strong></span> <span class='ocrx_word' id='word_1_234' title='bbox 1023 4199 1096 4255; x_wconf 88' lang='lat' dir='ltr'><strong>inter</strong></span> 
     </span>
     <span class='ocr_line' id='line_1_43' title="bbox 301 4271 1096 4352; baseline -0.006 -22"><span class='ocrx_word' id='word_1_235' title='bbox 301 4275 434 4330; x_wconf 86' lang='lat' dir='ltr'><strong>abbatem</strong></span> <span class='ocrx_word' id='word_1_236' title='bbox 447 4281 475 4330; x_wconf 91' lang='lat' dir='ltr'><strong>et</strong></span> <span class='ocrx_word' id='word_1_237' title='bbox 487 4279 658 4330; x_wconf 88' lang='lat' dir='ltr'><strong>conveniam</strong></span> <span class='ocrx_word' id='word_1_238' title='bbox 672 4287 707 4328; x_wconf 82' lang='lat' dir='ltr'><strong>ex</strong></span> <span class='ocrx_word' id='word_1_239' title='bbox 719 4277 800 4352; x_wconf 90' lang='lat' dir='ltr'><strong>parte</strong></span> <span class='ocrx_word' id='word_1_240' title='bbox 813 4286 878 4337; x_wconf 90' lang='lat' dir='ltr'><strong>aaa,</strong></span> <span class='ocrx_word' id='word_1_241' title='bbox 891 4277 919 4328; x_wconf 92' lang='lat' dir='ltr'><strong>et</strong></span> <span class='ocrx_word' id='word_1_242' title='bbox 932 4271 1055 4344; x_wconf 89' lang='lat' dir='ltr'><strong>priorem</strong></span> <span class='ocrx_word' id='word_1_243' title='bbox 1067 4276 1096 4326; x_wconf 89' lang='lat' dir='ltr'><strong>et</strong></span> 
     </span>
     <span class='ocr_line' id='line_1_44' title="bbox 301 4340 1093 4413; baseline -0.011 -11"><span class='ocrx_word' id='word_1_244' title='bbox 301 4359 334 4402; x_wconf 89' lang='grc'><strong>00</strong></span> <span class='ocrx_word' id='word_1_245' title='bbox 357 4345 465 4400; x_wconf 88' lang='lat' dir='ltr'><strong>ellunos</strong></span> <span class='ocrx_word' id='word_1_246' title='bbox 479 4359 514 4399; x_wconf 85' lang='lat' dir='ltr'><strong>ex</strong></span> <span class='ocrx_word' id='word_1_247' title='bbox 527 4344 581 4398; x_wconf 87' lang='lat' dir='ltr'><strong>alia</strong></span> <span class='ocrx_word' id='word_1_248' title='bbox 589 4358 600 4408; x_wconf 89' lang='lat'><em>;</em></span> <span class='ocrx_word' id='word_1_249' title='bbox 615 4340 666 4398; x_wconf 89' lang='grc'><strong>000</strong></span> <span class='ocrx_word' id='word_1_250' title='bbox 688 4349 774 4398; x_wconf 88' lang='lat' dir='ltr'><strong>ettam</strong></span> <span class='ocrx_word' id='word_1_251' title='bbox 789 4343 862 4397; x_wconf 89' lang='lat' dir='ltr'><strong>inter</strong></span> <span class='ocrx_word' id='word_1_252' title='bbox 880 4341 988 4413; x_wconf 87' lang='lat' dir='ltr'><strong>priores</strong></span> <span class='ocrx_word' id='word_1_253' title='bbox 1003 4347 1093 4397; x_wconf 87' lang='grc'>0100.-</span> 
     </span>
     <span class='ocr_line' id='line_1_45' title="bbox 302 4412 1092 4487; baseline -0.004 -17"><span class='ocrx_word' id='word_1_254' title='bbox 302 4431 320 4487; x_wconf 93' lang='lat' dir='ltr'><strong>p</strong></span> <span class='ocrx_word' id='word_1_255' title='bbox 349 4416 440 4481; x_wconf 88' lang='grc'>10000,</span> <span class='ocrx_word' id='word_1_256' title='bbox 457 4421 571 4485; x_wconf 91' lang='lat' dir='ltr'><strong>proptor</strong></span> <span class='ocrx_word' id='word_1_257' title='bbox 584 4412 767 4470; x_wconf 87' lang='lat' dir='ltr'><strong>ecclesiarum</strong></span> <span class='ocrx_word' id='word_1_258' title='bbox 785 4414 957 4485; x_wconf 84' lang='lat' dir='ltr'><strong>temporales</strong></span> <span class='ocrx_word' id='word_1_259' title='bbox 972 4427 1092 4484; x_wconf 88' lang='lat' dir='ltr'><strong>proven·</strong></span> 
     </span>
     <span class='ocr_line' id='line_1_46' title="bbox 301 4483 1095 4555; baseline -0.004 -14"><span class='ocrx_word' id='word_1_260' title='bbox 301 4493 357 4552; x_wconf 88' lang='lat' dir='ltr'><strong>tus,</strong></span> <span class='ocrx_word' id='word_1_261' title='bbox 374 4491 402 4540; x_wconf 90' lang='lat' dir='ltr'><strong>ct</strong></span> <span class='ocrx_word' id='word_1_262' title='bbox 416 4499 574 4555; x_wconf 84' lang='lat' dir='ltr'><strong>congruam</strong></span> <span class='ocrx_word' id='word_1_263' title='bbox 591 4483 760 4555; x_wconf 89' lang='lat' dir='ltr'><strong>portionem,</strong></span> <span class='ocrx_word' id='word_1_264' title='bbox 777 4499 827 4555; x_wconf 94' lang='lat' dir='ltr'><strong>pro</strong></span> <span class='ocrx_word' id='word_1_265' title='bbox 843 4483 944 4555; x_wconf 91' lang='lat' dir='ltr'><strong>quibus</strong></span> <span class='ocrx_word' id='word_1_266' title='bbox 959 4484 1035 4555; x_wconf 90' lang='lat' dir='ltr'><strong>prior</strong></span> <span class='ocrx_word' id='word_1_267' title='bbox 1049 4497 1095 4539; x_wconf 92' lang='lat' dir='ltr'><strong>ee-</strong></span> 
     </span>
     <span class='ocr_line' id='line_1_47' title="bbox 301 4553 1096 4628; baseline 0 -18"><span class='ocrx_word' id='word_1_268' title='bbox 301 4569 364 4611; x_wconf 89' lang='lat' dir='ltr'><strong>ram</strong></span> <span class='ocrx_word' id='word_1_269' title='bbox 402 4553 522 4622; x_wconf 89' lang='lat' dir='ltr'><strong>abbate,</strong></span> <span class='ocrx_word' id='word_1_270' title='bbox 557 4554 722 4625; x_wconf 88' lang='lat' dir='ltr'><strong>capellanus</strong></span> <span class='ocrx_word' id='word_1_271' title='bbox 754 4569 851 4611; x_wconf 87' lang='lat' dir='ltr'><strong>eoram</strong></span> <span class='ocrx_word' id='word_1_272' title='bbox 882 4555 1096 4628; x_wconf 87' lang='lat' dir='ltr'><strong>archiepiscopo</strong></span> 
     </span>
     <span class='ocr_line' id='line_1_48' title="bbox 302 4624 1097 4699; baseline 0 -17"><span class='ocrx_word' id='word_1_273' title='bbox 302 4625 494 4699; x_wconf 84' lang='lat' dir='ltr'><strong>respondebit,</strong></span> <span class='ocrx_word' id='word_1_274' title='bbox 508 4633 539 4682; x_wconf 89' lang='lat' dir='ltr'><strong>nt</strong></span> <span class='ocrx_word' id='word_1_275' title='bbox 554 4625 583 4681; x_wconf 93' lang='lat' dir='ltr'><strong>in</strong></span> <span class='ocrx_word' id='word_1_276' title='bbox 598 4624 672 4682; x_wconf 88' lang='lat' dir='ltr'><strong>dieta</strong></span> <span class='ocrx_word' id='word_1_277' title='bbox 701 4625 820 4697; x_wconf 75' lang='lat' dir='ltr'><strong>epistola</strong></span> <span class='ocrx_word' id='word_1_278' title='bbox 844 4625 1013 4683; x_wconf 90' lang='lat' dir='ltr'><strong>continetur.</strong></span> <span class='ocrx_word' id='word_1_279' title='bbox 1037 4627 1097 4682; x_wconf 88' lang='lat' dir='ltr'><strong>Nec</strong></span> 
     </span>
     <span class='ocr_line' id='line_1_49' title="bbox 302 4694 1094 4754; baseline -0.003 0"><span class='ocrx_word' id='word_1_280' title='bbox 302 4703 398 4754; x_wconf 90' lang='lat' dir='ltr'><strong>tumen</strong></span> <span class='ocrx_word' id='word_1_281' title='bbox 414 4696 466 4754; x_wconf 90' lang='lat' dir='ltr'><strong>snb</strong></span> <span class='ocrx_word' id='word_1_282' title='bbox 490 4697 657 4754; x_wconf 89' lang='lat' dir='ltr'><strong>innocentio</strong></span> <span class='ocrx_word' id='word_1_283' title='bbox 671 4695 706 4752; x_wconf 89' lang='lat' dir='ltr'><strong>lis</strong></span> <span class='ocrx_word' id='word_1_284' title='bbox 725 4696 843 4752; x_wconf 89' lang='lat' dir='ltr'><strong>omnino</strong></span> <span class='ocrx_word' id='word_1_285' title='bbox 864 4696 960 4754; x_wconf 87' lang='lat' dir='ltr'><strong>decisa</strong></span> <span class='ocrx_word' id='word_1_286' title='bbox 986 4694 1094 4752; x_wconf 86' lang='lat' dir='ltr'><strong>socrui:</strong></span> 
     </span>
     <span class='ocr_line' id='line_1_50' title="bbox 302 4767 1098 4841; baseline -0.004 -16"><span class='ocrx_word' id='word_1_287' title='bbox 302 4770 407 4840; x_wconf 89' lang='lat' dir='ltr'><strong>quippe</strong></span> <span class='ocrx_word' id='word_1_288' title='bbox 422 4767 572 4841; x_wconf 88' lang='lat' dir='ltr'><strong>capellani,</strong></span> <span class='ocrx_word' id='word_1_289' title='bbox 589 4783 640 4824; x_wconf 91' lang='lat' dir='ltr'><strong>seu</strong></span> <span class='ocrx_word' id='word_1_290' title='bbox 656 4767 813 4840; x_wconf 74' lang='lat' dir='ltr'><strong>presbytcri</strong></span> <span class='ocrx_word' id='word_1_291' title='bbox 833 4775 947 4839; x_wconf 89' lang='lat' dir='ltr'><strong>propter</strong></span> <span class='ocrx_word' id='word_1_292' title='bbox 961 4767 1098 4838; x_wconf 87' lang='lat' dir='ltr'><strong>exiguam</strong></span> 
     </span>
     <span class='ocr_line' id='line_1_51' title="bbox 303 4836 1098 4914; baseline -0.005 -18"><span class='ocrx_word' id='word_1_293' title='bbox 303 4841 463 4914; x_wconf 91' lang='lat' dir='ltr'><strong>portionem</strong></span> <span class='ocrx_word' id='word_1_294' title='bbox 487 4837 747 4911; x_wconf 86' lang='lat' dir='ltr'><strong>conquerebantur,</strong></span> <span class='ocrx_word' id='word_1_295' title='bbox 772 4837 885 4895; x_wconf 79' lang='lat' dir='ltr'><strong>favente</strong></span> <span class='ocrx_word' id='word_1_296' title='bbox 909 4839 951 4894; x_wconf 91' lang='lat' dir='ltr'><strong>eis</strong></span> <span class='ocrx_word' id='word_1_297' title='bbox 976 4836 1098 4894; x_wconf 86' lang='grc'>00001110</span> 
     </span>
     <span class='ocr_line' id='line_1_52' title="bbox 302 4907 1098 4978; baseline -0.006 -10"><span class='ocrx_word' id='word_1_298' title='bbox 302 4911 488 4969; x_wconf 88' lang='lat' dir='ltr'><strong>Lateraneasi</strong></span> <span class='ocrx_word' id='word_1_299' title='bbox 509 4910 561 4967; x_wconf 90' lang='lat' dir='ltr'><strong>snb</strong></span> <span class='ocrx_word' id='word_1_300' title='bbox 584 4909 685 4967; x_wconf 89' lang='lat' dir='ltr'><strong>eodem</strong></span> <span class='ocrx_word' id='word_1_301' title='bbox 709 4907 1098 4978; x_wconf 77' lang='grc'>1000000110,000.32,001</span> 
     </span>
     <span class='ocr_line' id='line_1_53' title="bbox 302 4979 1098 5052; baseline -0.008 -13"><span class='ocrx_word' id='word_1_302' title='bbox 302 4981 422 5040; x_wconf 79' lang='lat' dir='ltr'><strong>refertur</strong></span> <span class='ocrx_word' id='word_1_303' title='bbox 445 4983 475 5039; x_wconf 93' lang='lat' dir='ltr'><strong>in</strong></span> <span class='ocrx_word' id='word_1_304' title='bbox 496 4983 569 5038; x_wconf 82' lang='lat' dir='ltr'><strong>dicio</strong></span> <span class='ocrx_word' id='word_1_305' title='bbox 594 4997 656 5052; x_wconf 86' lang='lat' dir='ltr'><strong>cap.</strong></span> <span class='ocrx_word' id='word_1_306' title='bbox 683 4981 880 5051; x_wconf 76' lang='lat' dir='ltr'><strong>exstirpandae.</strong></span> <span class='ocrx_word' id='word_1_307' title='bbox 908 4983 942 5037; x_wconf 87' lang='lat' dir='ltr'><strong>Et</strong></span> <span class='ocrx_word' id='word_1_308' title='bbox 966 4979 1013 5036; x_wconf 88' lang='lat' dir='ltr'><strong>ltic</strong></span> <span class='ocrx_word' id='word_1_309' title='bbox 1027 4979 1098 5035; x_wconf 91' lang='lat' dir='ltr'><strong>ratio</strong></span> 
     </span>
     <span class='ocr_line' id='line_1_54' title="bbox 302 5051 1095 5128; baseline -0.009 -17"><span class='ocrx_word' id='word_1_310' title='bbox 302 5053 457 5128; x_wconf 86' lang='lat' dir='ltr'><strong>singularis</strong></span> <span class='ocrx_word' id='word_1_311' title='bbox 475 5060 572 5110; x_wconf 89' lang='lat' dir='ltr'><strong>eontra</strong></span> <span class='ocrx_word' id='word_1_312' title='bbox 588 5052 751 5124; x_wconf 90' lang='lat' dir='ltr'><strong>capellanos</strong></span> <span class='ocrx_word' id='word_1_313' title='bbox 766 5051 892 5118; x_wconf 75' lang='lat' dir='ltr'><strong>allectus,</strong></span> <span class='ocrx_word' id='word_1_314' title='bbox 909 5065 1013 5121; x_wconf 86' lang='lat' dir='ltr'><strong>nempe</strong></span> <span class='ocrx_word' id='word_1_315' title='bbox 1028 5064 1095 5105; x_wconf 90' lang='lat' dir='ltr'><strong>eon-</strong></span> 
     </span>
     <span class='ocr_line' id='line_1_55' title="bbox 302 5121 1098 5249; baseline -0.01 -67"><span class='ocrx_word' id='word_1_316' title='bbox 302 5124 460 5182; x_wconf 91' lang='lat' dir='ltr'><strong>suetudinis</strong></span> <span class='ocrx_word' id='word_1_317' title='bbox 472 5131 571 5181; x_wconf 89' lang='lat' dir='ltr'><strong>eontra</strong></span> <span class='ocrx_word' id='word_1_318' title='bbox 581 5121 794 5249; x_wconf 42' lang='grc' dir='ltr'><strong>ί1000000010,</strong></span> <span class='ocrx_word' id='word_1_319' title='bbox 812 5121 887 5195; x_wconf 93' lang='grc'>0000</span> <span class='ocrx_word' id='word_1_320' title='bbox 902 5121 1019 5193; x_wconf 82' lang='grc'>00001011</span> <span class='ocrx_word' id='word_1_321' title='bbox 1040 5134 1098 5176; x_wconf 87' lang='grc'><strong>000</strong></span> 
     </span>
     <span class='ocr_line' id='line_1_56' title="bbox 302 5191 1098 5268; baseline -0.008 -16"><span class='ocrx_word' id='word_1_322' title='bbox 302 5195 443 5268; x_wconf 83' lang='lat' dir='ltr'><strong>derogare</strong></span> <span class='ocrx_word' id='word_1_323' title='bbox 474 5209 578 5268; x_wconf 88' lang='lat' dir='ltr'><strong>respon</strong></span> <span class='ocrx_word' id='word_1_324' title='bbox 600 5200 637 5262; x_wconf 90' lang='lat' dir='ltr'><strong>et,</strong></span> <span class='ocrx_word' id='word_1_325' title='bbox 663 5194 692 5249; x_wconf 93' lang='lat' dir='ltr'><strong>in</strong></span> <span class='ocrx_word' id='word_1_326' title='bbox 717 5193 822 5251; x_wconf 86' lang='lat' dir='ltr'><strong>laveris</strong></span> <span class='ocrx_word' id='word_1_327' title='bbox 847 5191 1002 5264; x_wconf 89' lang='lat' dir='ltr'><strong>singularis</strong></span> <span class='ocrx_word' id='word_1_328' title='bbox 1028 5205 1098 5263; x_wconf 83' lang='lat' dir='ltr'><strong>erga</strong></span> 
     </span>
     <span class='ocr_line' id='line_1_57' title="bbox 302 5261 1099 5334; baseline -0.01 -10"><span class='ocrx_word' id='word_1_329' title='bbox 302 5267 425 5324; x_wconf 85' lang='lat' dir='ltr'><strong>Doleusc</strong></span> <span class='ocrx_word' id='word_1_330' title='bbox 440 5265 643 5323; x_wconf 84' lang='lat' dir='ltr'><strong>Monosterium</strong></span> <span class='ocrx_word' id='word_1_331' title='bbox 658 5264 871 5333; x_wconf 66' lang='lat' dir='ltr'><strong>testimonium</strong></span> <span class='ocrx_word' id='word_1_332' title='bbox 887 5262 962 5334; x_wconf 92' lang='lat' dir='ltr'><strong>qnod</strong></span> <span class='ocrx_word' id='word_1_333' title='bbox 980 5261 1099 5334; x_wconf 89' lang='lat' dir='ltr'><strong>vulgare</strong></span> 
     </span>
     <span class='ocr_line' id='line_1_58' title="bbox 303 5333 1100 5408; baseline -0.008 -15"><span class='ocrx_word' id='word_1_334' title='bbox 303 5351 360 5393; x_wconf 93' lang='lat' dir='ltr'><strong>non</strong></span> <span class='ocrx_word' id='word_1_335' title='bbox 383 5345 446 5392; x_wconf 88' lang='lat' dir='ltr'><strong>est:</strong></span> <span class='ocrx_word' id='word_1_336' title='bbox 465 5338 588 5394; x_wconf 83' lang='lat' dir='ltr'><strong>maxime</strong></span> <span class='ocrx_word' id='word_1_337' title='bbox 603 5335 679 5408; x_wconf 89' lang='lat' dir='ltr'><strong>quio,</strong></span> <span class='ocrx_word' id='word_1_338' title='bbox 697 5335 807 5390; x_wconf 84' lang='lat' dir='ltr'><strong>indicto</strong></span> <span class='ocrx_word' id='word_1_339' title='bbox 821 5349 885 5390; x_wconf 81' lang='lat' dir='ltr'><strong>cara.</strong></span> <span class='ocrx_word' id='word_1_340' title='bbox 901 5334 945 5400; x_wconf 72' lang='lat'><strong>32,</strong></span> <span class='ocrx_word' id='word_1_341' title='bbox 963 5333 1100 5389; x_wconf 90' lang='lat' dir='ltr'><strong>innocen·</strong></span> 
     </span>
     <span class='ocr_line' id='line_1_59' title="bbox 303 5403 1098 5466; baseline -0.008 -2"><span class='ocrx_word' id='word_1_342' title='bbox 303 5403 1098 5466; x_wconf 83' lang='lat' dir='ltr'><strong>tiusomnemconsuetudincmcotitrariamcondemnat.</strong></span> 
     </span>
     <span class='ocr_line' id='line_1_60' title="bbox 305 5473 1098 5549; baseline -0.006 -14"><span class='ocrx_word' id='word_1_343' title='bbox 305 5477 351 5536; x_wconf 83' lang='lat' dir='ltr'><strong>Sia</strong></span> <span class='ocrx_word' id='word_1_344' title='bbox 371 5477 427 5533; x_wconf 88' lang='lat' dir='ltr'><strong>hoc</strong></span> <span class='ocrx_word' id='word_1_345' title='bbox 449 5480 653 5534; x_wconf 87' lang='lat' dir='ltr'><strong>nioousterinm</strong></span> <span class='ocrx_word' id='word_1_346' title='bbox 669 5477 783 5549; x_wconf 89' lang='lat' dir='ltr'><strong>magnis</strong></span> <span class='ocrx_word' id='word_1_347' title='bbox 799 5475 956 5548; x_wconf 89' lang='lat' dir='ltr'><strong>privilegiis</strong></span> <span class='ocrx_word' id='word_1_348' title='bbox 979 5473 1098 5530; x_wconf 90' lang='lat' dir='ltr'><strong>ditatum</strong></span> 
     </span>
     <span class='ocr_line' id='line_1_61' title="bbox 304 5545 1099 5616; baseline -0.008 -12"><span class='ocrx_word' id='word_1_349' title='bbox 304 5549 434 5606; x_wconf 87' lang='lat' dir='ltr'><strong>videmus</strong></span> <span class='ocrx_word' id='word_1_350' title='bbox 449 5547 484 5604; x_wconf 88' lang='lat' dir='ltr'><strong>ab</strong></span> <span class='ocrx_word' id='word_1_351' title='bbox 499 5549 600 5605; x_wconf 81' lang='lat' dir='ltr'><strong>cedern</strong></span> <span class='ocrx_word' id='word_1_352' title='bbox 613 5548 790 5616; x_wconf 84' lang='lat' dir='ltr'><strong>Innocentio,</strong></span> <span class='ocrx_word' id='word_1_353' title='bbox 807 5547 897 5615; x_wconf 77' lang='lat' dir='ltr'><strong>Epist.</strong></span> <span class='ocrx_word' id='word_1_354' title='bbox 916 5545 964 5601; x_wconf 84' lang='grc'><strong>111</strong></span> <span class='ocrx_word' id='word_1_355' title='bbox 978 5545 1099 5614; x_wconf 75' lang='lat' dir='ltr'><strong>ejusaem</strong></span> 
     </span>
     <span class='ocr_line' id='line_1_62' title="bbox 305 5617 1099 5691; baseline -0.008 -15"><span class='ocrx_word' id='word_1_356' title='bbox 305 5622 370 5680; x_wconf 85' lang='lat' dir='ltr'><strong>libr.</strong></span> <span class='ocrx_word' id='word_1_357' title='bbox 386 5633 448 5691; x_wconf 78' lang='lat' dir='ltr'><strong>quae</strong></span> <span class='ocrx_word' id='word_1_358' title='bbox 471 5633 527 5676; x_wconf 87' lang='grc'><strong>000</strong></span> <span class='ocrx_word' id='word_1_359' title='bbox 543 5627 694 5676; x_wconf 82' lang='lat' dir='ltr'><strong>censentur</strong></span> <span class='ocrx_word' id='word_1_360' title='bbox 720 5618 856 5691; x_wconf 80' lang='lat' dir='ltr'><strong>alirngata</strong></span> <span class='ocrx_word' id='word_1_361' title='bbox 873 5631 922 5689; x_wconf 84' lang='lat' dir='ltr'><strong>per</strong></span> <span class='ocrx_word' id='word_1_362' title='bbox 938 5617 1031 5688; x_wconf 84' lang='lat' dir='ltr'><strong>legem</strong></span> <span class='ocrx_word' id='word_1_363' title='bbox 1053 5631 1099 5688; x_wconf 89' lang='lat' dir='ltr'><strong>ge·</strong></span> 
     </span>
    </p>
   </div>
   <div class='ocr_carea' id='block_1_6' title="bbox 1796 215 1957 314">
    <p class='ocr_par' dir='ltr' id='par_1_7' title="bbox 1796 215 1957 314">
     <span class='ocr_line' id='line_1_63' title="bbox 1796 215 1957 314; baseline 0 0"><span class='ocrx_word' id='word_1_364' title='bbox 1796 215 1957 314; x_wconf 72' lang='lat' dir='ltr'><strong>¹iao</strong></span> 
     </span>
    </p>
   </div>
   <div class='ocr_carea' id='block_1_7' title="bbox 1625 311 1644 344">
    <p class='ocr_par' dir='ltr' id='par_1_8' title="bbox 1625 311 1644 344">
     <span class='ocr_line' id='line_1_64' title="bbox 1625 311 1644 344; baseline 0 0"><span class='ocrx_word' id='word_1_365' title='bbox 1625 311 1644 344; x_wconf 68' lang='grc'><strong><em>1</em></strong></span> 
     </span>
    </p>
   </div>
   <div class='ocr_carea' id='block_1_8' title="bbox 1139 402 1956 711">
    <p class='ocr_par' dir='ltr' id='par_1_9' title="bbox 1139 402 1956 711">
     <span class='ocr_line' id='line_1_65' title="bbox 1140 402 1956 516; baseline -0.001 -15"><span class='ocrx_word' id='word_1_366' title='bbox 1140 441 1205 501; x_wconf 89' lang='lat' dir='ltr'><strong>tate</strong></span> <span class='ocrx_word' id='word_1_367' title='bbox 1218 439 1407 516; x_wconf 84' lang='lat' dir='ltr'><strong>Apostolica</strong></span> <span class='ocrx_word' id='word_1_368' title='bbox 1422 437 1628 509; x_wconf 86' lang='lat' dir='ltr'><strong>roborantes,</strong></span> <span class='ocrx_word' id='word_1_369' title='bbox 1651 402 1835 502; x_wconf 77' lang='lat' dir='ltr'><strong>districtius</strong></span> <span class='ocrx_word' id='word_1_370' title='bbox 1855 439 1956 500; x_wconf 85' lang='lat' dir='ltr'><strong>iulii-</strong></span> 
     </span>
     <span class='ocr_line' id='line_1_66' title="bbox 1139 536 1955 614; baseline 0 -16"><span class='ocrx_word' id='word_1_371' title='bbox 1139 536 1264 608; x_wconf 88' lang='lat' dir='ltr'><strong>bemus,</strong></span> <span class='ocrx_word' id='word_1_372' title='bbox 1286 553 1328 598; x_wconf 92' lang='lat' dir='ltr'><strong>ne</strong></span> <span class='ocrx_word' id='word_1_373' title='bbox 1343 537 1417 614; x_wconf 86' lang='lat' dir='ltr'><strong>quie</strong></span> <span class='ocrx_word' id='word_1_374' title='bbox 1436 537 1486 598; x_wconf 92' lang='lat' dir='ltr'><strong>illi</strong></span> <span class='ocrx_word' id='word_1_375' title='bbox 1499 537 1674 598; x_wconf 89' lang='lat' dir='ltr'><strong>occasione</strong></span> <span class='ocrx_word' id='word_1_376' title='bbox 1690 537 1851 613; x_wconf 80' lang='lat' dir='ltr'><strong>praedicta</strong></span> <span class='ocrx_word' id='word_1_377' title='bbox 1865 553 1955 600; x_wconf 91' lang='lat' dir='ltr'><strong>con-</strong></span> 
     </span>
     <span class='ocr_line' id='line_1_67' title="bbox 1140 634 1460 711; baseline -0.003 -16"><span class='ocrx_word' id='word_1_378' title='bbox 1140 635 1188 696; x_wconf 91' lang='lat' dir='ltr'><strong>tra</strong></span> <span class='ocrx_word' id='word_1_379' title='bbox 1206 634 1256 696; x_wconf 91' lang='lat' dir='ltr'><strong>ire</strong></span> <span class='ocrx_word' id='word_1_380' title='bbox 1268 634 1460 711; x_wconf 88' lang='lat' dir='ltr'><strong>praesumat.</strong></span> 
     </span>
    </p>
   </div>
   <div class='ocr_carea' id='block_1_9' title="bbox 1219 806 1853 1020">
    <p class='ocr_par' dir='ltr' id='par_1_10' title="bbox 1219 806 1853 1020">
     <span class='ocr_line' id='line_1_68' title="bbox 1219 806 1853 888; baseline -0.002 -19"><span class='ocrx_word' id='word_1_381' title='bbox 1219 809 1400 880; x_wconf 71' lang='lat' dir='ltr'><strong>Poiesiatt</strong></span> <span class='ocrx_word' id='word_1_382' title='bbox 1416 809 1450 869; x_wconf 85' lang='lat' dir='ltr'><strong>ei</strong></span> <span class='ocrx_word' id='word_1_383' title='bbox 1462 813 1585 882; x_wconf 77' lang='lat' dir='ltr'><strong>populo</strong></span> <span class='ocrx_word' id='word_1_384' title='bbox 1599 811 1779 870; x_wconf 82' lang='lat' dir='ltr'><strong>Padamno.</strong></span> <span class='ocrx_word' id='word_1_385' title='bbox 1803 806 1853 888; x_wconf 86' lang='grc'><strong>(0)</strong></span> 
     </span>
     <span class='ocr_line' id='line_1_69' title="bbox 1420 959 1657 1020; baseline -0.008 -1"><span class='ocrx_word' id='word_1_386' title='bbox 1420 959 1556 1019; x_wconf 77' lang='lat' dir='ltr'>CAPUT</span> <span class='ocrx_word' id='word_1_387' title='bbox 1586 959 1657 1020; x_wconf 83' lang='lat' dir='ltr'><strong>Vll.</strong></span> 
     </span>
    </p>
   </div>
   <div class='ocr_carea' id='block_1_10' title="bbox 1140 1130 1953 2284">
    <p class='ocr_par' dir='ltr' id='par_1_11' title="bbox 1140 1130 1953 2284">
     <span class='ocr_line' id='line_1_70' title="bbox 1182 1130 1948 1212; baseline 0.005 -22"><span class='ocrx_word' id='word_1_388' title='bbox 1182 1130 1273 1192; x_wconf 89' lang='lat' dir='ltr'><strong>Sicut</strong></span> <span class='ocrx_word' id='word_1_389' title='bbox 1285 1131 1336 1194; x_wconf 89' lang='lat' dir='ltr'><strong>est</strong></span> <span class='ocrx_word' id='word_1_390' title='bbox 1347 1131 1484 1194; x_wconf 88' lang='lat' dir='ltr'><strong>auribus</strong></span> <span class='ocrx_word' id='word_1_391' title='bbox 1500 1133 1700 1206; x_wconf 88' lang='lat' dir='ltr'><strong>intimatum,</strong></span> <span class='ocrx_word' id='word_1_392' title='bbox 1715 1134 1834 1212; x_wconf 87' lang='lat' dir='ltr'><strong>primo,</strong></span> <span class='ocrx_word' id='word_1_393' title='bbox 1848 1149 1948 1195; x_wconf 91' lang='lat' dir='ltr'><strong>reve-</strong></span> 
     </span>
     <span class='ocr_line' id='line_1_71' title="bbox 1141 1227 1948 1293; baseline 0.009 -7"><span class='ocrx_word' id='word_1_394' title='bbox 1141 1227 1248 1288; x_wconf 81' lang='lat' dir='ltr'><strong>centia</strong></span> <span class='ocrx_word' id='word_1_395' title='bbox 1270 1227 1458 1291; x_wconf 89' lang='lat' dir='ltr'><strong>divinarum</strong></span> <span class='ocrx_word' id='word_1_396' title='bbox 1480 1231 1512 1292; x_wconf 90' lang='lat' dir='ltr'><strong>et</strong></span> <span class='ocrx_word' id='word_1_397' title='bbox 1533 1230 1754 1292; x_wconf 87' lang='lat' dir='ltr'><strong>humanarum</strong></span> <span class='ocrx_word' id='word_1_398' title='bbox 1783 1232 1948 1293; x_wconf 85' lang='lat' dir='ltr'><strong>eonstitu-</strong></span> 
     </span>
     <span class='ocr_line' id='line_1_72' title="bbox 1140 1325 1947 1406; baseline 0.007 -22"><span class='ocrx_word' id='word_1_399' title='bbox 1140 1325 1268 1387; x_wconf 91' lang='lat' dir='ltr'><strong>tionnm</strong></span> <span class='ocrx_word' id='word_1_400' title='bbox 1289 1327 1478 1404; x_wconf 86' lang='lat' dir='ltr'><strong>posthabita</strong></span> <span class='ocrx_word' id='word_1_401' title='bbox 1499 1329 1655 1401; x_wconf 87' lang='lat' dir='ltr'><strong>statuitis,</strong></span> <span class='ocrx_word' id='word_1_402' title='bbox 1679 1344 1720 1390; x_wconf 90' lang='lat' dir='ltr'><strong>ne</strong></span> <span class='ocrx_word' id='word_1_403' title='bbox 1745 1330 1820 1406; x_wconf 89' lang='lat' dir='ltr'><strong>quis</strong></span> <span class='ocrx_word' id='word_1_404' title='bbox 1840 1345 1947 1406; x_wconf 90' lang='lat' dir='ltr'><strong>super</strong></span> 
     </span>
     <span class='ocr_line' id='line_1_73' title="bbox 1143 1421 1947 1503; baseline 0.007 -21"><span class='ocrx_word' id='word_1_405' title='bbox 1143 1421 1280 1484; x_wconf 88' lang='lat' dir='ltr'><strong>decimis</strong></span> <span class='ocrx_word' id='word_1_406' title='bbox 1301 1424 1500 1501; x_wconf 87' lang='lat' dir='ltr'><strong>respondeat</strong></span> <span class='ocrx_word' id='word_1_407' title='bbox 1511 1441 1622 1489; x_wconf 90' lang='lat' dir='ltr'><strong>coram</strong></span> <span class='ocrx_word' id='word_1_408' title='bbox 1636 1425 1806 1503; x_wconf 87' lang='lat' dir='ltr'><strong>jndicibus</strong></span> <span class='ocrx_word' id='word_1_409' title='bbox 1820 1442 1841 1488; x_wconf 89' lang='lat' dir='ltr'><strong>a</strong></span> <span class='ocrx_word' id='word_1_410' title='bbox 1855 1427 1947 1488; x_wconf 86' lang='lat' dir='ltr'><strong>Sede</strong></span> 
     </span>
     <span class='ocr_line' id='line_1_74' title="bbox 1142 1521 1946 1602; baseline 0.005 -22"><span class='ocrx_word' id='word_1_411' title='bbox 1142 1521 1331 1596; x_wconf 85' lang='lat' dir='ltr'><strong>Apostolica</strong></span> <span class='ocrx_word' id='word_1_412' title='bbox 1344 1523 1518 1600; x_wconf 82' lang='lat' dir='ltr'><strong>delegatis3</strong></span> <span class='ocrx_word' id='word_1_413' title='bbox 1538 1539 1577 1584; x_wconf 90' lang='lat' dir='ltr'><strong>ac</strong></span> <span class='ocrx_word' id='word_1_414' title='bbox 1590 1523 1732 1597; x_wconf 89' lang='lat' dir='ltr'><strong>demum,</strong></span> <span class='ocrx_word' id='word_1_415' title='bbox 1748 1525 1827 1602; x_wconf 91' lang='lat' dir='ltr'><strong>quia</strong></span> <span class='ocrx_word' id='word_1_416' title='bbox 1840 1540 1946 1602; x_wconf 87' lang='lat' dir='ltr'><strong>super</strong></span> 
     </span>
     <span class='ocr_line' id='line_1_75' title="bbox 1142 1616 1943 1700; baseline 0.007 -25"><span class='ocrx_word' id='word_1_417' title='bbox 1142 1616 1303 1680; x_wconf 87' lang='lat' dir='ltr'><strong>talentum</strong></span> <span class='ocrx_word' id='word_1_418' title='bbox 1316 1619 1440 1697; x_wconf 90' lang='lat' dir='ltr'><strong>plumbi</strong></span> <span class='ocrx_word' id='word_1_419' title='bbox 1453 1622 1571 1682; x_wconf 89' lang='lat' dir='ltr'><strong>sedens</strong></span> <span class='ocrx_word' id='word_1_420' title='bbox 1584 1621 1743 1699; x_wconf 89' lang='lat' dir='ltr'><strong>iniqnitas</strong></span> <span class='ocrx_word' id='word_1_421' title='bbox 1756 1638 1887 1700; x_wconf 91' lang='lat' dir='ltr'><strong>semper</strong></span> <span class='ocrx_word' id='word_1_422' title='bbox 1901 1621 1943 1682; x_wconf 89' lang='lat' dir='ltr'><strong>de</strong></span> 
     </span>
     <span class='ocr_line' id='line_1_76' title="bbox 1144 1715 1943 1797; baseline 0.003 -21"><span class='ocrx_word' id='word_1_423' title='bbox 1144 1715 1278 1777; x_wconf 91' lang='lat' dir='ltr'><strong>maloin</strong></span> <span class='ocrx_word' id='word_1_424' title='bbox 1300 1717 1445 1779; x_wconf 88' lang='lat' dir='ltr'><strong>deterius</strong></span> <span class='ocrx_word' id='word_1_425' title='bbox 1467 1718 1601 1791; x_wconf 90' lang='lat' dir='ltr'><strong>corruit,</strong></span> <span class='ocrx_word' id='word_1_426' title='bbox 1623 1718 1803 1797; x_wconf 88' lang='lat' dir='ltr'><strong>adjecistis,</strong></span> <span class='ocrx_word' id='word_1_427' title='bbox 1818 1720 1855 1780; x_wconf 89' lang='lat' dir='ltr'><strong>nt</strong></span> <span class='ocrx_word' id='word_1_428' title='bbox 1874 1719 1943 1779; x_wconf 91' lang='lat' dir='ltr'><strong>nisi</strong></span> 
     </span>
     <span class='ocr_line' id='line_1_77' title="bbox 1144 1813 1948 1894; baseline 0.005 -21"><span class='ocrx_word' id='word_1_429' title='bbox 1144 1813 1755 1892; x_wconf 84' lang='lat' dir='ltr'><strong>episcopusetoleruscivitatisvesirae,</strong></span> <span class='ocrx_word' id='word_1_430' title='bbox 1764 1816 1853 1878; x_wconf 87' lang='lat' dir='ltr'><strong>intra</strong></span> <span class='ocrx_word' id='word_1_431' title='bbox 1866 1833 1948 1894; x_wconf 90' lang='lat' dir='ltr'><strong>qna-</strong></span> 
     </span>
     <span class='ocr_line' id='line_1_78' title="bbox 1145 1910 1949 1992; baseline 0.009 -23"><span class='ocrx_word' id='word_1_432' title='bbox 1145 1910 1296 1986; x_wconf 83' lang='lat' dir='ltr'><strong>draginta</strong></span> <span class='ocrx_word' id='word_1_433' title='bbox 1312 1912 1394 1985; x_wconf 86' lang='grc'>0100,</span> <span class='ocrx_word' id='word_1_434' title='bbox 1408 1915 1582 1990; x_wconf 88' lang='lat' dir='ltr'><strong>postquam</strong></span> <span class='ocrx_word' id='word_1_435' title='bbox 1600 1915 1629 1975; x_wconf 91' lang='lat' dir='ltr'><strong>is</strong></span> <span class='ocrx_word' id='word_1_436' title='bbox 1652 1930 1748 1991; x_wconf 90' lang='lat' dir='ltr'><strong>quem</strong></span> <span class='ocrx_word' id='word_1_437' title='bbox 1766 1914 1949 1992; x_wconf 88' lang='lat' dir='ltr'><strong>contigerit</strong></span> 
     </span>
     <span class='ocr_line' id='line_1_79' title="bbox 1144 2009 1950 2088; baseline 0.004 -19"><span class='ocrx_word' id='word_1_438' title='bbox 1144 2009 1181 2070; x_wconf 90' lang='lat' dir='ltr'><strong>in</strong></span> <span class='ocrx_word' id='word_1_439' title='bbox 1194 2012 1341 2071; x_wconf 89' lang='lat' dir='ltr'><strong>vestrum</strong></span> <span class='ocrx_word' id='word_1_440' title='bbox 1353 2011 1515 2072; x_wconf 88' lang='lat' dir='ltr'><strong>rectorem</strong></span> <span class='ocrx_word' id='word_1_441' title='bbox 1530 2013 1666 2084; x_wconf 89' lang='lat' dir='ltr'><strong>assumi,</strong></span> <span class='ocrx_word' id='word_1_442' title='bbox 1676 2013 1826 2088; x_wconf 88' lang='lat' dir='ltr'><strong>regimen</strong></span> <span class='ocrx_word' id='word_1_443' title='bbox 1839 2013 1950 2088; x_wconf 89' lang='lat' dir='ltr'><strong>ipsias</strong></span> 
     </span>
     <span class='ocr_line' id='line_1_80' title="bbox 1146 2107 1953 2185; baseline 0.002 -17"><span class='ocrx_word' id='word_1_444' title='bbox 1146 2107 1290 2168; x_wconf 87' lang='lat' dir='ltr'><strong>civitatis</strong></span> <span class='ocrx_word' id='word_1_445' title='bbox 1307 2108 1483 2185; x_wconf 87' lang='lat' dir='ltr'><strong>jnraverit,</strong></span> <span class='ocrx_word' id='word_1_446' title='bbox 1512 2124 1547 2170; x_wconf 89' lang='lat' dir='ltr'><strong>se</strong></span> <span class='ocrx_word' id='word_1_447' title='bbox 1573 2109 1693 2170; x_wconf 87' lang='lat' dir='ltr'><strong>vestris</strong></span> <span class='ocrx_word' id='word_1_448' title='bbox 1726 2109 1953 2185; x_wconf 79' lang='lat' dir='ltr'><strong>obligaverint</strong></span> 
     </span>
     <span class='ocr_line' id='line_1_81' title="bbox 1146 2205 1951 2284; baseline 0.002 -18"><span class='ocrx_word' id='word_1_449' title='bbox 1146 2205 1343 2278; x_wconf 90' lang='lat' dir='ltr'><strong>constitutis,</strong></span> <span class='ocrx_word' id='word_1_450' title='bbox 1358 2221 1402 2267; x_wconf 79' lang='lat' dir='ltr'><strong>ex</strong></span> <span class='ocrx_word' id='word_1_451' title='bbox 1412 2207 1491 2268; x_wconf 91' lang='lat' dir='ltr'><strong>tunc</strong></span> <span class='ocrx_word' id='word_1_452' title='bbox 1503 2206 1551 2267; x_wconf 89' lang='lat' dir='ltr'><strong>eis</strong></span> <span class='ocrx_word' id='word_1_453' title='bbox 1564 2207 1636 2282; x_wconf 88' lang='lat' dir='ltr'><strong>ipsa</strong></span> <span class='ocrx_word' id='word_1_454' title='bbox 1649 2206 1772 2268; x_wconf 88' lang='lat' dir='ltr'><strong>statuta</strong></span> <span class='ocrx_word' id='word_1_455' title='bbox 1784 2223 1851 2268; x_wconf 93' lang='lat' dir='ltr'><strong>non</strong></span> <span class='ocrx_word' id='word_1_456' title='bbox 1865 2224 1951 2284; x_wconf 93' lang='lat' dir='ltr'><strong>pro-</strong></span> 
     </span>
    </p>
   </div>
   <div class='ocr_carea' id='block_1_11' title="bbox 1146 2302 1955 2474">
    <p class='ocr_par' dir='ltr' id='par_1_12' title="bbox 1146 2302 1955 2474">
     <span class='ocr_line' id='line_1_82' title="bbox 1147 2302 1955 2381; baseline 0.005 -19"><span class='ocrx_word' id='word_1_457' title='bbox 1147 2303 1223 2374; x_wconf 89' lang='lat' dir='ltr'><strong>sint,</strong></span> <span class='ocrx_word' id='word_1_458' title='bbox 1238 2319 1299 2364; x_wconf 91' lang='lat' dir='ltr'><strong>nea</strong></span> <span class='ocrx_word' id='word_1_459' title='bbox 1312 2319 1368 2364; x_wconf 89' lang='grc'><strong>000</strong></span> <span class='ocrx_word' id='word_1_460' title='bbox 1381 2303 1491 2365; x_wconf 88' lang='lat' dir='ltr'><strong>banna</strong></span> <span class='ocrx_word' id='word_1_461' title='bbox 1506 2302 1637 2381; x_wconf 91' lang='lat' dir='ltr'><strong>publica</strong></span> <span class='ocrx_word' id='word_1_462' title='bbox 1649 2304 1807 2365; x_wconf 87' lang='lat' dir='ltr'><strong>tueantur</strong></span> <span class='ocrx_word' id='word_1_463' title='bbox 1821 2326 1833 2364; x_wconf 20' lang='lat' dir='ltr'><strong>:a</strong></span> <span class='ocrx_word' id='word_1_464' title='bbox 1845 2321 1955 2366; x_wconf 80' lang='lat' dir='ltr'><strong>exco-</strong></span> 
     </span>
     <span class='ocr_line' id='line_1_83' title="bbox 1146 2397 1953 2474; baseline 0.002 -16"><span class='ocrx_word' id='word_1_465' title='bbox 1146 2399 1249 2472; x_wconf 85' lang='lat' dir='ltr'><strong>gitata</strong></span> <span class='ocrx_word' id='word_1_466' title='bbox 1264 2398 1391 2458; x_wconf 89' lang='lat' dir='ltr'><strong>malitia</strong></span> <span class='ocrx_word' id='word_1_467' title='bbox 1411 2397 1445 2458; x_wconf 88' lang='lat' dir='ltr'><strong>id</strong></span> <span class='ocrx_word' id='word_1_468' title='bbox 1464 2413 1565 2474; x_wconf 87' lang='lat' dir='ltr'><strong>agere</strong></span> <span class='ocrx_word' id='word_1_469' title='bbox 1584 2398 1785 2474; x_wconf 81' lang='lat' dir='ltr'><strong>satagentes,</strong></span> <span class='ocrx_word' id='word_1_470' title='bbox 1812 2399 1851 2460; x_wconf 90' lang='lat' dir='ltr'><strong>ut</strong></span> <span class='ocrx_word' id='word_1_471' title='bbox 1870 2401 1903 2460; x_wconf 85' lang='lat' dir='ltr'><strong>si</strong></span> <span class='ocrx_word' id='word_1_472' title='bbox 1916 2417 1953 2460; x_wconf 89' lang='lat' dir='ltr'><strong>se</strong></span> 
     </span>
    </p>
   </div>
   <div class='ocr_carea' id='block_1_12' title="bbox 1146 2495 1955 2878">
    <p class='ocr_par' dir='ltr' id='par_1_13' title="bbox 1146 2495 1955 2878">
     <span class='ocr_line' id='line_1_84' title="bbox 1148 2495 1954 2573; baseline 0.004 -18"><span class='ocrx_word' id='word_1_473' title='bbox 1148 2496 1278 2557; x_wconf 87' lang='lat' dir='ltr'><strong>statutis</strong></span> <span class='ocrx_word' id='word_1_474' title='bbox 1303 2496 1493 2573; x_wconf 88' lang='lat' dir='ltr'><strong>hujusmodi</strong></span> <span class='ocrx_word' id='word_1_475' title='bbox 1521 2495 1743 2571; x_wconf 88' lang='lat' dir='ltr'><strong>alligaverint,</strong></span> <span class='ocrx_word' id='word_1_476' title='bbox 1769 2497 1954 2558; x_wconf 89' lang='lat' dir='ltr'><strong>ecclesias-</strong></span> 
     </span>
     <span class='ocr_line' id='line_1_85' title="bbox 1146 2592 1952 2671; baseline 0.002 -17"><span class='ocrx_word' id='word_1_477' title='bbox 1146 2594 1222 2654; x_wconf 86' lang='lat' dir='ltr'><strong>ticae</strong></span> <span class='ocrx_word' id='word_1_478' title='bbox 1249 2592 1411 2655; x_wconf 88' lang='lat' dir='ltr'><strong>libertatis</strong></span> <span class='ocrx_word' id='word_1_479' title='bbox 1442 2594 1606 2671; x_wconf 82' lang='lat' dir='ltr'><strong>expertes,</strong></span> <span class='ocrx_word' id='word_1_480' title='bbox 1623 2593 1764 2670; x_wconf 84' lang='lat' dir='ltr'><strong>publicis</strong></span> <span class='ocrx_word' id='word_1_481' title='bbox 1790 2595 1952 2656; x_wconf 87' lang='lat' dir='ltr'><strong>oneribus</strong></span> 
     </span>
     <span class='ocr_line' id='line_1_86' title="bbox 1148 2691 1955 2768; baseline 0.004 -16"><span class='ocrx_word' id='word_1_482' title='bbox 1148 2692 1378 2768; x_wconf 89' lang='lat' dir='ltr'><strong>mancipentur</strong></span> <span class='ocrx_word' id='word_1_483' title='bbox 1390 2692 1425 2752; x_wconf 89' lang='lat' dir='ltr'><strong>ui</strong></span> <span class='ocrx_word' id='word_1_484' title='bbox 1437 2691 1536 2766; x_wconf 73' lang='lat' dir='ltr'><strong>laici,</strong></span> <span class='ocrx_word' id='word_1_485' title='bbox 1557 2692 1586 2751; x_wconf 90' lang='lat' dir='ltr'><strong>si</strong></span> <span class='ocrx_word' id='word_1_486' title='bbox 1599 2707 1677 2753; x_wconf 88' lang='lat' dir='ltr'><strong>vero</strong></span> <span class='ocrx_word' id='word_1_487' title='bbox 1691 2707 1726 2752; x_wconf 90' lang='lat' dir='ltr'><strong>sa</strong></span> <span class='ocrx_word' id='word_1_488' title='bbox 1745 2691 1813 2754; x_wconf 89' lang='lat' dir='ltr'><strong>illis</strong></span> <span class='ocrx_word' id='word_1_489' title='bbox 1829 2691 1955 2755; x_wconf 87' lang='lat' dir='ltr'><strong>nolue-</strong></span> 
     </span>
     <span class='ocr_line' id='line_1_87' title="bbox 1147 2788 1954 2878; baseline 0.004 -30"><span class='ocrx_word' id='word_1_490' title='bbox 1147 2789 1215 2850; x_wconf 93' lang='lat' dir='ltr'><strong>rint</strong></span> <span class='ocrx_word' id='word_1_491' title='bbox 1236 2788 1395 2865; x_wconf 89' lang='lat' dir='ltr'><strong>obligare,</strong></span> <span class='ocrx_word' id='word_1_492' title='bbox 1416 2789 1551 2866; x_wconf 89' lang='lat' dir='ltr'><strong>pateant</strong></span> <span class='ocrx_word' id='word_1_493' title='bbox 1567 2789 1715 2866; x_wconf 90' lang='lat' dir='ltr'><strong>periculo</strong></span> <span class='ocrx_word' id='word_1_494' title='bbox 1730 2804 1954 2878; x_wconf 80' lang='lat' dir='ltr'><strong>personarum</strong></span> 
     </span>
    </p>
   </div>
   <div class='ocr_carea' id='block_1_13' title="bbox 1149 2982 1961 5667">
    <p class='ocr_par' dir='ltr' id='par_1_14' title="bbox 1149 2982 1959 3198">
     <span class='ocr_line' id='line_1_88' title="bbox 1149 2982 1959 3056; baseline -0.004 -15"><span class='ocrx_word' id='word_1_495' title='bbox 1149 2985 1286 3054; x_wconf 89' lang='lat' dir='ltr'><strong>neralem,</strong></span> <span class='ocrx_word' id='word_1_496' title='bbox 1299 3001 1360 3055; x_wconf 86' lang='lat' dir='ltr'><strong>cap.</strong></span> <span class='ocrx_word' id='word_1_497' title='bbox 1382 3001 1459 3053; x_wconf 85' lang='lat' dir='ltr'><strong>sane,</strong></span> <span class='ocrx_word' id='word_1_498' title='bbox 1479 2985 1512 3040; x_wconf 84' lang='lat' dir='ltr'><strong>de</strong></span> <span class='ocrx_word' id='word_1_499' title='bbox 1531 2984 1675 3054; x_wconf 70' lang='lat' dir='ltr'><strong>privileg,</strong></span> <span class='ocrx_word' id='word_1_500' title='bbox 1697 2983 1762 3056; x_wconf 90' lang='lat' dir='ltr'><strong>quia</strong></span> <span class='ocrx_word' id='word_1_501' title='bbox 1783 2990 1881 3040; x_wconf 90' lang='lat' dir='ltr'><strong>tamen</strong></span> <span class='ocrx_word' id='word_1_502' title='bbox 1905 2982 1959 3039; x_wconf 86' lang='lat' dir='ltr'><strong>ali-</strong></span> 
     </span>
     <span class='ocr_line' id='line_1_89' title="bbox 1149 3051 1955 3127; baseline -0.005 -15"><span class='ocrx_word' id='word_1_503' title='bbox 1149 3064 1289 3127; x_wconf 81' lang='lat' dir='ltr'><strong>quatenus</strong></span> <span class='ocrx_word' id='word_1_504' title='bbox 1302 3055 1439 3111; x_wconf 87' lang='lat' dir='ltr'><strong>damnosa</strong></span> <span class='ocrx_word' id='word_1_505' title='bbox 1454 3055 1596 3111; x_wconf 87' lang='lat' dir='ltr'><strong>videntur.</strong></span> <span class='ocrx_word' id='word_1_506' title='bbox 1614 3054 1800 3127; x_wconf 81' lang='lat' dir='ltr'><strong>Raymundus</strong></span> <span class='ocrx_word' id='word_1_507' title='bbox 1811 3051 1868 3110; x_wconf 90' lang='lat' dir='ltr'><strong>hoc</strong></span> <span class='ocrx_word' id='word_1_508' title='bbox 1882 3067 1955 3125; x_wconf 86' lang='lat' dir='ltr'><strong>cap.</strong></span> 
     </span>
     <span class='ocr_line' id='line_1_90' title="bbox 1150 3125 1584 3198; baseline -0.002 -16"><span class='ocrx_word' id='word_1_509' title='bbox 1150 3127 1178 3184; x_wconf 92' lang='lat' dir='ltr'><strong>iu</strong></span> <span class='ocrx_word' id='word_1_510' title='bbox 1194 3141 1244 3184; x_wconf 92' lang='grc'><strong>000</strong></span> <span class='ocrx_word' id='word_1_511' title='bbox 1260 3125 1462 3198; x_wconf 89' lang='lat' dir='ltr'><strong>compilatione</strong></span> <span class='ocrx_word' id='word_1_512' title='bbox 1477 3125 1584 3181; x_wconf 87' lang='lat' dir='ltr'><strong>omisit.</strong></span> 
     </span>
    </p>

    <p class='ocr_par' dir='ltr' id='par_1_15' title="bbox 1149 3195 1961 4605">
     <span class='ocr_line' id='line_1_91' title="bbox 1186 3195 1961 3269; baseline 0 -17"><span class='ocrx_word' id='word_1_513' title='bbox 1186 3197 1383 3269; x_wconf 72' lang='lat' dir='ltr'><strong>(aiPotcsiaii,</strong></span> <span class='ocrx_word' id='word_1_514' title='bbox 1400 3199 1424 3251; x_wconf 82' lang='lat' dir='ltr'><strong>ei</strong></span> <span class='ocrx_word' id='word_1_515' title='bbox 1438 3195 1542 3265; x_wconf 78' lang='lat' dir='ltr'><strong>populo</strong></span> <span class='ocrx_word' id='word_1_516' title='bbox 1554 3195 1701 3253; x_wconf 81' lang='lat' dir='ltr'><strong>Parianae.</strong></span> <span class='ocrx_word' id='word_1_517' title='bbox 1719 3197 1867 3267; x_wconf 74' lang='lat' dir='ltr'><strong>Pleraque</strong></span> <span class='ocrx_word' id='word_1_518' title='bbox 1885 3195 1961 3252; x_wconf 85' lang='lat' dir='ltr'><strong>eivt·</strong></span> 
     </span>
     <span class='ocr_line' id='line_1_92' title="bbox 1151 3265 1959 3338; baseline -0.002 -14"><span class='ocrx_word' id='word_1_519' title='bbox 1151 3275 1222 3325; x_wconf 88' lang='lat' dir='ltr'><strong>tutes</strong></span> <span class='ocrx_word' id='word_1_520' title='bbox 1243 3267 1342 3334; x_wconf 84' lang='lat' dir='ltr'><strong>ltaliae,</strong></span> <span class='ocrx_word' id='word_1_521' title='bbox 1356 3280 1478 3323; x_wconf 81' lang='lat' dir='ltr'><strong>excusso</strong></span> <span class='ocrx_word' id='word_1_522' title='bbox 1500 3265 1616 3337; x_wconf 87' lang='lat' dir='ltr'><strong>imperii</strong></span> <span class='ocrx_word' id='word_1_523' title='bbox 1634 3265 1717 3338; x_wconf 75' lang='lat' dir='ltr'><strong>iugo,</strong></span> <span class='ocrx_word' id='word_1_524' title='bbox 1732 3267 1799 3324; x_wconf 85' lang='lat' dir='ltr'><strong>sibit</strong></span> <span class='ocrx_word' id='word_1_525' title='bbox 1814 3267 1905 3323; x_wconf 90' lang='grc'>00000</span> <span class='ocrx_word' id='word_1_526' title='bbox 1925 3275 1959 3322; x_wconf 89' lang='lat' dir='ltr'><strong>et</strong></span> 
     </span>
     <span class='ocr_line' id='line_1_93' title="bbox 1150 3335 1960 3410; baseline -0.004 -15"><span class='ocrx_word' id='word_1_527' title='bbox 1150 3347 1284 3410; x_wconf 80' lang='lat' dir='ltr'><strong>praetores</strong></span> <span class='ocrx_word' id='word_1_528' title='bbox 1299 3337 1514 3396; x_wconf 87' lang='lat' dir='ltr'><strong>constituerant.</strong></span> <span class='ocrx_word' id='word_1_529' title='bbox 1532 3351 1604 3406; x_wconf 89' lang='grc'>0000</span> <span class='ocrx_word' id='word_1_530' title='bbox 1615 3337 1731 3404; x_wconf 77' lang='lat' dir='ltr'><strong>pedestri</strong></span> <span class='ocrx_word' id='word_1_531' title='bbox 1747 3338 1847 3395; x_wconf 89' lang='lat' dir='ltr'><strong>italico</strong></span> <span class='ocrx_word' id='word_1_532' title='bbox 1864 3335 1960 3392; x_wconf 90' lang='lat' dir='ltr'><strong>verbo</strong></span> 
     </span>
     <span class='ocr_line' id='line_1_94' title="bbox 1150 3405 1961 3478; baseline -0.002 -13"><span class='ocrx_word' id='word_1_533' title='bbox 1150 3407 1300 3474; x_wconf 85' lang='lat' dir='ltr'><strong>vocabant,</strong></span> <span class='ocrx_word' id='word_1_534' title='bbox 1317 3408 1389 3462; x_wconf 92' lang='lat' dir='ltr'><strong>inter</strong></span> <span class='ocrx_word' id='word_1_535' title='bbox 1405 3420 1476 3477; x_wconf 90' lang='grc'>0000</span> <span class='ocrx_word' id='word_1_536' title='bbox 1490 3405 1541 3462; x_wconf 89' lang='lat' dir='ltr'><strong>luit</strong></span> <span class='ocrx_word' id='word_1_537' title='bbox 1554 3405 1714 3462; x_wconf 88' lang='lat' dir='ltr'><strong>Patavium.</strong></span> <span class='ocrx_word' id='word_1_538' title='bbox 1731 3405 1802 3463; x_wconf 91' lang='lat' dir='ltr'><strong>lade</strong></span> <span class='ocrx_word' id='word_1_539' title='bbox 1816 3407 1961 3478; x_wconf 78' lang='lat' dir='ltr'><strong>frequens</strong></span> 
     </span>
     <span class='ocr_line' id='line_1_95' title="bbox 1150 3476 1958 3550; baseline -0.001 -15"><span class='ocrx_word' id='word_1_540' title='bbox 1150 3480 1256 3536; x_wconf 88' lang='lat' dir='ltr'><strong>mentio</strong></span> <span class='ocrx_word' id='word_1_541' title='bbox 1271 3477 1346 3550; x_wconf 88' lang='lat' dir='ltr'><strong>apud</strong></span> <span class='ocrx_word' id='word_1_542' title='bbox 1361 3483 1492 3534; x_wconf 89' lang='lat' dir='ltr'><strong>auctores</strong></span> <span class='ocrx_word' id='word_1_543' title='bbox 1511 3476 1587 3533; x_wconf 89' lang='lat' dir='ltr'><strong>illius</strong></span> <span class='ocrx_word' id='word_1_544' title='bbox 1608 3476 1707 3544; x_wconf 91' lang='lat' dir='ltr'><strong>seculi,</strong></span> <span class='ocrx_word' id='word_1_545' title='bbox 1721 3482 1752 3532; x_wconf 88' lang='lat' dir='ltr'><strong>nt</strong></span> <span class='ocrx_word' id='word_1_546' title='bbox 1772 3477 1849 3547; x_wconf 90' lang='lat' dir='ltr'><strong>apud</strong></span> <span class='ocrx_word' id='word_1_547' title='bbox 1863 3480 1958 3534; x_wconf 92' lang='lat' dir='ltr'><strong>lnno·</strong></span> 
     </span>
     <span class='ocr_line' id='line_1_96' title="bbox 1149 3547 1958 3608; baseline -0.006 0"><span class='ocrx_word' id='word_1_548' title='bbox 1149 3549 1274 3608; x_wconf 91' lang='lat' dir='ltr'><strong>centium</strong></span> <span class='ocrx_word' id='word_1_549' title='bbox 1289 3549 1567 3606; x_wconf 71' lang='lat' dir='ltr'><strong>diademalem</strong></span> <span class='ocrx_word' id='word_1_550' title='bbox 1581 3547 1629 3604; x_wconf 86' lang='lat' dir='ltr'><strong>lv.</strong></span> <span class='ocrx_word' id='word_1_551' title='bbox 1644 3547 1725 3603; x_wconf 88' lang='grc'>11000</span> <span class='ocrx_word' id='word_1_552' title='bbox 1740 3560 1842 3602; x_wconf 90' lang='lat' dir='ltr'><strong>vocem</strong></span> <span class='ocrx_word' id='word_1_553' title='bbox 1854 3547 1958 3606; x_wconf 83' lang='lat' dir='ltr'><strong>Graeci</strong></span> 
     </span>
     <span class='ocr_line' id='line_1_97' title="bbox 1150 3617 1955 3691; baseline -0.005 -13"><span class='ocrx_word' id='word_1_554' title='bbox 1150 3622 1323 3679; x_wconf 87' lang='lat' dir='ltr'><strong>recentiores</strong></span> <span class='ocrx_word' id='word_1_555' title='bbox 1337 3619 1391 3676; x_wconf 88' lang='lat' dir='ltr'><strong>sibi</strong></span> <span class='ocrx_word' id='word_1_556' title='bbox 1405 3620 1548 3691; x_wconf 89' lang='lat' dir='ltr'><strong>propriam</strong></span> <span class='ocrx_word' id='word_1_557' title='bbox 1562 3617 1697 3674; x_wconf 86' lang='lat' dir='ltr'><strong>lecerunt.</strong></span> <span class='ocrx_word' id='word_1_558' title='bbox 1721 3619 1881 3688; x_wconf 88' lang='lat' dir='ltr'><strong>Gregoras,</strong></span> <span class='ocrx_word' id='word_1_559' title='bbox 1902 3619 1955 3675; x_wconf 88' lang='lat' dir='ltr'><strong>tib.</strong></span> 
     </span>
     <span class='ocr_line' id='line_1_98' title="bbox 1150 3687 1958 3764; baseline -0.007 -12"><span class='ocrx_word' id='word_1_560' title='bbox 1150 3695 1176 3762; x_wconf 83' lang='lat'><strong>5,</strong></span> <span class='ocrx_word' id='word_1_561' title='bbox 1200 3708 1261 3764; x_wconf 84' lang='lat' dir='ltr'><strong>cap.</strong></span> <span class='ocrx_word' id='word_1_562' title='bbox 1286 3694 1315 3751; x_wconf 87' lang='grc'><strong>7.</strong></span> <span class='ocrx_word' id='word_1_563' title='bbox 1340 3689 1473 3758; x_wconf 78' lang='lat' dir='ltr'><strong>cedinus,</strong></span> <span class='ocrx_word' id='word_1_564' title='bbox 1485 3689 1518 3746; x_wconf 84' lang='grc'><strong>00</strong></span> <span class='ocrx_word' id='word_1_565' title='bbox 1538 3688 1611 3760; x_wconf 73' lang='lat' dir='ltr'><strong>esde.</strong></span> <span class='ocrx_word' id='word_1_566' title='bbox 1637 3687 1711 3744; x_wconf 82' lang='grc'>0010</span> <span class='ocrx_word' id='word_1_567' title='bbox 1731 3688 1958 3759; x_wconf 77' lang='lat' dir='ltr'><strong>constantinop.</strong></span> 
     </span>
     <span class='ocr_line' id='line_1_99' title="bbox 1150 3759 1959 3836; baseline -0.009 -14"><span class='ocrx_word' id='word_1_568' title='bbox 1150 3764 1332 3836; x_wconf 76' lang='lat' dir='ltr'><strong>curopalates</strong></span> <span class='ocrx_word' id='word_1_569' title='bbox 1360 3767 1444 3819; x_wconf 91' lang='lat' dir='ltr'><strong>vocat</strong></span> <span class='ocrx_word' id='word_1_570' title='bbox 1471 3769 1623 3823; x_wconf 69' lang='grc' dir='ltr'>ποτιστᾰτος</span> <span class='ocrx_word' id='word_1_571' title='bbox 1639 3766 1800 3832; x_wconf 66' lang='lat' dir='ltr'><strong>turmatim,</strong></span> <span class='ocrx_word' id='word_1_572' title='bbox 1827 3759 1959 3815; x_wconf 80' lang='lat' dir='ltr'><strong>Potestas</strong></span> 
     </span>
     <span class='ocr_line' id='line_1_100' title="bbox 1151 3827 1959 3910; baseline -0.007 -18"><span class='ocrx_word' id='word_1_573' title='bbox 1151 3835 1347 3892; x_wconf 82' lang='lat' dir='ltr'><strong>Geaaertsiani.</strong></span> <span class='ocrx_word' id='word_1_574' title='bbox 1364 3833 1551 3902; x_wconf 84' lang='lat' dir='ltr'><strong>Magistratus</strong></span> <span class='ocrx_word' id='word_1_575' title='bbox 1566 3829 1622 3896; x_wconf 84' lang='lat' dir='ltr'><strong>liic,</strong></span> <span class='ocrx_word' id='word_1_576' title='bbox 1639 3827 1688 3910; x_wconf 86' lang='grc'><strong>001</strong></span> <span class='ocrx_word' id='word_1_577' title='bbox 1703 3827 1766 3886; x_wconf 86' lang='lat' dir='ltr'><strong>aliis</strong></span> <span class='ocrx_word' id='word_1_578' title='bbox 1782 3829 1899 3896; x_wconf 84' lang='lat' dir='ltr'><strong>Consul,</strong></span> <span class='ocrx_word' id='word_1_579' title='bbox 1927 3837 1959 3886; x_wconf 92' lang='lat' dir='ltr'><strong>ut</strong></span> 
     </span>
     <span class='ocr_line' id='line_1_101' title="bbox 1151 3897 1958 3968; baseline -0.006 -8"><span class='ocrx_word' id='word_1_580' title='bbox 1151 3903 1262 3961; x_wconf 86' lang='lat' dir='ltr'><strong>Pisanis</strong></span> <span class='ocrx_word' id='word_1_581' title='bbox 1300 3904 1476 3968; x_wconf 90' lang='lat' dir='ltr'><strong>nominatur,</strong></span> <span class='ocrx_word' id='word_1_582' title='bbox 1504 3915 1520 3955; x_wconf 90' lang='lat' dir='ltr'><strong>a</strong></span> <span class='ocrx_word' id='word_1_583' title='bbox 1544 3901 1662 3958; x_wconf 85' lang='lat' dir='ltr'><strong>Venetis</strong></span> <span class='ocrx_word' id='word_1_584' title='bbox 1689 3908 1815 3967; x_wconf 61' lang='grc'>1000000,</span> <span class='ocrx_word' id='word_1_585' title='bbox 1846 3897 1874 3954; x_wconf 89' lang='grc'><strong>10</strong></span> <span class='ocrx_word' id='word_1_586' title='bbox 1899 3908 1958 3968; x_wconf 85' lang='grc'>001,</span> 
     </span>
     <span class='ocr_line' id='line_1_102' title="bbox 1150 3969 1959 4040; baseline -0.004 -11"><span class='ocrx_word' id='word_1_587' title='bbox 1150 3977 1276 4038; x_wconf 85' lang='lat' dir='ltr'><strong>carator,</strong></span> <span class='ocrx_word' id='word_1_588' title='bbox 1312 3978 1343 4027; x_wconf 91' lang='lat' dir='ltr'><strong>nt</strong></span> <span class='ocrx_word' id='word_1_589' title='bbox 1375 3977 1455 4026; x_wconf 90' lang='lat' dir='ltr'><strong>notat</strong></span> <span class='ocrx_word' id='word_1_590' title='bbox 1473 3969 1563 4024; x_wconf 85' lang='lat' dir='ltr'><strong>‘idem</strong></span> <span class='ocrx_word' id='word_1_591' title='bbox 1596 3969 1739 4040; x_wconf 86' lang='lat' dir='ltr'><strong>Gregorus</strong></span> <span class='ocrx_word' id='word_1_592' title='bbox 1764 3969 1812 4024; x_wconf 83' lang='lat' dir='ltr'><strong>iad.</strong></span> <span class='ocrx_word' id='word_1_593' title='bbox 1848 3969 1876 4037; x_wconf 81' lang='lat' dir='ltr'><strong>b,</strong></span> <span class='ocrx_word' id='word_1_594' title='bbox 1902 3983 1959 4026; x_wconf 91' lang='lat' dir='ltr'><strong>vo-</strong></span> 
     </span>
     <span class='ocr_line' id='line_1_103' title="bbox 1150 4036 1955 4111; baseline -0.002 -12"><span class='ocrx_word' id='word_1_595' title='bbox 1150 4051 1231 4099; x_wconf 90' lang='lat' dir='ltr'><strong>catur</strong></span> <span class='ocrx_word' id='word_1_596' title='bbox 1251 4040 1431 4107; x_wconf 68' lang='lat' dir='ltr'><strong>praesideo</strong></span> <span class='ocrx_word' id='word_1_597' title='bbox 1451 4036 1527 4110; x_wconf 92' lang='lat' dir='ltr'><strong>quod</strong></span> <span class='ocrx_word' id='word_1_598' title='bbox 1547 4051 1660 4094; x_wconf 87' lang='lat' dir='ltr'><strong>summa</strong></span> <span class='ocrx_word' id='word_1_599' title='bbox 1682 4037 1841 4109; x_wconf 86' lang='lat' dir='ltr'><strong>jurisdictio</strong></span> <span class='ocrx_word' id='word_1_600' title='bbox 1862 4054 1955 4111; x_wconf 89' lang='lat' dir='ltr'><strong>penes</strong></span> 
     </span>
     <span class='ocr_line' id='line_1_104' title="bbox 1151 4107 1955 4190; baseline -0.004 -21"><span class='ocrx_word' id='word_1_601' title='bbox 1151 4113 1227 4169; x_wconf 90' lang='lat' dir='ltr'><strong>hunc</strong></span> <span class='ocrx_word' id='word_1_602' title='bbox 1240 4110 1276 4167; x_wconf 88' lang='lat' dir='ltr'><strong>sit</strong></span> <span class='ocrx_word' id='word_1_603' title='bbox 1296 4110 1458 4167; x_wconf 88' lang='lat' dir='ltr'><strong>constituta.</strong></span> <span class='ocrx_word' id='word_1_604' title='bbox 1482 4107 1607 4165; x_wconf 89' lang='lat' dir='ltr'><strong>Sumitur</strong></span> <span class='ocrx_word' id='word_1_605' title='bbox 1622 4115 1650 4164; x_wconf 87' lang='lat' dir='ltr'><strong>et</strong></span> <span class='ocrx_word' id='word_1_606' title='bbox 1666 4123 1716 4180; x_wconf 94' lang='lat' dir='ltr'><strong>pro</strong></span> <span class='ocrx_word' id='word_1_607' title='bbox 1736 4108 1816 4165; x_wconf 90' lang='lat' dir='ltr'><strong>omni</strong></span> <span class='ocrx_word' id='word_1_608' title='bbox 1839 4110 1955 4190; x_wconf 80' lang='lat' dir='ltr'><strong>magis·</strong></span> 
     </span>
     <span class='ocr_line' id='line_1_105' title="bbox 1152 4179 1956 4251; baseline -0.005 -11"><span class='ocrx_word' id='word_1_609' title='bbox 1152 4189 1226 4240; x_wconf 88' lang='lat' dir='ltr'><strong>trata</strong></span> <span class='ocrx_word' id='word_1_610' title='bbox 1272 4179 1377 4249; x_wconf 88' lang='lat' dir='ltr'><strong>oblico,</strong></span> <span class='ocrx_word' id='word_1_611' title='bbox 1398 4194 1483 4251; x_wconf 90' lang='lat' dir='ltr'><strong>quem</strong></span> <span class='ocrx_word' id='word_1_612' title='bbox 1506 4179 1672 4234; x_wconf 81' lang='lat' dir='ltr'><strong>Potestatrm</strong></span> <span class='ocrx_word' id='word_1_613' title='bbox 1699 4193 1838 4234; x_wconf 80' lang='lat' dir='ltr'><strong>suminam</strong></span> <span class='ocrx_word' id='word_1_614' title='bbox 1862 4187 1956 4238; x_wconf 89' lang='lat' dir='ltr'><strong>ettam</strong></span> 
     </span>
     <span class='ocr_line' id='line_1_106' title="bbox 1152 4196 1953 4329; baseline -0.005 -17"><span class='ocrx_word' id='word_1_615' title='bbox 1152 4260 1234 4312; x_wconf 89' lang='lat' dir='ltr'><strong>vocat</strong></span> <span class='ocrx_word' id='word_1_616' title='bbox 1249 4196 1400 4310; x_wconf 57' lang='lat' dir='ltr'><strong>galitanus</strong></span> <span class='ocrx_word' id='word_1_617' title='bbox 1415 4251 1462 4306; x_wconf 89' lang='lat' dir='ltr'><strong>iib.</strong></span> <span class='ocrx_word' id='word_1_618' title='bbox 1478 4250 1514 4319; x_wconf 78' lang='lat' dir='ltr'><strong>it;</strong></span> <span class='ocrx_word' id='word_1_619' title='bbox 1538 4249 1704 4305; x_wconf 84' lang='lat' dir='ltr'><strong>Potestaient</strong></span> <span class='ocrx_word' id='word_1_620' title='bbox 1717 4254 1869 4329; x_wconf 76' lang='lat' dir='ltr'><strong>terrenam,</strong></span> <span class='ocrx_word' id='word_1_621' title='bbox 1886 4266 1953 4309; x_wconf 87' lang='lat' dir='ltr'><strong>raa.</strong></span> 
     </span>
     <span class='ocr_line' id='line_1_107' title="bbox 1151 4321 1953 4392; baseline -0.005 -10"><span class='ocrx_word' id='word_1_622' title='bbox 1151 4323 1350 4392; x_wconf 81' lang='lat' dir='ltr'><strong>sacerdotibus,</strong></span> <span class='ocrx_word' id='word_1_623' title='bbox 1367 4330 1395 4378; x_wconf 89' lang='lat' dir='ltr'><strong>et</strong></span> <span class='ocrx_word' id='word_1_624' title='bbox 1408 4323 1479 4378; x_wconf 87' lang='lat' dir='ltr'><strong>Can.</strong></span> <span class='ocrx_word' id='word_1_625' title='bbox 1496 4335 1629 4389; x_wconf 74' lang='lat' dir='ltr'><strong>magnam</strong></span> <span class='ocrx_word' id='word_1_626' title='bbox 1643 4335 1681 4390; x_wconf 92' lang='lat' dir='ltr'><strong>n;</strong></span> <span class='ocrx_word' id='word_1_627' title='bbox 1696 4335 1722 4390; x_wconf 87' lang='grc'><strong>0.</strong></span> <span class='ocrx_word' id='word_1_628' title='bbox 1737 4334 1756 4376; x_wconf 91' lang='lat'><strong>1.</strong></span> <span class='ocrx_word' id='word_1_629' title='bbox 1773 4321 1953 4390; x_wconf 73' lang='lat' dir='ltr'><strong>depalatorem</strong></span> 
     </span>
     <span class='ocr_line' id='line_1_108' title="bbox 1151 4390 1954 4463; baseline -0.006 -10"><span class='ocrx_word' id='word_1_630' title='bbox 1151 4395 1333 4462; x_wconf 72' lang='grc' dir='ltr'>000011,οα00.</span> <span class='ocrx_word' id='word_1_631' title='bbox 1356 4394 1382 4450; x_wconf 87' lang='lat' dir='ltr'><strong>si</strong></span> <span class='ocrx_word' id='word_1_632' title='bbox 1400 4392 1462 4463; x_wconf 84' lang='lat' dir='ltr'><strong>qais</strong></span> <span class='ocrx_word' id='word_1_633' title='bbox 1484 4390 1679 4461; x_wconf 76' lang='lat' dir='ltr'><strong>casrairibas,</strong></span> <span class='ocrx_word' id='word_1_634' title='bbox 1699 4391 1760 4446; x_wconf 81' lang='lat' dir='ltr'><strong>aad.</strong></span> <span class='ocrx_word' id='word_1_635' title='bbox 1775 4391 1821 4446; x_wconf 91' lang='lat' dir='ltr'><strong>Sic</strong></span> <span class='ocrx_word' id='word_1_636' title='bbox 1836 4405 1954 4463; x_wconf 92' lang='grc'>000000</span> 
     </span>
     <span class='ocr_line' id='line_1_109' title="bbox 1152 4459 1952 4533; baseline -0.006 -10"><span class='ocrx_word' id='word_1_637' title='bbox 1152 4467 1244 4523; x_wconf 83' lang='lat' dir='ltr'><strong>tornati</strong></span> <span class='ocrx_word' id='word_1_638' title='bbox 1259 4465 1388 4521; x_wconf 89' lang='lat' dir='ltr'><strong>seculare</strong></span> <span class='ocrx_word' id='word_1_639' title='bbox 1409 4463 1495 4519; x_wconf 91' lang='lat' dir='ltr'><strong>unico</strong></span> <span class='ocrx_word' id='word_1_640' title='bbox 1516 4461 1642 4529; x_wconf 89' lang='lat' dir='ltr'><strong>nomine,</strong></span> <span class='ocrx_word' id='word_1_641' title='bbox 1660 4461 1753 4528; x_wconf 88' lang='lat' dir='ltr'><strong>caria,</strong></span> <span class='ocrx_word' id='word_1_642' title='bbox 1767 4459 1855 4533; x_wconf 87' lang='lat' dir='ltr'><strong>vulgo</strong></span> <span class='ocrx_word' id='word_1_643' title='bbox 1871 4459 1952 4518; x_wconf 87' lang='lat' dir='ltr'><strong>dice-</strong></span> 
     </span>
     <span class='ocr_line' id='line_1_110' title="bbox 1151 4531 1881 4605; baseline -0.014 -9"><span class='ocrx_word' id='word_1_644' title='bbox 1151 4539 1243 4604; x_wconf 91' lang='lat' dir='ltr'><strong>batur,</strong></span> <span class='ocrx_word' id='word_1_645' title='bbox 1256 4551 1319 4592; x_wconf 88' lang='lat' dir='ltr'><strong>can.</strong></span> <span class='ocrx_word' id='word_1_646' title='bbox 1330 4534 1356 4591; x_wconf 88' lang='lat' dir='ltr'><strong>si</strong></span> <span class='ocrx_word' id='word_1_647' title='bbox 1367 4535 1430 4605; x_wconf 85' lang='lat' dir='ltr'><strong>qais</strong></span> <span class='ocrx_word' id='word_1_648' title='bbox 1444 4533 1632 4600; x_wconf 84' lang='lat' dir='ltr'><strong>sacerdotum,</strong></span> <span class='ocrx_word' id='word_1_649' title='bbox 1646 4537 1674 4588; x_wconf 90' lang='lat' dir='ltr'><strong>et</strong></span> <span class='ocrx_word' id='word_1_650' title='bbox 1686 4532 1803 4603; x_wconf 89' lang='lat' dir='ltr'><strong>passim,</strong></span> <span class='ocrx_word' id='word_1_651' title='bbox 1820 4531 1881 4587; x_wconf 85' lang='grc'>000.</span> 
     </span>
    </p>

    <p class='ocr_par' dir='ltr' id='par_1_16' title="bbox 1152 4600 1952 5667">
     <span class='ocr_line' id='line_1_111' title="bbox 1188 4600 1951 4676; baseline -0.007 -12"><span class='ocrx_word' id='word_1_652' title='bbox 1188 4607 1330 4665; x_wconf 86' lang='lat' dir='ltr'><strong>lionorius</strong></span> <span class='ocrx_word' id='word_1_653' title='bbox 1346 4604 1528 4676; x_wconf 89' lang='lat' dir='ltr'><strong>conqueritur</strong></span> <span class='ocrx_word' id='word_1_654' title='bbox 1539 4602 1567 4658; x_wconf 94' lang='lat' dir='ltr'><strong>in</strong></span> <span class='ocrx_word' id='word_1_655' title='bbox 1583 4601 1638 4657; x_wconf 86' lang='lat' dir='ltr'><strong>liae</strong></span> <span class='ocrx_word' id='word_1_656' title='bbox 1652 4615 1716 4674; x_wconf 87' lang='lat' dir='ltr'><strong>cap.</strong></span> <span class='ocrx_word' id='word_1_657' title='bbox 1734 4601 1809 4674; x_wconf 92' lang='grc'>0000</span> <span class='ocrx_word' id='word_1_658' title='bbox 1824 4600 1859 4658; x_wconf 95' lang='grc'><strong>00</strong></span> <span class='ocrx_word' id='word_1_659' title='bbox 1872 4604 1951 4675; x_wconf 84' lang='lat' dir='ltr'><strong>regi-</strong></span> 
     </span>
     <span class='ocr_line' id='line_1_112' title="bbox 1152 4671 1952 4747; baseline -0.009 -9"><span class='ocrx_word' id='word_1_660' title='bbox 1152 4695 1219 4738; x_wconf 88' lang='lat' dir='ltr'><strong>men</strong></span> <span class='ocrx_word' id='word_1_661' title='bbox 1241 4676 1376 4745; x_wconf 88' lang='lat' dir='ltr'><strong>civitatis,</strong></span> <span class='ocrx_word' id='word_1_662' title='bbox 1391 4673 1546 4747; x_wconf 91' lang='lat' dir='ltr'><strong>quemdam</strong></span> <span class='ocrx_word' id='word_1_663' title='bbox 1570 4671 1711 4729; x_wconf 76' lang='lat' dir='ltr'><strong>haereticae</strong></span> <span class='ocrx_word' id='word_1_664' title='bbox 1733 4671 1952 4744; x_wconf 88' lang='lat' dir='ltr'><strong>pravitatissus·</strong></span> 
     </span>
     <span class='ocr_line' id='line_1_113' title="bbox 1153 4741 1952 4826; baseline -0.009 -18"><span class='ocrx_word' id='word_1_665' title='bbox 1153 4757 1264 4824; x_wconf 88' lang='lat' dir='ltr'><strong>pectam</strong></span> <span class='ocrx_word' id='word_1_666' title='bbox 1276 4747 1492 4819; x_wconf 87' lang='lat' dir='ltr'><strong>assumpserint,</strong></span> <span class='ocrx_word' id='word_1_667' title='bbox 1504 4751 1532 4800; x_wconf 90' lang='lat' dir='ltr'><strong>et</strong></span> <span class='ocrx_word' id='word_1_668' title='bbox 1546 4743 1601 4799; x_wconf 89' lang='lat' dir='ltr'><strong>iliis</strong></span> <span class='ocrx_word' id='word_1_669' title='bbox 1616 4741 1748 4826; x_wconf 84' lang='lat' dir='ltr'><strong>injungit,</strong></span> <span class='ocrx_word' id='word_1_670' title='bbox 1764 4749 1795 4799; x_wconf 91' lang='lat' dir='ltr'><strong>ut</strong></span> <span class='ocrx_word' id='word_1_671' title='bbox 1811 4749 1952 4802; x_wconf 89' lang='lat' dir='ltr'><strong>statutum</strong></span> 
     </span>
     <span class='ocr_line' id='line_1_114' title="bbox 1153 4813 1952 4888; baseline -0.008 -10"><span class='ocrx_word' id='word_1_672' title='bbox 1153 4823 1250 4879; x_wconf 82' lang='lat' dir='ltr'><strong>divino</strong></span> <span class='ocrx_word' id='word_1_673' title='bbox 1265 4827 1294 4876; x_wconf 91' lang='lat' dir='ltr'><strong>et</strong></span> <span class='ocrx_word' id='word_1_674' title='bbox 1309 4818 1435 4875; x_wconf 84' lang='lat' dir='ltr'><strong>hnmano</strong></span> <span class='ocrx_word' id='word_1_675' title='bbox 1453 4817 1511 4888; x_wconf 81' lang='lat' dir='ltr'><strong>juri</strong></span> <span class='ocrx_word' id='word_1_676' title='bbox 1526 4821 1700 4871; x_wconf 86' lang='lat' dir='ltr'><strong>contrarium</strong></span> <span class='ocrx_word' id='word_1_677' title='bbox 1713 4827 1729 4869; x_wconf 93' lang='lat' dir='ltr'><strong>e</strong></span> <span class='ocrx_word' id='word_1_678' title='bbox 1744 4813 1952 4886; x_wconf 86' lang='lat' dir='ltr'><strong>capitularibus</strong></span> 
     </span>
     <span class='ocr_line' id='line_1_115' title="bbox 1154 4884 1951 4962; baseline -0.01 -12"><span class='ocrx_word' id='word_1_679' title='bbox 1154 4894 1252 4950; x_wconf 90' lang='lat' dir='ltr'><strong>tollere</strong></span> <span class='ocrx_word' id='word_1_680' title='bbox 1265 4888 1337 4946; x_wconf 87' lang='lat' dir='ltr'><strong>inira</strong></span> <span class='ocrx_word' id='word_1_681' title='bbox 1351 4886 1512 4962; x_wconf 90' lang='lat' dir='ltr'><strong>quindecim</strong></span> <span class='ocrx_word' id='word_1_682' title='bbox 1526 4884 1588 4942; x_wconf 89' lang='grc'>0100</span> <span class='ocrx_word' id='word_1_683' title='bbox 1601 4891 1752 4956; x_wconf 90' lang='lat' dir='ltr'><strong>procurent</strong></span> <span class='ocrx_word' id='word_1_684' title='bbox 1775 4900 1781 4940; x_wconf 94' lang='lat'>:</span> <span class='ocrx_word' id='word_1_685' title='bbox 1798 4892 1951 4956; x_wconf 85' lang='lat' dir='ltr'><strong>suspectus</strong></span> 
     </span>
     <span class='ocr_line' id='line_1_116' title="bbox 1153 4955 1947 5030; baseline -0.01 -9"><span class='ocrx_word' id='word_1_686' title='bbox 1153 4971 1214 5022; x_wconf 89' lang='lat' dir='ltr'><strong>crat</strong></span> <span class='ocrx_word' id='word_1_687' title='bbox 1240 4960 1393 5018; x_wconf 89' lang='lat' dir='ltr'><strong>admodum</strong></span> <span class='ocrx_word' id='word_1_688' title='bbox 1438 4957 1540 5030; x_wconf 90' lang='lat' dir='ltr'><strong>opalus</strong></span> <span class='ocrx_word' id='word_1_689' title='bbox 1561 4955 1865 5012; x_wconf 79' lang='lat' dir='ltr'><strong>Patavinuslicclcsiae</strong></span> <span class='ocrx_word' id='word_1_690' title='bbox 1890 4957 1947 5014; x_wconf 88' lang='lat' dir='ltr'><strong>llo-</strong></span> 
     </span>
     <span class='ocr_line' id='line_1_117' title="bbox 1154 4975 1949 5107; baseline -0.009 -15"><span class='ocrx_word' id='word_1_691' title='bbox 1154 5049 1247 5093; x_wconf 77' lang='lat' dir='ltr'><strong>manas</strong></span> <span class='ocrx_word' id='word_1_692' title='bbox 1261 5032 1297 5089; x_wconf 93' lang='lat' dir='ltr'><strong>ob</strong></span> <span class='ocrx_word' id='word_1_693' title='bbox 1313 5032 1400 5088; x_wconf 90' lang='lat' dir='ltr'><strong>multa</strong></span> <span class='ocrx_word' id='word_1_694' title='bbox 1416 4975 1556 5085; x_wconf 58' lang='lat' dir='ltr'><strong>fieneacia</strong></span> <span class='ocrx_word' id='word_1_695' title='bbox 1581 5025 1684 5098; x_wconf 90' lang='lat' dir='ltr'><strong>quibus</strong></span> <span class='ocrx_word' id='word_1_696' title='bbox 1698 5040 1730 5082; x_wconf 88' lang='grc'><strong>00</strong></span> <span class='ocrx_word' id='word_1_697' title='bbox 1745 5024 1889 5107; x_wconf 85' lang='lat' dir='ltr'><strong>Friderico</strong></span> <span class='ocrx_word' id='word_1_698' title='bbox 1910 5029 1949 5086; x_wconf 94' lang='grc'><strong>11.</strong></span> 
     </span>
     <span class='ocr_line' id='line_1_118' title="bbox 1153 5096 1948 5170; baseline -0.013 -6"><span class='ocrx_word' id='word_1_699' title='bbox 1153 5106 1317 5164; x_wconf 89' lang='lat' dir='ltr'><strong>devinctum</strong></span> <span class='ocrx_word' id='word_1_700' title='bbox 1332 5117 1396 5160; x_wconf 91' lang='lat' dir='ltr'><strong>csse</strong></span> <span class='ocrx_word' id='word_1_701' title='bbox 1410 5096 1600 5155; x_wconf 86' lang='lat' dir='ltr'><strong>existimabat.</strong></span> <span class='ocrx_word' id='word_1_702' title='bbox 1623 5099 1754 5168; x_wconf 87' lang='lat' dir='ltr'><strong>Namque</strong></span> <span class='ocrx_word' id='word_1_703' title='bbox 1775 5097 1832 5154; x_wconf 83' lang='lat' dir='ltr'><strong>illio</strong></span> <span class='ocrx_word' id='word_1_704' title='bbox 1854 5098 1948 5170; x_wconf 90' lang='lat' dir='ltr'><strong>impc-</strong></span> 
     </span>
     <span class='ocr_line' id='line_1_119' title="bbox 1154 5167 1947 5236; baseline -0.011 -1"><span class='ocrx_word' id='word_1_705' title='bbox 1154 5185 1229 5235; x_wconf 90' lang='lat' dir='ltr'><strong>rator</strong></span> <span class='ocrx_word' id='word_1_706' title='bbox 1241 5174 1347 5232; x_wconf 88' lang='lat' dir='ltr'><strong>diutius</strong></span> <span class='ocrx_word' id='word_1_707' title='bbox 1359 5171 1459 5228; x_wconf 88' lang='lat' dir='ltr'><strong>sedem</strong></span> <span class='ocrx_word' id='word_1_708' title='bbox 1474 5169 1583 5236; x_wconf 86' lang='lat' dir='ltr'><strong>fixerat,</strong></span> <span class='ocrx_word' id='word_1_709' title='bbox 1597 5175 1626 5224; x_wconf 89' lang='lat' dir='ltr'><strong>et</strong></span> <span class='ocrx_word' id='word_1_710' title='bbox 1640 5167 1857 5224; x_wconf 88' lang='lat' dir='ltr'><strong>constitutiones</strong></span> <span class='ocrx_word' id='word_1_711' title='bbox 1872 5171 1947 5226; x_wconf 88' lang='lat' dir='ltr'><strong>mul·</strong></span> 
     </span>
     <span class='ocr_line' id='line_1_120' title="bbox 1155 5237 1946 5320; baseline -0.014 -12"><span class='ocrx_word' id='word_1_712' title='bbox 1155 5259 1198 5308; x_wconf 92' lang='lat' dir='ltr'><strong>tas</strong></span> <span class='ocrx_word' id='word_1_713' title='bbox 1216 5245 1323 5305; x_wconf 86' lang='lat' dir='ltr'><strong>civitati</strong></span> <span class='ocrx_word' id='word_1_714' title='bbox 1343 5241 1478 5315; x_wconf 89' lang='lat' dir='ltr'><strong>perutiles</strong></span> <span class='ocrx_word' id='word_1_715' title='bbox 1498 5237 1635 5307; x_wconf 89' lang='lat' dir='ltr'><strong>ediderat,</strong></span> <span class='ocrx_word' id='word_1_716' title='bbox 1654 5244 1685 5295; x_wconf 90' lang='lat' dir='ltr'><strong>ut</strong></span> <span class='ocrx_word' id='word_1_717' title='bbox 1698 5237 1850 5320; x_wconf 88' lang='lat' dir='ltr'><strong>episcopus</strong></span> <span class='ocrx_word' id='word_1_718' title='bbox 1869 5241 1946 5312; x_wconf 79' lang='lat' dir='ltr'><strong>Apa·</strong></span> 
     </span>
     <span class='ocr_line' id='line_1_121' title="bbox 1153 5311 1948 5380; baseline -0.016 0"><span class='ocrx_word' id='word_1_719' title='bbox 1153 5316 1272 5380; x_wconf 82' lang='lat' dir='ltr'><strong>aniensis</strong></span> <span class='ocrx_word' id='word_1_720' title='bbox 1306 5315 1344 5369; x_wconf 88' lang='grc'><strong>00</strong></span> <span class='ocrx_word' id='word_1_721' title='bbox 1371 5329 1439 5371; x_wconf 75' lang='lat' dir='ltr'><strong>aare.</strong></span> <span class='ocrx_word' id='word_1_722' title='bbox 1465 5311 1615 5380; x_wconf 69' lang='grc' dir='ltr'>12210οα0.</span> <span class='ocrx_word' id='word_1_723' title='bbox 1631 5325 1652 5379; x_wconf 90' lang='lat'><strong>1,</strong></span> <span class='ocrx_word' id='word_1_724' title='bbox 1674 5315 1838 5379; x_wconf 87' lang='lat' dir='ltr'><strong>annotavit;</strong></span> <span class='ocrx_word' id='word_1_725' title='bbox 1860 5313 1948 5367; x_wconf 89' lang='lat' dir='ltr'><strong>etiam</strong></span> 
     </span>
     <span class='ocr_line' id='line_1_122' title="bbox 1153 5361 1950 5453; baseline -0.015 -1"><span class='ocrx_word' id='word_1_726' title='bbox 1153 5399 1251 5452; x_wconf 89' lang='lat' dir='ltr'><strong>contra</strong></span> <span class='ocrx_word' id='word_1_727' title='bbox 1272 5361 1431 5453; x_wconf 71' lang='lat' dir='ltr'><strong>hereticos,</strong></span> <span class='ocrx_word' id='word_1_728' title='bbox 1452 5389 1483 5438; x_wconf 89' lang='lat' dir='ltr'><strong>nt</strong></span> <span class='ocrx_word' id='word_1_729' title='bbox 1506 5388 1616 5438; x_wconf 90' lang='lat' dir='ltr'><strong>constat</strong></span> <span class='ocrx_word' id='word_1_730' title='bbox 1640 5395 1675 5436; x_wconf 85' lang='lat' dir='ltr'><strong>cx</strong></span> <span class='ocrx_word' id='word_1_731' title='bbox 1696 5380 1787 5449; x_wconf 81' lang='lat' dir='ltr'><strong>Epist.</strong></span> <span class='ocrx_word' id='word_1_732' title='bbox 1811 5381 1886 5437; x_wconf 88' lang='lat' dir='ltr'><strong>Petri</strong></span> <span class='ocrx_word' id='word_1_733' title='bbox 1912 5381 1950 5440; x_wconf 88' lang='lat' dir='ltr'><strong>de</strong></span> 
     </span>
     <span class='ocr_line' id='line_1_123' title="bbox 1153 5451 1946 5526; baseline -0.013 -6"><span class='ocrx_word' id='word_1_734' title='bbox 1153 5464 1252 5526; x_wconf 84' lang='lat' dir='ltr'><strong>vincis</strong></span> <span class='ocrx_word' id='word_1_735' title='bbox 1266 5457 1310 5522; x_wconf 76' lang='lat'><strong>23,</strong></span> <span class='ocrx_word' id='word_1_736' title='bbox 1332 5456 1380 5512; x_wconf 84' lang='lat' dir='ltr'><strong>iia.</strong></span> <span class='ocrx_word' id='word_1_737' title='bbox 1396 5469 1416 5513; x_wconf 87' lang='lat' dir='ltr'><strong>t.</strong></span> <span class='ocrx_word' id='word_1_738' title='bbox 1434 5457 1494 5512; x_wconf 90' lang='lat' dir='ltr'><strong>lma</strong></span> <span class='ocrx_word' id='word_1_739' title='bbox 1515 5453 1628 5524; x_wconf 88' lang='lat' dir='ltr'><strong>insigne</strong></span> <span class='ocrx_word' id='word_1_740' title='bbox 1649 5451 1834 5522; x_wconf 79' lang='lat' dir='ltr'><strong>Gymnasium</strong></span> <span class='ocrx_word' id='word_1_741' title='bbox 1852 5453 1946 5510; x_wconf 88' lang='lat' dir='ltr'><strong>Bono·</strong></span> 
     </span>
     <span class='ocr_line' id='line_1_124' title="bbox 1153 5521 1949 5594; baseline -0.015 0"><span class='ocrx_word' id='word_1_742' title='bbox 1153 5538 1254 5594; x_wconf 87' lang='lat' dir='ltr'><strong>niense</strong></span> <span class='ocrx_word' id='word_1_743' title='bbox 1265 5527 1413 5586; x_wconf 87' lang='lat' dir='ltr'><strong>Patavium</strong></span> <span class='ocrx_word' id='word_1_744' title='bbox 1426 5523 1614 5589; x_wconf 88' lang='lat' dir='ltr'><strong>transtulerat,</strong></span> <span class='ocrx_word' id='word_1_745' title='bbox 1625 5537 1660 5578; x_wconf 91' lang='lat' dir='ltr'><strong>eo</strong></span> <span class='ocrx_word' id='word_1_746' title='bbox 1669 5521 1743 5594; x_wconf 88' lang='lat' dir='ltr'><strong>qnod</strong></span> <span class='ocrx_word' id='word_1_747' title='bbox 1752 5522 1949 5582; x_wconf 85' lang='lat' dir='ltr'><strong>Bononienses</strong></span> 
     </span>
     <span class='ocr_line' id='line_1_125' title="bbox 1155 5593 1944 5667; baseline -0.019 -1"><span class='ocrx_word' id='word_1_748' title='bbox 1155 5607 1189 5666; x_wconf 86' lang='lat' dir='ltr'><strong>ad</strong></span> <span class='ocrx_word' id='word_1_749' title='bbox 1205 5599 1395 5662; x_wconf 83' lang='lat' dir='ltr'><strong>olicdicatiam</strong></span> <span class='ocrx_word' id='word_1_750' title='bbox 1409 5595 1525 5654; x_wconf 88' lang='lat' dir='ltr'><strong>lionorii</strong></span> <span class='ocrx_word' id='word_1_751' title='bbox 1546 5593 1745 5667; x_wconf 82' lang='lat' dir='ltr'><strong>propensiores</strong></span> <span class='ocrx_word' id='word_1_752' title='bbox 1767 5601 1871 5650; x_wconf 88' lang='lat' dir='ltr'><strong>essent.</strong></span> <span class='ocrx_word' id='word_1_753' title='bbox 1890 5596 1944 5652; x_wconf 85' lang='lat' dir='ltr'><strong>Pa-</strong></span> 
     </span>
    </p>
   </div>
   <div class='ocr_carea' id='block_1_14' title="bbox 2013 603 2015 632">
    <p class='ocr_par' dir='ltr' id='par_1_17' title="bbox 2013 603 2015 632">
     <span class='ocr_line' id='line_1_126' title="bbox 2013 603 2015 632; baseline 0 0"><span class='ocrx_word' id='word_1_754' title='bbox 2013 603 2015 632; x_wconf 87' lang='lat' dir='ltr'><strong>i</strong></span> 
     </span>
    </p>
   </div>
   <div class='ocr_carea' id='block_1_15' title="bbox 0 0 2076 6418">
    <p class='ocr_par' dir='ltr' id='par_1_18' title="bbox 0 0 2076 6418">
     <span class='ocr_line' id='line_1_127' title="bbox 0 0 2076 6418; baseline 0 0"><span class='ocrx_word' id='word_1_755' title='bbox 0 0 2076 6418; x_wconf 95' lang='lat' dir='ltr'><strong> </strong></span> 
     </span>
    </p>
   </div>
  </div>
 </body>
</html>
