4078 6442
110 347 172 408 489

113 503 230 578 terem,
258 521 355 584 quam
374 507 453 570 tunc
475 508 704 572 refutavimus.
728 513 807 584 Quae
829 529 909 577 vero

113 601 291 678 privilegia
310 605 428 666 amodo
453 605 490 666 in
519 607 672 669 omnibus
694 607 909 686 infringimus

113 701 149 760 et
162 715 343 774 cassamus,
360 703 407 764 ita
426 704 511 780 quod
536 705 660 766 nullius
681 708 813 784 penitus
836 724 910 770 1ο-

112 797 216 858 menti
233 797 429 861 habeantur.
452 802 588 864 Necnon
603 802 786 866 refutamus
799 804 906 878 vobis,

110 895 149 955 ut
181 895 304 956 dictum
337 897 398 966 est,
423 913 537 960 omnes
565 898 641 961 illas
668 901 907 980 quinquaginta

112 991 217 1052 libras
237 994 523 1069 proveniensium,
549 1011 630 1073 quas
654 997 689 1059 in
716 998 784 1060 alia
807 1015 908 1060 manu

110 1088 304 1165 praelibatus
319 1090 471 1153 dominus
496 1096 586 1170 Papa
608 1095 798 1158 Alexander
811 1095 907 1158 nobis

109 1184 235 1258 debuit,
250 1185 348 1263 prout
360 1188 394 1248 in
410 1205 469 1250 suo
492 1190 668 1268 privilegio
688 1209 776 1254 nunc
802 1209 907 1271 usque

110 1284 309 1360 comparuit,
322 1285 406 1362 quod
419 1287 546 1362 pariter
556 1287 769 1366 infringimus
782 1290 814 1354 11
828 1306 907 1352 cas-

110 1396 224 1442 samus
240 1382 273 1443 11
286 1382 480 1458 praedictum
503 1383 700 1448 benefici-um
723 1388 907 1450 castrorum

110 1478 244 1554 penitus
260 1479 454 1544 refutamus.
469 1483 703 1562 Quodcumque
718 1485 829 1564 itaque
837 1488 905 1563 111,

110 1576 147 1637 11
168 1592 408 1655 quamcumque
426 1579 590 1642 actionem
607 1579 815 1658 personalem
827 1583 860 1645 et
871 1583 907 1644 in

109 1689 193 1745 rem,
219 1674 289 1736 sive
311 1674 582 1752 hypothecariam
606 1679 765 1741 adversus
789 1680 906 1756 praeli-

110 1769 225 1832 batum
240 1770 408 1833 dominum
430 1776 555 1852 Papam
578 1775 803 1850 Caelestinum,
825 1779 858 1840 11
871 1778 905 1838 in

109 1870 183 1945 ejus
204 1869 469 1944 possessionibus
485 1871 517 1933 11
530 1871 637 1946 bonta,
661 1874 695 1936 et
717 1873 907 1950 specialiter

110 1964 147 2025 in
162 1964 259 2027 dictis
274 1966 392 2028 castris
414 1967 447 2030 11
460 1969 565 2029 casali
583 1968 678 2031 nobis
694 1969 859 2046 obligatis,
873 1970 907 2033 et

110 2061 147 2121 in
167 2060 337 2124 beneflciis
361 2064 446 2126 datis
470 2065 537 2126 tam
557 2068 633 2143 jure
653 2067 707 2130 vel
730 2069 906 2130 occasione

106 2158 274 2232 beneficii,
291 2177 389 2238 quam
403 2162 503 2224 11111
515 2163 667 2241 respectu
680 2163 903 2241 obligationis,

109 2257 144 2317 et
157 2257 257 2318 totius
276 2258 423 2334 praefixae
440 2261 589 2336 pecuniae
606 2261 639 2323 11
653 2263 725 2338 ejus
739 2262 905 2325 fructuum

109 2353 905 2437 velaccessionumhabemus,relhaberenquoquo

109 2452 208 2512 modo
220 2468 402 2528 possemus,
419 2453 519 2517 etiam
533 2455 761 2534 undecumque
777 2457 811 2518 et
822 2473 906 2534 quo-

109 2547 350 2626 modocumque
369 2565 472 2628 usque
487 2551 583 2613 modo
603 2552 781 2630 cujuslibet
794 2569 904 2616 causae

109 2643 162 2705 vel
174 2644 224 2704 rei
235 2644 420 2716 occasione,
430 2645 590 2708 adversus
603 2647 772 2709 dominum
781 2652 905 2726 Papam

108 2739 335 2814 coelestinum,
362 2741 580 2804 1111111111
608 2745 739 2817 castris,
768 2746 802 2806 11
829 2745 905 2806 11111

109 2836 208 2898 bonis
223 2837 292 2897 suis
316 2853 466 2914 quaerere
491 2839 545 2900 vel
568 2839 903 2919 htigarepossemus,

107 2932 204 2994 vobis
219 2947 278 3009 pro
294 2949 345 3006 eo,
361 2935 394 2996 et
408 2935 479 2996 suis
493 2935 752 3014 successoribus,
777 2938 814 3000 ut
834 2938 907 3001 dic-

107 3032 179 3092 tum
201 3032 262 3105 est,
278 3033 507 3108 procuratorio
528 3034 673 3107 nomine,
696 3035 731 3096 in
753 3035 904 3098 omnibus

108 3128 143 3189 et
154 3143 213 3205 per
226 3127 337 3190 omnia
351 3129 553 3204 generaliter
571 3132 648 3208 jnre
668 3131 904 3194 transactionis

108 3224 303 3286 refutamus.
320 3228 385 3288 Pro
403 3242 443 3290 11
458 3227 544 3306 quod
565 3243 625 3290 vos
648 3244 709 3307 pro
735 3230 822 3293 dicto
845 3230 905 3292 do-

108 3322 201 3384 mino
222 3325 323 3400 Papa,
349 3327 445 3402 cujus
468 3327 666 3404 procurator
688 3326 780 3399 estis,
808 3327 904 3390 1111

109 3421 182 3496 ejus
210 3421 350 3497 pecunia
376 3437 435 3498 pro
461 3424 552 3484 omni
573 3425 651 3500 jure
678 3424 793 3486 nostro
820 3424 904 3484 mihi

109 3517 209 3579 Petro
223 3517 358 3580 Latroni
382 3518 513 3580 centum
535 3519 652 3580 uncias
674 3519 753 3581 boni
774 3520 848 3580 auri
863 3520 904 3580 de

107 3628 188 3688 rege
211 3614 340 3676 solvitis
364 3629 465 3676 causa
486 3615 735 3688 transactionis
765 3614 903 3677 etmihi

105 3710 254 3772 Johanni
275 3710 406 3772 Nicolai
421 3726 480 3788 pro
495 3711 583 3773 dicto
604 3712 732 3772 minore
746 3711 904 3788 praedicto

102 3811 183 3884 jure
198 3805 444 3879 transactionis,
467 3807 500 3870 et
514 3806 645 3870 decreto
672 3806 904 3886 praedictorum

102 3903 256 3982 judicum
271 3903 355 3964 alias
375 3905 505 3966 centum
529 3904 605 3966 auri
629 3905 745 3966 uncias
772 3904 857 3967 datis
872 3904 905 3968 11

107 3999 249 4068 solvitis,
280 4016 362 4078 quas
385 4016 499 4063 omnes
522 4016 582 4078 pro
603 4001 676 4078 ipso
702 4001 841 4074 minere,
871 4002 905 4064 et

107 4096 299 4158 eorumdem
307 4097 458 4174 jndicum
468 4097 612 4170 decreto,
624 4113 684 4176 pro
699 4098 837 4176 paterno
850 4099 904 4160 de·

107 4193 177 4254 bito
192 4193 297 4270 ipsius
312 4194 451 4255 minoris
464 4194 557 4256 solvo
571 4195 650 4255 filiis
665 4195 830 4273 quondam
843 4195 904 4256 do-

108 4291 192 4350 mini
208 4290 367 4368 Stephani
385 4291 581 4364 Normanni,
598 4291 655 4369 qui
673 4291 800 4370 partem
812 4294 904 4369 ejus-

109 4387 183 4449 dem
199 4388 337 4448 minoris
353 4388 453 4452 castri
469 4389 599 4450 Cereris
613 4388 702 4450 intus
718 4389 751 4450 et
764 4388 804 4450 de
819 4387 903 4450 foris

110 4500 314 4562 nuncusque
334 4484 394 4545 sub
416 4484 528 4547 usuris
551 4485 683 4562 pignori
703 4484 900 4558 habuerunt,

110 4580 197 4642 sicut
220 4597 280 4658 per
311 4581 578 4651 instrumentum,
612 4597 713 4644 manu
740 4581 903 4645 Johannis

110 4678 195 4738 Kale
206 4677 374 4740 scriniarii
388 4679 557 4757 scriptum,
572 4693 676 4755 usque
691 4679 787 4740 modo
799 4693 904 4755 appa-

109 4775 189 4848 ruit,
203 4775 289 4852 quod
308 4775 390 4837 mibi
404 4775 547 4837 incisum
559 4775 782 4838 reddiderunt.
797 4777 905 4852 Prop-

109 4874 201 4935 terea
223 4888 284 4948 ego
306 4873 476 4936 Johannes
498 4871 629 4934 Nicolai
649 4887 708 4948 pro
728 4871 815 4934 dicto
839 4877 904 4938 mi-

109 4986 202 5042 nore,
215 4970 248 5032 et
260 4984 321 5045 ege
336 4971 453 5032 Petrus
472 4970 583 5042 Latr0,
597 4985 641 5030 11
656 4969 739 5046 ipsis
754 4969 902 5035 ducentis

109 5068 185 5130 auri
198 5067 317 5138 unciis,
329 5067 362 5128 et
376 5082 419 5127 ex
428 5065 517 5128 omni
523 5068 600 5144 jure
612 5067 738 5139 nostro,
754 5068 788 5129 et
798 5069 903 5147 ipsius

109 5165 260 5238 minoris,
277 5163 405 5240 quietos
426 5162 511 5224 bene
527 5179 696 5236 vocamus,
722 5164 755 5226 et
766 5181 832 5226 non
847 5182 904 5228 so-

109 5263 188 5324 lutae
212 5260 362 5339 pecuniae
386 5259 613 5337 exceptionem
641 5260 834 5324 refutamus.
864 5265 904 5326 Et

108 5359 189 5437 quia
204 5357 261 5418 diu
273 5357 361 5418 inter
375 5371 448 5428 nos,
470 5355 502 5418 11
517 5355 640 5418 111111
655 5356 824 5420 1111111
837 5362 904 5424 Ρ1·

109 5473 186 5535 pam
202 5453 414 5516 Goelestinum
428 5453 462 5514 et
475 5452 735 5529 praedecessores
750 5458 822 5533 ejus
835 5472 903 5519 non

110 5554 273 5616 1111111
287 5549 444 5628 praedicto
458 5549 619 5612 beneficio
634 5552 828 5627 castrorum,
844 5571 905 5617 ve-

110 5667 185 5716 rum
202 5649 302 5712 etiam
326 5665 368 5712 11
391 5648 547 5711 universa
568 5649 742 5728 praelibata
763 5653 902 5729 pecunia

755 353 880 416 LIBER
900 353 1111 416 CENSUUM.

1698 349 1757 410 490

963 513 1096 575 nomine
1111 511 1337 590 impensarum
1350 525 1508 572 concessa
1520 507 1562 570 lis
1585 504 1636 570 vel
1654 507 1757 570 alter·

963 611 1049 673 catio
1062 610 1190 672 exstitit
1207 608 1376 671 nonnullis
1399 603 1636 684 quaestionibus
1653 606 1755 681 inno-

962 708 1050 780 data,
1086 708 1186 769 talem
1211 706 1307 768 nobis
1338 706 1444 767 dictus
1479 703 1631 766 dominus
1665 706 1755 778 Papa

962 801 1189 878 exceptionem
1198 799 1411 878 proponebat,
1422 799 1547 872 dicens,
1559 797 1755 860 beneficium

961 899 1070 962 dantis
1083 899 1135 960 vel
1159 898 1352 976 accipientis
1376 897 1481 960 morte
1502 897 1603 968 finiri,
1627 896 1755 958 11111-

961 997 1029 1058 tam
1044 996 1219 1075 pecuniam
1238 997 1340 1058 totam
1355 995 1408 1056 vel
1423 995 1550 1072 partem
1569 1009 1643 1056 esse
1660 993 1755 1054 nobis

962 1093 1115 1167 solutam,
1137 1093 1251 1156 multis
1270 1092 1526 1168 allegationibus
1550 1092 1752 1165 asserentes;

962 1206 1022 1253 nos
1036 1191 1148 1254 tamen
1167 1207 1234 1254 non
1248 1191 1325 1252 aliis
1340 1189 1599 1268 probationibus,
1621 1188 1678 1249 sed
1696 1203 1756 1264 per

961 1289 1120 1366 praedicta
1152 1289 1327 1366 privilegia
1359 1288 1507 1349 nostram
1538 1285 1755 1348 intentionem

961 1385 1102 1449 fundare
1136 1386 1333 1449 nitebamur.
1367 1385 1513 1447 Tandem
1546 1383 1754 1446 dominorum

962 1483 1193 1556 cardinalium,
1221 1485 1254 1545 et
1279 1484 1420 1545 aliorum
1446 1480 1643 1559 prudentum
1663 1480 1756 1540 viro-

960 1597 1035 1641 rum
1070 1581 1219 1658 partibus
1250 1578 1563 1647 intervenientibus,
1599 1575 1755 1654 placabili

961 1679 1057 1756 pacto
1078 1678 1120 1739 ad
1148 1677 1235 1738 hanc
1254 1676 1511 1738 transactionem
1531 1674 1753 1752 pervenimus,

961 1791 1061 1852 quum
1078 1775 1142 1838 tam
1158 1775 1279 1852 majori
1293 1789 1392 1850 quam
1404 1773 1525 1834 minori
1544 1771 1584 1834 de
1606 1786 1642 1832 re
1655 1769 1755 1830 dubia

960 1874 993 1934 11
1020 1871 1078 1934 1111
1101 1873 1228 1934 incerta
1254 1887 1351 1949 posse
1372 1871 1557 1945 transigere
1579 1885 1599 1930 a
1627 1867 1755 1943 legibus

960 1969 1179 2047 permittatur.
1197 1969 1339 2046 Ideoque
1360 1967 1477 2028 amodo
1502 1965 1678 2044 praedictus
1694 1965 1755 2025 do-

960 2068 1070 2128 minus
1095 2070 1187 2144 Papa
1220 2067 1253 2127 11
1285 2080 1493 2126 successores
1522 2065 1595 2140 ejus
1621 2078 1664 2123 11
1691 2061 1754 2122 hac

960 2180 1061 2229 causa
1086 2163 1189 2241 quieti
1216 2177 1346 2240 semper
1371 2163 1404 2224 et
1426 2160 1557 2237 pacifici
1586 2160 1752 2221 maneant.

960 2265 1099 2338 Insuper
1124 2261 1224 2323 etiam
1249 2259 1482 2336 promittimus,
1510 2256 1573 2318 hoc
1605 2255 1753 2318 nostrum

955 2363 1023 2438 jus,
1041 2357 1169 2420 scilicet
1182 2357 1248 2418 mei
1264 2357 1366 2428 Petri,
1389 2357 1423 2418 et
1437 2355 1515 2417 dicti
1535 2345 1684 2426 minoris,
1700 2355 1754 2414 to-

959 2458 1029 2518 tum
1041 2454 1094 2517 rel
1105 2455 1232 2532 partem
1243 2453 1368 2516 nemini
1377 2469 1581 2524 concessum,
1593 2451 1646 2514 uel
1657 2449 1754 2511 aliter

960 2553 1141 2616 alienatum
1155 2551 1289 2613 habere.
1304 2551 1344 2613 Et
1356 2549 1545 2628 specialiter
1560 2563 1622 2625 ego
1634 2548 1753 2608 Petrus

960 2650 1126 2728 promitte,
1156 2649 1185 2710 si
1210 2647 1387 2727 praedictus
1413 2646 1562 2728 impubes
1594 2644 1648 2706 vel
1669 2644 1755 2705 alter

960 2749 1032 2825 ep'us
1044 2747 1208 2825 respectu,
1221 2746 1275 2808 vel
1289 2761 1349 2822 pro
1364 2760 1403 2808 eo
1423 2745 1534 2821 aliquo
1555 2743 1590 2804 in
1605 2743 1753 2818 tempore

961 2845 1075 2906 contra
1090 2842 1177 2904 hanc
1187 2841 1418 2904 refutationem
1439 2841 1553 2902 venire
1569 2854 1752 2916 praesump-

959 2942 1051 3010 serit,
1066 2956 1141 3003 eum
1154 2941 1324 3017 quiescere
1339 2938 1470 3000 faciam.
1488 2937 1523 2998 Si
1538 2937 1687 3007 noluero,
1698 2933 1751 2996 vel

959 3053 1025 3099 non
1036 3038 1184 3115 potuero,
1200 3037 1235 3098 et
1246 3035 1401 3097 damnum
1417 3033 1551 3112 aliquod
1566 3037 1638 3112 ejus
1654 3045 1750 3093 occa-

959 3135 1052 3196 sione
1067 3135 1174 3196 dictus
1194 3133 1346 3195 dominus
1369 3136 1471 3209 Papa,
1488 3131 1603 3207 atejus
1619 3143 1753 3191 succes-

959 3248 1051 3294 sores
1073 3231 1163 3310 passi
1182 3229 1315 3302 fuerint,
1342 3231 1474 3292 11111
1497 3229 1560 3289 hoc
1584 3243 1683 3305 quam
1709 3241 1752 3286 11

958 3328 1244 3391 11111111111111
1272 3328 1474 3389 alienatione
1494 3324 1645 3404 praedIcti
1663 3323 1751 3401 juris

958 3426 1063 3488 nostri
1095 3425 1194 3497 facta,
1230 3425 1260 3484 si
1302 3422 1503 3500 apparuerit,
1533 3421 1619 3499 quod
1652 3419 1749 3490 absit,

959 3521 1074 3598 quanti
1102 3521 1274 3596 utriusque
1297 3535 1407 3580 causae
1436 3518 1548 3578 damni
1574 3515 1748 3585 exstiterit,

957 3618 1086 3678 tantum
1105 3615 1302 3678 auctoritate
1322 3613 1467 3691 propria,
1483 3615 1517 3674 et
1538 3613 1609 3674 sine
1624 3611 1751 3672 offensa

954 3713 1053 3790 juris,
1077 3715 1109 3774 11
1129 3713 1272 3789 alicujus
1296 3711 1398 3772 curiae
1421 3707 1692 3785 proclamatione,
1715 3707 1751 3766 in

958 3811 1041 3870 meis
1056 3806 1154 3872 rebus
1169 3808 1202 3871 et
1214 3805 1478 3885 possessionibus
1494 3805 1628 3866 rusticis
1641 3805 1674 3865 et
1689 3819 1750 3864 ur-

957 3907 1054 3968 banis
1075 3906 1124 3967 111
1145 3903 1351 3982 placentibus
1361 3906 1439 3981 jnre
1463 3902 1613 3980 pignoris
1638 3901 1751 3962 vendi·

958 4003 1043 4077 cent,
1060 4002 1093 4065 et
1104 4002 1153 4064 eis
1165 4000 1315 4079 plenarie
1330 3998 1547 4061 satisfaciant.
1571 3998 1651 4060 Etsi
1666 4013 1750 4059 con-

957 4100 1121 4162 tradicere
1141 4097 1326 4170 volueras
1347 4100 1435 4174 jure,
1462 4095 1548 4173 quod
1568 4095 1604 4156 in
1626 4093 1751 4156 eisdem

957 4198 1053 4259 bonis
1078 4194 1196 4267 haben,
1231 4193 1358 4266 cadam,
1390 4194 1423 4255 et
1454 4193 1657 4255 tantumdem
1691 4207 1751 4268 pro

957 4309 1053 4371 poena
1069 4292 1229 4370 praestare
1241 4291 1368 4353 tenear.
1385 4291 1516 4352 111111
1538 4289 1751 4367 promissioni

958 4391 1066 4450 sciens
1092 4404 1145 4450 me
1167 4387 1296 4464 legibus
1323 4386 1487 4465 adjuvari,
1513 4401 1552 4448 eo
1581 4386 1667 4463 quod
1691 4401 1751 4462 pro

958 4487 1085 4547 minore
1111 4484 1290 4556 intercedo,
1315 4483 1398 4545 illud
1429 4483 1556 4545 scilicet
1577 4483 1665 4560 Juris
1693 4481 1751 4560 „vel

957 4582 1068 4659 legum
1091 4582 1266 4654 auxilium,
1283 4581 1316 4644 et
1339 4595 1443 4642 omne.
1459 4580 1562 4649 aliud,
1588 4579 1675 4658 quod
1690 4595 1750 4656 pro

957 4695 1009 4741 me
1024 4679 1059 4741 in
1080 4678 1144 4740 1111
1163 4693 1264 4740 11111
1288 4678 1423 4739 omnino
1441 4677 1663 4739 introductum
1688 4677 1747 4748 est,

958 4777 1091 4838 omnino
1105 4775 1224 4837 refuto.
1248 4775 1415 4836 Praeterea
1437 4789 1498 4848 ego
1510 4773 1617 4834 dictus
1633 4773 1750 4834 Petrus

958 4875 1068 4945 Latro,
1096 4873 1128 4935 et
1155 4870 1313 4950 praefatus
1337 4871 1507 4936 lohannes
1536 4869 1668 4931 Nicolai
1688 4885 1750 4948 pro

957 4971 1044 5032 dicto
1057 4970 1184 5031 minore
1197 4969 1233 5030 in
1245 4967 1397 5028 omnibus
1416 4966 1584 5044 praedictis
1596 4969 1750 5044 capitulis

956 5067 1139 5129 refutamus
1152 5080 1249 5128 1111
1255 5067 1311 5142 jus
1322 5064 1355 5126 11
1367 5080 1497 5125 11111
1508 5066 1748 5144 exceptionem,

958 5164 1087 5241 quanti
1108 5177 1279 5240 possemus
1304 5177 1433 5240 quoquo
1454 5162 1611 5224 modoad
1635 5164 1752 5227 infrin-
1811 5175 1816 5184 '

957 5261 1075 5337 ganda,
1097 5275 1170 5337 quae
1195 5259 1284 5321 dicta
1312 5261 1389 5322 sunt
1416 5260 1539 5322 omnia.
1562 5261 1751 5326 Novissime

958 5359 1067 5420 autem
1081 5372 1143 5434 ego
1158 5358 1276 5420 Petrus
1291 5357 1390 5419 Latro
1400 5373 1460 5435 pro
1478 5374 1531 5419 11
1545 5359 1578 5422 11
1598 5359 1681 5420 1111
1696 5361 1751 5423 he·

957 5456 1091 5518 nedibus
1115 5456 1148 5518 et
1166 5455 1425 5527 successoribus,
1448 5456 1565 5533 et'ego
1579 5457 1749 5520 lohannes
1769 5451 1773 5456 ’

958 5553 1088 5616 Ν111111
1102 5569 1163 5630 pro
1179 5553 1267 5614 dicto
1281 5553 1421 5627 minore,
1438 5555 1557 5632 atejus
1572 5554 1749 5618 heredibus
1786 5582 1794 5611 ι
1837 5623 1844 5631 ,

957 5651 990 5712 et
1002 5649 1259 5722 successoribus,
1281 5649 1400 5726 officio,
1421 5667 1484 5730 quo
1500 5652 1629 5730 fungor,
1654 5654 1748 5718 vobis
1804 5723 1806 5728 ,
