4076 6420
79 297 148 368 65³
748 299 802 362 DE
822 299 1018 363 novando
1041 299 1079 362 V.
1677 297 1737 364 654

123 461 263 523 Dicitur
285 460 396 522 autem
424 473 503 522 caro
528 457 649 521 Gbrlsti
672 457 778 520 nubes
805 475 887 522 can·
941 458 1061 522 culata.
1077 463 1257 524 Possumus
1276 462 1387 535 etiam,
1410 461 1541 534 iratres,
1564 461 1663 526 aliter
1679 461 1732 526 in-

80 557 177 620 dida.
213 557 362 626 Candida
387 557 539 634 designat
569 552 785 630 munditiam,
812 573 886 635 qum
939 557 1090 633 telligere
1104 559 1251 620 sanctam
1266 559 1459 631 Ecclesiam,
1473 559 1732 630 immaculatam,

81 669 225 732 semper
249 656 321 717 sinc
344 655 441 717 sorde
462 654 640 717 candescit
666 656 751 716 Caro
764 653 886 716 Christi
939 670 1005 715 non
1020 654 1195 716 habentem
1212 657 1377 718 maculam
1396 672 1502 734 neque
1516 671 1645 732 rugam,
1659 673 1733 734 quas

81 753 149 814 luit
171 752 328 824 candida,
357 753 435 829 quia
457 751 521 814 iuit
540 767 625 830 pura
646 752 679 814 et
695 751 820 824 sancta,
846 767 886 813 eo
940 751 1143 827 pulchraest
1163 753 1196 816 et
1217 753 1347 816 [iecora
1364 759 1516 816 Pulchro
1538 756 1675 828 cuidem
1694 755 1734 816 ut

81 850 176 927 quod
203 865 274 912 non
301 848 416 912 habuit
442 849 607 912 maculam
633 848 780 927 peccati3
808 848 886 926 quia
939 853 1031 922 iuna,
1046 852 1236 913 deeoracei
1249 851 1354 914 electa
1367 851 1405 912 ui
1423 856 1483 914 θοι.
1497 851 1621 913 Hicest
1633 866 1735 928 para-

81 963 186 1008 nemo
216 948 292 1010 sine
312 949 448 1025 peccato
468 947 535 1010 nisi
555 947 646 1010 solus
670 949 778 1021 beus;
801 945 888 1008 sicut
940 944 1032 1007 disus
1055 946 1245 1024 voluptatis.
1272 948 1427 1024 Legimus
1453 947 1539 1026 quod
1561 949 1629 1010 tres
1656 950 1734 1010 sunt

80 1045 167 1106 dicit
179 1043 301 1106 beatus
313 1045 449 1110 Petrus:
464 1045 795 1120 Quipcccaicmcori
806 1043 887 1116 fecit
940 1041 1098 1118 paradisi.
1118 1045 1210 1106 Unus
1231 1044 1410 1117 terrestris
1429 1047 1524 1122 cujus
1541 1043 1651 1108 incola
1671 1043 1737 1106 luit

81 1144 263 1206 accacius
280 1141 442 1204 inventus
456 1142 509 1204 cst
523 1145 561 1203 iri
574 1155 635 1204 ore
654 1143 729 1213 ejus
746 1137 776 1218 (Ι
796 1139 884 1202 Petr.
939 1138 1043 1201 Adam
1065 1139 1238 1216 terrenus3
1264 1142 1428 1204 secundus
1453 1142 1648 1219 spiritualis,
1677 1142 1735 1218 qni

81 1251 121 1310 11,
139 1239 217 1316 22);
234 1238 314 1315 quia
329 1238 407 1300 licet
420 1237 676 1300 lueritbumana
690 1252 792 1300 carne
805 1252 885 1298 ves·
940 1236 990 1298 esi
1017 1237 1165 1300 Ecclesia
1191 1238 1380 1300 sanctorum
1402 1255 1500 1316 quam
1521 1239 1672 1302 fundavit
1700 1241 1736 1303 et

80 1337 187 1408 dbis,
218 1351 288 1396 non
313 1335 375 1396 luit
399 1335 511 1398 tamen
536 1335 683 1398 bumana
707 1333 886 1410 fragilitate
940 1332 1105 1398 inhabitat
1133 1335 1238 1398 Adam
1264 1335 1421 1408 coelestis,
1442 1335 1538 1408 idest,
1561 1336 1732 1411 Christus;

81 1432 255 1510 pollutus.
274 1431 423 1494 Christus
433 1433 535 1509 igitur
544 1448 611 1494 non
621 1431 738 1494 babuit
752 1445 885 1494 carnem
944 1431 1063 1493 tertius
1094 1433 1255 1504 eoelestis,
1282 1434 1339 1511 qui
1371 1435 1422 1498 est
1447 1449 1586 1509 reguum
1614 1433 1674 1494 Dei
1702 1433 1736 1496 et

81 1531 230 1608 peccati,
238 1532 319 1609 quia
328 1537 505 1607 conceptus
513 1529 610 1593 estde
619 1529 744 1607 Spiritu
753 1528 884 1601 Sancto,
940 1527 1008 1590 rita
1030 1529 1177 1602 aeterna,
1206 1531 1239 1592 et
1256 1531 1345 1593 terra
1376 1530 1578 1602 viventium,
1609 1530 1733 1606 inquo

80 1627 174 1688 sicut
206 1628 260 1691 ait
290 1627 436 1704 Angelus
470 1626 512 1690 ad
544 1626 705 1688 Mariam:
734 1625 887 1700 Spiritus
941 1623 1069 1688 habitat
1091 1629 1188 1687 Deus.
1214 1628 1252 1688 ln
1276 1626 1383 1703 primo
1411 1627 1566 1702 paradiso
1594 1626 1646 1688 est
1669 1626 1734 1702 lig-

83 1724 514 1800 Sanctussupercenietic
524 1724 567 1786 te.
581 1726 704 1803 (Luem,
714 1720 780 1802 35).
794 1720 887 1786 Unde
941 1735 1020 1784 num
1047 1723 1135 1795 vitm,
1164 1722 1264 1785 arbor
1292 1723 1488 1784 materialis
1521 1725 1559 1784 In
1590 1722 1735 1786 secundo

82 1822 635 1898 Apostolusepiiiumsoumbcus
646 1820 888 1882 misttiosimi·
940 1819 1068 1894 lignum
1086 1820 1165 1882 vitae
1181 1821 1232 1882 est
1257 1820 1448 1882 humanitas
1476 1819 1669 1882 salvatoris.
1695 1822 1733 1880 ln

79 1919 272 1982 titudinem
280 1914 646 1996 cornispeocatifflom.
656 1912 884 1995 v111,2),idest‚
940 1916 1038 1979 tertio
1057 1916 1184 1993 lignum
1205 1915 1283 1982 ritae
1297 1919 1348 1980 est
1368 1917 1534 1994 sapientia
1555 1917 1626 1989 Dei,
1644 1919 1732 1978 Ver-

81 2014 300 2092 peccatricis,
319 2015 352 2077 et
372 2013 413 2076 de
427 2014 561 2092 peceato
576 2013 747 2076 damnavit
767 2009 888 2088 pecca·
940 2013 1018 2076 bum
1034 2014 1155 2086 Patris,
1176 2013 1355 2087 scaevitas,
1380 2015 1474 2091 origo
1486 2013 1575 2078 boni.
1600 2013 1640 2075 ut
1661 2011 1737 2076 limo

81 2112 156 2174 tiim
190 2113 229 2174 in
256 2127 367 2174 carne.
393 2111 543 2174 Christus
567 2109 688 2173 dicitur
715 2110 886 2187 peccatum
940 2111 991 2172 est
1004 2111 1072 2172 vita
1087 2110 1223 2173 aeterna.

82 2208 186 2282 idest,
202 2208 316 2270 hostia
327 2223 388 2285 pro
399 2209 545 2286 peceato,
560 2207 638 2284 quia
649 2207 721 2284 ipse
736 2206 887 2268 Christus
980 2209 1079 2269 Nunc
1092 2208 1265 2270 veniamus
1279 2207 1320 2268 ad
1333 2209 1624 2284 comparationem.
1639 2208 1736 2270 Certe

84 2304 265 2368 damnavit
278 2304 458 2368 carnaliter
480 2305 662 2382 peccatum,
688 2303 776 2365 idest
789 2302 885 2364 dam·
941 2304 1067 2380 lignum
1079 2305 1156 2366 vitae
1169 2305 1254 2381 quod
1265 2305 1339 2368 erat
1350 2305 1385 2366 iu
1400 2305 1560 2368 Paradiso
1571 2307 1732 2377 terrestri,

82 2417 167 2464 num
182 2403 325 2480 peccati.
347 2401 441 2466 Unde
455 2400 576 2464 dicitur
598 2401 634 2461 in
653 2401 738 2462 Osca
759 2413 819 2476 per
840 2399 889 2460 si·
941 2401 1147 2478 corporalem
1157 2402 1383 2464 tantummodo
1396 2403 1499 2464 uitam
1519 2403 1591 2464 sine
1606 2402 1736 2464 deiectu

85 2498 658 2570 militudinem20mcra‚eromcrs
671 2497 888 2564 tuamorsus
941 2498 1048 2574 potuit
1065 2498 1228 2562 conterre.
1253 2499 1396 2574 Lignum
1419 2515 1499 2562 vero
1525 2500 1602 2562 ritae
1626 2500 1731 2576 spiri-

88 2597 405 2670 rememorem
419 2593 525 2665 (Oseae
537 2609 612 2666 1111,
623 2591 686 2671 lt).
701 2591 795 2655 Sicut
807 2591 889 2654 dicit
941 2595 1042 2658 tualis
1061 2595 1219 2672 paradisi,
1235 2595 1332 2667 idest,
1345 2595 1503 2660 boninus
1522 2598 1619 2660 iesus
1640 2613 1736 2658 mana

85 2691 272 2769 Apostolus
286 2690 328 2752 ad
342 2689 551 2753 Corinthios:
566 2693 658 2752 Eum
670 2692 728 2763 cui
742 2703 811 2752 rico
824 2703 889 2752 no-
942 2692 1139 2755 ducautibus
1172 2708 1306 2754 carnem
1341 2709 1449 2766 suam,
1481 2697 1514 2756 et
1548 2693 1738 2756 bibentibus

83 2787 381 2863 cercipeccatum
389 2789 483 2848 Deus
491 2787 557 2860 mit
568 2785 888 2860 peccatum,utcos
942 2789 1138 2865 sanguinem
1161 2805 1274 2864 suum,
1300 2790 1402 2854 vitam
1431 2790 1589 2853 aternam
1615 2805 1735 2868 repro·

83 2884 281 2946 redimeret
307 2897 331 2946 a
346 2883 487 2957 peccato
506 2879 550 2962 (ΙΙ
572 2883 645 2944 Gor.
668 2897 706 2953 v,
731 2879 795 2954 24).
823 2881 887 2944 Sed
941 2885 1051 2950 mittit.
1068 2887 1215 2952 Tertium
1229 2903 1309 2950 vero
1323 2888 1450 2964 lignum
1464 2903 1531 2950 nou
1551 2887 1658 2950 solum
1675 2904 1734 2951 re-

83 2996 151 3045 cur
164 2981 203 3042 in
218 2979 470 3042 similitudinem
485 2978 596 3040 carnis
612 2978 740 3056 peccati
754 2977 794 3040 de
813 2995 889 3040 mu·
941 2981 1062 3046 format
1084 2983 1260 3048 sanitatem
1284 2985 1472 3061 pristinam,
1493 2987 1551 3048 sed
1575 2990 1735 3064 majorem

84 3078 174 3140 liere
203 3091 323 3154 corpus
351 3075 530 3152 assumpsit
557 3077 589 3138 et
614 3090 681 3136 nou
708 3075 817 3152 potius
845 3092 888 3138 ex
941 3080 1033 3143 addit
1045 3079 1282 3155 tortitudinem,
1297 3083 1365 3161 §nec
1380 3084 1487 3146 solum
1503 3087 1639 3162 reparat
1650 3086 1736 3164 quod

85 3175 157 3236 alia
178 3173 245 3236 sibi
266 3173 406 3237 materia
427 3187 549 3236 novum
572 3187 692 3250 corpus
715 3171 885 3244 formavit,
942 3177 1051 3252 periit,
1069 3177 1126 3240 sed
1147 3179 1180 3240 et
1199 3179 1392 3256 superaddit
1406 3180 1492 3258 quod
1517 3181 1632 3244 deluit.
1655 3183 1736 3246 Item

86 3272 125 3334 ut
149 3271 240 3334 sicut
265 3268 373 3334 iactus
397 3269 507 3332 iuerat
532 3269 659 3346 primus
688 3269 810 3342 Adam,
839 3269 888 3331 ita
941 3273 1082 3350 legimus
1097 3275 1261 3352 quodtria
1280 3278 1357 3339 sunt
1370 3277 1462 3353 ligna
1476 3278 1566 3340 vitae.
1588 3280 1736 3342 Primum

8 3384 11 3390 ·
86 3367 186 3431 fleret
206 3366 241 3430 et
263 3366 494 3432 secundusiO
517 3368 660 3430 altitudo
684 3367 889 3428 divitiorum
942 3372 992 3434 est
1026 3371 1125 3435 arbor
1152 3373 1211 3434 illa
1239 3375 1423 3437 materialis
1451 3391 1549 3451 quam
1581 3378 1738 3453 produxit

86 3465 273 3540 sapientiae
297 3465 331 3526 et
356 3465 511 3526 scientim
539 3465 604 3525 Dei
629 3477 733 3536 quam
757 3465 889 3524 incom-
942 3468 1101 3530 Dominus
1116 3468 1157 3530 de
1171 3469 1271 3530 bumo
1293 3470 1328 3531 in
1349 3470 1524 3547 principie,
1541 3487 1616 3534 cum
1640 3475 1738 3551 plau-

85 3563 333 3636 prebmsitiiia
349 3560 577 3631 suntjuoicia
594 3561 670 3630 ejus
688 3558 722 3618 ct
744 3559 890 3620 inoesti-
941 3563 1029 3624 taret
1047 3564 1142 3626 illam
1162 3564 1197 3626 iu
1221 3565 1329 3628 medio
1351 3567 1515 3642 paradisi,
1531 3573 1626 3646 cujus
1641 3570 1735 3631 sruc-

86 3660 219 3734 pabilcs
238 3659 306 3720 vice
322 3658 408 3729 cius.
426 3657 507 3722 ouis
526 3655 791 3729 coimcopnooit
808 3667 890 3714 seo-
942 3660 1011 3720 tum
1024 3675 1065 3721 ne
1080 3661 1155 3737 post
1169 3663 1339 3738 peecatum
1355 3664 1507 3740 tangeret
1520 3666 1630 3740 bomo,
1647 3669 1738 3744 ejec-
1822 3731 1823 3736 ,

86 3768 170 3816 sum
197 3756 351 3824 Domitii,
379 3753 441 3813 alit
465 3754 542 3825 diiii
568 3753 787 3814 comitativa
814 3752 889 3822 diiii
942 3757 995 3820 tus
1014 3758 1065 3820 est
1078 3757 1118 3820 de
1131 3759 1296 3835 paradiso.
1309 3761 1495 3824 Secundum
1516 3764 1567 3826 est
1576 3763 1736 3826 Dominus

88 3851 200 3923 illem
216 3852 323 3928 (ΗΘΜ
346 3864 398 3922 11»
422 3849 473 3920 33,
497 3849 568 3924 34l?
587 3847 755 3924 DlSPOSUit
777 3846 888 3908 iamim
942 3856 1041 3916 Jesus
1063 3855 1225 3929 Christus,
1247 3857 1303 3934 qui
1323 3859 1503 3920 secundum
1522 3859 1661 3922 sormam
1680 3877 1737 3924 as·

89 3945 239 4011 coelestis
265 3943 403 4008 altitudo
423 3943 574 4015 consilii,
596 3944 633 4005 ut
653 3943 740 4005 sicut
757 3957 818 4020 per
835 3941 888 4004 fe·
943 3951 1081 4029 sumptae
1110 3951 1339 4028 humanitatis,
1370 3955 1406 4016 in
1439 3957 1548 4019 medic
1577 3959 1734 4023 Ecclesiae

89 4042 219 4104 minam
233 4057 323 4104 mors
338 4041 476 4104 intrarit
489 4041 524 4102 in
539 4038 664 4112 orbem,
680 4039 727 4102 ita
741 4054 801 4116 per
815 4055 890 4100 mu·
943 4063 1024 4122 suae,
1047 4049 1144 4127 quasi
1158 4049 1286 4127 lignum
1302 4053 1379 4114 vitae
1395 4053 1431 4114 in
1445 4054 1554 4115 medio
1573 4057 1734 4132 paradisi,

88 4137 211 4200 liorem
224 4138 293 4202 uita
307 4138 431 4204 rediret
444 4137 479 4198 in
496 4135 620 4209 Orbem,
637 4137 676 4196 ut
688 4139 778 4198 unde
793 4151 889 4198 mort
943 4145 1110 4222 plantatus
1123 4147 1183 4220 est,
1193 4147 1234 4209 de
1244 4152 1295 4228 cuj
1301 4165 1339 4212 us
1351 4150 1461 4212 linctu
1476 4151 1626 4230 quisquis
1638 4153 1737 4231 digne

61 4229 67 4238 ’
88 4234 272 4308 oriebatur
288 4237 367 4296 inde
385 4234 458 4294 vita
482 4233 684 4308 reddidere!
708 4229 780 4310 (1)·
811 4235 891 4296 Νθῐῑ
943 4245 1204 4319 manducaverit,
1227 4247 1317 4308 vivet
1339 4247 1374 4308 in
1389 4250 1561 4312 aeteruum.
1588 4251 1736 4314 Tertium

89 4330 203 4390 ortum
216 4343 351 4403 supere,
368 4331 429 4390 sed
450 4330 532 4391 time
545 4325 653 4407 (ΗΘΜ
676 4343 737 4402 xli,
757 4325 832 4408 20),
854 4329 890 4391 ui
944 4340 994 4403 est
1007 4340 1133 4416 lignum
1147 4341 1236 4414 vitm,
1253 4343 1340 4420 quod
1354 4344 1538 4420 plantatum
1553 4348 1603 4410 est
1622 4349 1659 4409 in
1678 4349 1737 4411 illo

90 4424 140 4486 aii
154 4424 420 4488 Ecclesiasticus·
684 4455 686 4460 ·
736 4465 739 4474 =
943 4436 1103 4500 invisibili
1134 4439 1310 4516 paradiso,
1334 4441 1439 4514 idest,
1469 4445 1631 4520 sapientia
1655 4445 1734 4520 Dei,

131 4522 749 4596 Apparcoiiuomicusscpernuoem
765 4525 888 4586 validi·
944 4536 1038 4610 cujus
1057 4534 1183 4597 fructus
1207 4536 1302 4598 cibus
1320 4538 1371 4599 est
1393 4538 1565 4602 beatorum
1588 4543 1735 4619 Angelo-

91 4619 184 4680 cam.
193 4617 322 4680 Dicitur
332 4618 651 4694 apparerecnristus
661 4635 761 4696 super
769 4619 888 4681 nubem
943 4645 1030 4694 rum.
1045 4633 1404 4707 sumum,seeun‹1um
1420 4637 1600 4700 attonsum
1615 4640 1737 4716 estiig·
1811 4647 1813 4652 ·

93 4713 384 4787 candidamidest
399 4715 705 4791 supersedissem,
721 4730 794 4793 cuae
814 4717 889 4780 ideo
943 4729 1119 4802 numvuae,
1134 4730 1536 4796 secauamumcroatus
1552 4735 1734 4798 luitnomo.

95 4810 347 4874 nubescsndma
355 4809 553 4889 appellatur,
561 4810 638 4887 quia
647 4812 731 4874 nibil
739 4813 890 4874 tenebro·
942 4827 969 4886 A
985 4826 1091 4903 primo
1105 4830 1230 4905 11111111
1251 4829 1424 4904 1111101110,
1443 4845 1462 4892 1
1477 4833 1737 4896 1111110111).

94 4922 168 4968 sum
188 4907 223 4970 in
247 4923 299 4976 ea,
324 4907 409 4970 nihil
429 4906 617 5013 obscurllssb
633 4908 720 4985 quod
743 4908 890 4972 Offendi!
943 4925 1038 4985 catus
1053 4923 1162 4987 bomo.
1177 4926 1420 5002 igiturlipnum
1434 4929 1512 4992 vitm
1526 4945 1593 4992 non
1605 4931 1656 4992 est
1670 4932 1736 4995 nisi

95 5002 217 5066 divinas
231 5004 416 5082 ldajestatis
430 5004 555 5076 oculos,
572 5004 771 5066 inueniatur.
794 5007 888 5070 Unde
942 5021 1162 5098 paparadiso,
1181 5024 1284 5086 Extra
1305 5025 1531 5089 11111111111111
1551 5028 1668 5105 potest,
1688 5028 1736 5093 phi

94 5100 294 5178 spostolus:
318 5101 477 5164 cmliii
493 5102 615 5164 (²²²0oest
634 5105 833 5180 Emittam»
855 5105 889 5167 θί
943 5117 1114 5193 tinguntur
1133 5119 1265 5182 radices
1288 5124 1371 5200 ejus,
1385 5123 1433 5184 ibi
1457 5126 1508 5185 est
1529 5125 1622 5188 locus
1642 5128 1733 5204 ejus,

95 5199 317 5272 &milvium
334 5197 478 5260 tradidit
495 5211 562 5272 pro
587 5212 629 5260 θα
644 5199 737 5276 (pr.
762 5215 795 5272 v,
820 5199 885 5280 25),
942 5215 989 5276 ibi
1003 5216 1161 5292 expandit
1174 5233 1289 5282 ramos
1304 5222 1338 5282 et
1355 5220 1480 5298 profert
1496 5221 1650 5286 fructum.
1674 5225 1736 5286 Hic

96 5294 133 5356 ut
144 5293 316 5354 exhiberet
336 5292 402 5354 sibi
419 5292 599 5368 gloriosam
621 5295 803 5358 Ecclesiam
827 5313 888 5362 nec
918 5325 924 5352 v
942 5313 993 5374 pst
1006 5313 1122 5375 hortus
1137 5314 1172 5375 in
1187 5331 1284 5393 quem
1298 5333 1427 5379 mecum
1444 5319 1614 5382 descendit
1629 5337 1734 5399 spon.

96 5387 270 5496 habentem
289 5389 464 5498 maculasst
485 5405 591 5468 neque
609 5407 727 5468 lugam
744 5394 802 5456 aui
819 5395 887 5456 ali·
943 5425 1010 5472 sus.
1027 5412 1106 5474 Haec
1120 5412 1279 5474 estsinea
1294 5416 1426 5477 Domini
1439 5417 1596 5479 Sabaoth.
1612 5419 1674 5479 ilic
1686 5419 1738 5481 est

98 5486 173 5560 (llud
188 5485 388 5563 hujusmodi,
409 5485 465 5548 Sed
482 5487 518 5548 Ui
533 5487 576 5550 Sit
590 5490 704 5552 sanila
724 5490 756 5552 θῒ
770 5490 889 5554 imma·
941 5506 1034 5568 locus
1049 5507 1255 5571 deliciarum.
1273 5511 1333 5575 Hic
1351 5514 1401 5576 est
1415 5515 1531 5578 hortus
1545 5516 1733 5590 conclusus,

134 5605 174 5680 (l)
189 5607 295 5666 lliseal.
313 5609 393 5666 Rom.
411 5607 439 5665 iu
455 5606 532 5681 pret.
549 5607 584 5666 de
599 5611 677 5668 Paos.
942 5603 975 5664 et
986 5602 1060 5664 sons
1075 5604 1235 5681 signatus
