4108 6418
101 305 160 364 2tt

41 497 42 500 ¹
104 479 272 551 audirent,
289 481 323 541 et
348 480 413 540 tine
435 479 543 543 debito
560 481 799 544 terminarent:
814 481 902 545 alio-

40 593 42 598 ·
103 578 185 656 quin
196 577 308 655 partes
323 576 364 638 ad
375 593 516 639 examen
526 579 673 640 vestrum
686 580 901 654 remitterent,

103 674 328 755 appellantem
351 673 386 735 in
402 675 558 752 expensis
571 675 728 753 legitimis
744 679 904 739 condem-

104 771 236 834 nantes.
251 773 358 833 Porro
371 772 476 849 ipsius
489 773 618 834 comitis
632 776 827 850 procurator
839 791 903 836 no-

103 869 243 931 vissime
255 869 429 946 proposuit
442 885 554 931 coram
569 869 664 931 nobis
679 871 806 934 litteras
822 889 904 950 quas

105 982 164 1045 pro
193 966 268 1043 ipso
291 968 345 1027 W.
368 965 409 1028 ad
433 966 584 1028 eumdem
608 967 760 1030 abbatem
792 970 904 1032 Sancti

105 1063 279 1125 Laurentii
301 1063 334 1124 et
357 1065 430 1140 ejus
454 1063 598 1140 collegas
620 1065 818 1140 direximuS,
842 1083 903 1127 su·

103 1161 239 1240 breptas
258 1177 331 1222 esse
347 1177 406 1238 per
426 1177 620 1239 expressum
642 1163 850 1250 mendacium
872 1165 905 1226 et

104 1259 241 1320 tacitam
256 1258 445 1334 veritatem3
462 1274 538 1320 nam
555 1275 615 1321 nec
625 1262 696 1338 jam
718 1260 798 1324 dicti
813 1277 904 1340 prae-

196 1442 296 1501 Notttt
310 1443 372 1500 ciro
385 1443 478 1501 colodi
492 1443 525 1500 de
539 1444 593 1502 Lot
608 1445 814 1518 crucesignato.

139 1571 328 1627 Sacrosancta
343 1567 471 1626 Romana
487 1569 615 1628 Ecclesia
636 1575 661 1627 ct
677 1585 701 1628 ο.
719 1587 807 1642 usqae
821 1571 904 1628 lucli·

107 1657 174 1715 uati.
192 1654 239 1714 lla
260 1656 390 1729 exenrpla
407 1654 496 1714 felicis
517 1657 722 1714 recordationis
746 1660 905 1717 innocentii

106 1748 190 1818 Papa
212 1743 432 1817 predecessoris
453 1745 551 1815 nostri,
571 1747 808 1820 compositionem
832 1747 905 1804 iuter

105 1841 133 1891 te
157 1848 192 1890 ac
215 1832 343 1890 nabilem
371 1833 462 1890 virum
485 1833 659 1892 Willelmum
682 1833 718 1892 de
743 1833 902 1904 llollaudia,

104 1920 297 1994 'trajectensis
310 1919 451 1990 dioecosis,
460 1929 634 1995 superreptu
648 1921 750 1979 nobilis
765 1922 902 1990 mulieris,

103 2009 249 2067 buxeris
264 2017 329 2078 turc,
344 2024 455 2067 necnon
469 2009 629 2080 llollaudia,
644 2019 672 2069 et
686 2011 749 2068 aliis
764 2012 845 2069 terris
869 2011 904 2068 ad

104 2105 131 2156 te
145 2098 259 2156 ratione
278 2099 375 2156 uxoris
392 2097 522 2172 ejusdem
540 2099 744 2172 spectantibus,
760 2099 905 2158 mediante

106 2185 229 2259 quodam
253 2185 384 2260 Philippo
406 2186 571 2245 marchione
586 2189 789 2260 Namurceusi;
812 2188 903 2246 'leba-

106 2276 168 2333 luco
178 2273 277 2348 bajulo
287 2275 440 2333 comitatus
455 2275 636 2333 Flandreusis
649 2276 838 2335 amicabiliter
849 2277 902 2334 ini·

105 2371 174 2434 tam,
192 2371 221 2422 et
241 2363 412 2437 iuramentis
433 2365 565 2437 praestitis
580 2365 648 2423 hinc
666 2364 734 2424 inde
750 2365 904 2435 llrmatam,

106 2453 179 2511 sicut
192 2451 257 2510 sine
272 2453 411 2525 pravitate
427 2453 544 2526 provide
554 2451 627 2512 iaetu
642 2461 728 2523 esset,
743 2461 771 2511 et
786 2453 822 2512 ab
833 2461 905 2512 utra·

108 2557 162 2613 que
175 2547 256 2614 parte
270 2548 373 2614 sponte
387 2549 511 2614 recepta,
522 2550 553 2599 ut
565 2541 594 2599 iu
606 2543 720 2616 scriptis
735 2541 906 2600 authenticis

108 2629 173 2687 inde
187 2627 326 2687 coniectis
340 2629 451 2703 plenius
464 2631 634 2699 continetur,
652 2632 820 2688 auctoritate
833 2629 906 2703 ape

107 2717 206 2776 stolica
230 2717 412 2790 praecipimus
436 2716 591 2775 observari.
618 2720 654 2778 Ut
682 2725 777 2776 atatem
804 2717 905 2775 eadem

108 2805 280 2878 compositio
295 2805 404 2862 tirmius
416 2805 590 2877 observetur,
600 2813 728 2864 tenorem
739 2807 828 2879 ipsius
838 2821 907 2879 prte-

106 2893 239 2951 sentibus
254 2893 393 2966 jussimus
405 2893 546 2964 annotari,
562 2895 609 2967 qui
627 2895 691 2952 talis
705 2901 758 2952 est.
782 2898 849 2953 llaec
863 2902 906 2952 est

108 2981 200 3039 torma
220 2981 435 3054 compositionis
456 2988 485 3039 et
509 2983 588 3055 pacis
603 2990 747 3056 perpetuae
762 2981 834 3040 inter
850 2984 905 3040 Lo·

108 3069 273 3138 deuvicum,
287 3069 422 3127 comitem
440 3068 476 3127 de
487 3072 543 3128 Los
553 3077 581 3128 et
595 3068 631 3128 de
642 3071 802 3141 Hollaadia,
818 3078 846 3130 et
860 3069 907 3128 de

110 3159 220 3216 minum
250 3155 424 3216 willelmum
454 3158 588 3216 Florentii
608 3159 721 3218 comitis
749 3159 906 3218 llollaudie

110 3245 255 3320 quondam
271 3245 369 3316 tilium,
382 3246 497 3306 arbitrio
507 3245 615 3305 domini
631 3246 753 3321 Philippi
768 3247 907 3306 marchic-

111 3335 155 3392 uis
178 3335 393 3406 Namurccnsis,
416 3333 503 3409 bajuli
536 3335 686 3405 Flandricc,
715 3343 745 3393 et
769 3335 906 3395 nobilium

113 3422 257 3501 Flandrius¹
266 3423 390 3481 virorum
402 3439 546 3482 consensu
560 3432 588 3484 et
597 3424 717 3483 consilio
732 3425 862 3496 llrmatae,
873 3439 907 3483 ac

112 3520 269 3584 spontanea
293 3512 503 3586 praedictorum,
527 3515 639 3572 comitis
664 3515 773 3572 seilicet
794 3514 904 3574 Ledeu-

113 3600 176 3670 vici‚
192 3615 227 3658 ae
240 3599 348 3658 domini
360 3601 495 3660 Willelmi
514 3601 659 3660 voluntate
681 3603 792 3675 plenius
808 3616 908 3674 appre

112 3687 194 3747 bate.
208 3691 277 3748 Post
286 3690 389 3764 longas
403 3689 544 3762 siquidem
554 3689 765 3748 controversias
774 3689 847 3746 iuter
856 3703 908 3746 eos

113 3785 241 3836 versatas
255 3776 370 3835 taudem
387 3777 416 3834 io
430 3777 537 3835 οοιιιιιιι
556 3777 636 3851 pacis
649 3777 861 3836 consentientes
873 3778 904 3835 1..

113 3880 209 3924 comes
220 3864 258 3923 de
272 3867 328 3923 Les
340 3873 369 3923 et
383 3864 419 3923 de
433 3864 594 3935 llollaudia,
606 3873 635 3924 et
649 3864 783 3924 domiuus
796 3866 904 3925 Willel-

114 3968 176 4011 mus
191 3953 443 4028 predictus,dieto
466 3961 495 4012 et
516 3953 631 4012 arbitrie
653 3953 762 4012 domini
784 3954 906 4030 Philippi

115 4042 288 4100 marchionis
299 4042 503 4100 Naururceusis
515 4057 601 4115 super
613 4043 745 4101 universa
761 4050 907 4115 terraque

113 4127 337 4189 iuitl'beodorici
347 4131 678 4190 comitisllollaudiensis
690 4133 905 4190 commiserunt.

113 4219 248 4277 ὓοιιιίιιιιο
270 4219 357 4293 igitur
378 4219 525 4293 Philippus
553 4219 680 4278 marchio
703 4222 906 4280 Namurccusis

112 4303 184 4364 dieto
198 4315 226 4366 et
241 4308 358 4367 arbitrio
372 4324 425 4367 suo
445 4309 605 4382 assignavit
625 4308 723 4367 comiti
737 4309 773 4366 de
787 4312 843 4367 bos
857 4325 906 4368 eo·

112 4395 238 4455 mitatem
248 4396 542 4470 llollaudiae,exeepto
552 4396 680 4456 dotalitio
689 4399 787 4456 matris
797 4398 906 4456 domiui

110 4483 240 4543 Willelmi
256 4485 421 4558 supradicti,
437 4493 501 4559 post
518 4485 601 4559 eujus
619 4485 727 4544 domiui
742 4487 902 4557 decessum,

111 4568 266 4630 dotalitium
285 4573 354 4632 illud
371 4571 408 4631 ad
426 4571 573 4630 domiuum
595 4575 769 4633 Willelmum
790 4575 819 4632 iu
838 4591 903 4648 pro·

112 4658 256 4728 prietatem
269 4661 410 4720 deveniet.
420 4663 589 4736 assignavit
604 4661 906 4722 etiamdominusPhi·

110 4745 200 4820 lippus
214 4750 343 4808 marchio
353 4751 558 4809 Namareensis
574 4751 672 4809 comiti
689 4750 725 4808 de
741 4754 807 4821 Les,
822 4753 907 4810 Scar-

113 4848 239 4908 peuesse,
261 4839 411 4906 Duvelaut‚
428 4839 610 4909 staveuesse‚
635 4845 664 4896 et
688 4838 852 4910 briesnore,
877 4849 907 4898 et

627 306 785 378 QUINTA
807 309 1072 372 COMPILATIO.
1098 311 1175 372 LIB.
1200 313 1239 372 ΙΙ.

1695 315 1755 376 242

959 487 1142 550 decessoris
1171 488 1275 549 nostri
1303 487 1493 549 mandatum
1526 491 1755 566 exspiraverat

959 601 1035 646 cum
1049 585 1236 658 mandante,
1249 587 1346 662 prout
1360 585 1455 646 nobis
1468 585 1529 647 suit
1541 601 1584 646 ex
1597 589 1689 663 parte
1699 589 1753 648 W.

960 682 1128 759 saepedicti
1139 683 1340 759 suggestum,
1351 698 1451 760 quum
1462 683 1538 744 ante
1551 682 1754 745 mandatoris

959 780 1097 840 mortem
1113 779 1382 857 archiepiscopus
1398 779 1576 857 procedere
1599 779 1756 856 incoepis-

957 877 1020 950 set,
1042 893 1103 938 nec
1124 877 1211 938 idem
1233 879 1286 938 W.
1305 877 1392 939 ultra
1416 877 1498 938 duas
1522 877 1637 938 diaetas
1659 877 1754 938 extra

959 991 1054 1036 suam
1072 975 1241 1036 dioecesim
1265 975 1469 1048 trahebatur,
1485 991 1585 1052 quum
1606 975 1677 1052 ipse
1699 990 1756 1037 ar-

959 1072 1191 1149 chiepiscopus
1202 1072 1381 1134 terminum
1392 1073 1426 1133 in
1436 1072 1496 1134 tali
1504 1073 1577 1134 loco
1590 1072 1752 1145 statuerit,

959 1171 1015 1248 qui
1037 1171 1184 1232 remotus
1205 1169 1246 1232 ab
1269 1171 1329 1232 illo
1352 1186 1418 1231 ιιοιι
1443 1171 1515 1232 erat
1542 1169 1628 1231 ultra
1656 1186 1754 1247 qtram

959 1267 1128 1346 provisum
1156 1269 1207 1330 est
1234 1283 1294 1346 per
1320 1266 1586 1330 constitutionem
1622 1267 1754 1328 concilii

959 1479 1004 1528 tur
1021 1478 1142 1544 quatuor
1158 1471 1260 1530 insulae
1274 1469 1401 1544 predicti
1420 1470 1533 1528 comitis
1546 1467 1582 1527 de
1600 1471 1666 1540 tos,
1682 1469 1754 1527 assi·

959 1567 1064 1634 gnatas.
1082 1561 1114 1617 lu
1135 1561 1282 1632 Wimagio
1301 1558 1377 1632 apud
1391 1557 1514 1617 Gerulitz
1535 1556 1650 1614 babebit
1668 1556 1756 1614 dorni·

959 1663 1014 1704 uus
1036 1647 1196 1706 Willelmus
1215 1647 1292 1704 omui
1317 1662 1393 1704 anuo
1421 1644 1645 1720 quadringentas
1670 1643 1757 1702 libras

959 1735 1152 1806 denariorum,
1167 1743 1196 1793 et
1210 1734 1326 1792 babebit
1345 1735 1402 1792 illic
1416 1733 1546 1790 nuntium
1562 1748 1646 1790 suum
1659 1732 1695 1790 ad
1707 1732 1756 1789 de-

959 1826 1054 1881 narios
1065 1823 1253 1897 colligendos,
1267 1837 1416 1896 quousque
1426 1821 1651 1896 quadringentas
1669 1821 1757 1878 libras

959 1913 1107 1985 receperit,
1120 1927 1206 1969 οιιιιιο
1219 1911 1294 1985 quod
1310 1911 1363 1968 illis
1378 1910 1596 1984 quadringentis
1607 1907 1687 1966 libris
1707 1924 1754 1965 m·

960 2001 1120 2076 pervenerit
1129 2001 1246 2059 Comitis
1273 1999 1308 2058 de
1328 2002 1385 2059 Los
1410 2006 1439 2057 et
1464 1998 1758 2058 delicatissimam

959 2090 1025 2165 quid
1037 2097 1131 2147 autem
1143 2089 1179 2147 ad
1189 2090 1252 2147 illas
1266 2089 1491 2162 quadringentas
1510 2087 1597 2145 libras
1610 2085 1757 2158 perficien-

959 2178 1011 2236 das
1025 2177 1155 2246 deluerit,
1169 2192 1267 2235 comes
1285 2175 1393 2234 debes
1411 2182 1440 2233 et
1453 2174 1489 2232 de
1509 2173 1658 2232 llollaudia
1683 2171 1756 2230 inira

960 2280 1067 2323 anuum
1093 2265 1229 2338 perficiet.
1260 2264 1329 2322 Cum
1358 2263 1458 2320 nuntio
1476 2261 1585 2319 domiui
1607 2259 1754 2329 Willelmi,

959 2368 1059 2412 comes
1073 2353 1109 2411 de
1119 2355 1176 2410 Los
1188 2351 1350 2410 ministrum
1365 2366 1448 2408 suum
1464 2349 1579 2407 babebit
1594 2347 1628 2406 ad
1643 2363 1758 2420 eompu-

963 2439 1095 2511 tandum,
1113 2447 1141 2498 et
1156 2436 1303 2496 sciendum
1323 2436 1506 2495 denariorum
1521 2435 1712 2507 receptionem
1728 2433 1757 2490 in

961 2526 1342 2604 predictowimagio.1ttas
1360 2523 1585 2597 quadringentas
1601 2522 1758 2596 librasgui·

961 2617 1040 2692 nagii
1061 2617 1138 2673 dom.
1152 2616 1313 2674 Willelmus
1331 2612 1437 2672 tenebit
1455 2613 1490 2671 ab
1508 2613 1689 2685 imperatore,
1705 2625 1757 2667 seu

961 2721 1031 2780 rege
1041 2709 1245 2775 Romanorum,
1259 2705 1331 2761 sicut
1343 2717 1441 2759 eomes
1455 2701 1491 2760 de
1504 2703 1559 2758 Les
1571 2706 1649 2758 teuct
1664 2699 1699 2756 ab
1712 2714 1758 2756 eo·

961 2795 1027 2852 dem
1042 2809 1112 2868 rege
1123 2792 1267 2850 residuum
1281 2791 1316 2849 ad
1326 2791 1504 2865 Wimagium
1514 2789 1550 2846 de
1561 2788 1693 2847 Gerulitz.
1706 2789 1760 2844 llo·

962 2883 1054 2941 mines
1073 2882 1182 2940 domini
1195 2881 1331 2940 Willelmi
1346 2879 1415 2936 nibil
1440 2877 1516 2936 aliud
1541 2878 1652 2935 solvent
1671 2890 1757 2948 quam

961 2971 1091 3030 solebant
1104 2971 1215 3027 solvere
1227 2977 1355 3042 tempore
1371 2967 1505 3026 Florentii
1520 2965 1633 3024 comitis
1648 2963 1760 3020 llollau-

961 3057 1026 3115 dte.
1039 3056 1082 3115 Ad
1097 3055 1202 3114 dictum
1218 3061 1246 3112 et
1257 3053 1402 3112 arbitrium
1415 3051 1524 3111 domiui
1537 3049 1660 3124 Philippi
1676 3048 1761 3106 debet

960 3145 1094 3203 domiuus
1114 3145 1274 3203 Willelmus
1294 3141 1478 3200 adheredare
1500 3141 1635 3199 comitem
1654 3137 1690 3196 de
1705 3139 1762 3196 Los

961 3234 996 3293 de
1009 3235 1142 3292 omnibus
1154 3230 1333 3308 supradictis,
1346 3240 1375 3288 et
1386 3246 1484 3288 eomes
1494 3229 1530 3286 de
1543 3231 1598 3286 Los
1611 3226 1760 3285 deminum

963 3323 1138 3383 Willelmum
1152 3321 1228 3380 bene
1251 3322 1338 3378 etiarn
1360 3317 1554 3378 adhaeredare.
1572 3315 1653 3376 Unde
1668 3315 1760 3373 scieu-

961 3412 1030 3470 dum
1043 3419 1086 3469 est
1099 3410 1174 3483 quod
1188 3407 1492 3467 dominusWillelmus
1510 3405 1546 3464 ad
1559 3405 1664 3462 dictum
1683 3403 1759 3460 arbi·

962 3501 1047 3557 trium
1062 3498 1171 3556 domini
1186 3496 1318 3569 Philippi,
1334 3503 1364 3552 et
1379 3495 1493 3552 consilii
1510 3494 1565 3563 sui,
1581 3491 1658 3549 dedit
1672 3491 1699 3546 ci
1714 3489 1762 3546 ob·

961 3587 1040 3644 sides
1063 3600 1114 3660 pro
1133 3585 1209 3642 dieto
1230 3592 1259 3642 et
1277 3583 1393 3640 arbitrio
1417 3597 1469 3640 suo
1488 3579 1611 3638 muendo
1632 3593 1761 3636 sororem

962 3690 1055 3744 suam,
1067 3681 1095 3730 et
1106 3674 1192 3730 illlam
1204 3685 1286 3728 suam
1297 3671 1441 3744 propriam
1454 3687 1460 3728 :
1473 3677 1501 3727 ct
1516 3669 1616 3726 decem
1627 3667 1761 3723 homines

962 3763 998 3821 de
1018 3761 1154 3831 bacades,
1175 3760 1308 3817 homines
1326 3759 1362 3816 de
1381 3757 1542 3828 llollaudia,
1558 3757 1606 3829 qui
1630 3757 1692 3828 ipsa
1713 3752 1761 3810 die

962 3852 1065 3925 Brugis
1080 3858 1171 3920 eraut,
1189 3849 1255 3907 lecit
1270 3847 1404 3906 domiuus
1418 3846 1578 3906 Willelmus
1598 3844 1692 3902 lacere
1705 3841 1758 3899 ho·

962 3941 1081 3997 minium
1095 3939 1193 3997 conriti
1205 3937 1241 3996 de
1255 3940 1312 3995 los
1325 3945 1354 3993 et
1368 3936 1404 3994 de
1419 3934 1580 4004 llollaudia,
1591 3940 1619 3990 et
1634 3947 1685 4006 per
1698 3946 1758 3988 aas

961 4028 1098 4086 talianum
1113 4027 1149 4084 de
1161 4026 1248 4097 Leda,
1263 4026 1311 4099 qui
1329 4039 1456 4100 praesens
1470 4030 1541 4092 erat,
1556 4021 1642 4104 debet
1662 4020 1759 4078 comiti

961 4117 997 4175 de
1012 4119 1068 4176 Les
1092 4116 1187 4176 iacere
1210 4115 1316 4173 habere
1335 4113 1424 4172 libers
1442 4111 1591 4170 castellum
1613 4105 1648 4168 de
1670 4107 1757 4178 Leda,

962 4207 1007 4265 vel
1022 4221 1072 4281 per
1087 4207 1202 4263 nuutios
1216 4219 1284 4263 suos
1306 4221 1313 4262 :
1335 4202 1421 4260 debet
1444 4215 1557 4274 quoque
1572 4197 1709 4256 mandare
1730 4203 1760 4254 et

962 4297 1117 4370 precipere
1132 4293 1265 4352 omnibus
1279 4289 1443 4351 hominibus
1454 4287 1621 4358 Hellaudiae,
1630 4295 1659 4344 et
1673 4286 1759 4344 totius

962 4391 1045 4442 terrae
1065 4383 1162 4442 comiti
1181 4383 1218 4441 do
1238 4384 1293 4440 bos
1308 4382 1473 4454 assignatae,
1490 4393 1540 4451 per
1561 4377 1670 4435 litteras
1690 4389 1760 4433 suas

962 4481 1102 4548 patentes,
1118 4479 1147 4530 et
1158 4487 1208 4546 per
1223 4471 1338 4529 nuntios
1348 4485 1426 4540 suos,
1438 4476 1468 4526 ut
1483 4467 1580 4525 comiti
1594 4466 1630 4523 de
1645 4463 1759 4524 Lesbo·

962 4563 1082 4620 minium
1096 4560 1200 4620 iaciant
1213 4568 1243 4619 et
1265 4560 1428 4618 lidelitatem
1444 4559 1506 4615 sine
1518 4557 1613 4628 aliquo
1628 4555 1704 4612 malo
1718 4553 1759 4609 iu·

961 4652 1061 4725 genio,
1076 4658 1105 4709 et
1115 4652 1143 4708 in
1158 4649 1293 4708 mandato
1309 4650 1356 4707 illo
1371 4655 1401 4706 et
1418 4654 1560 4720 precepto
1574 4643 1659 4702 debet
1669 4642 1759 4699 homi·

962 4740 1045 4797 uibus
1057 4741 1113 4797 illis
1127 4727 1270 4808 intimare,
1288 4736 1363 4810 quod
1384 4736 1409 4794 si
1422 4735 1580 4792 hominium
1600 4729 1667 4787 illud
1682 4738 1711 4786 ct
1723 4729 1757 4786 ti-

961 4828 1106 4886 delitatem
1131 4825 1225 4886 lacere
1248 4825 1452 4892 recusaverint,
1468 4827 1566 4880 contra
1588 4817 1757 4889 omnesqui

112 4919 254 4984 dompnum
267 4929 420 5001 nugonem
434 4926 470 4985 de
487 4927 652 4986 Osoewome
668 4933 697 4984 02
711 4926 748 4984 (ιθ
762 4929 907 4986 Wegpen.
961 4917 1083 4975 rebelles
1098 4924 1179 4975 erunt
1190 4915 1243 4974 erit
1255 4913 1351 4972 comiti
1361 4911 1397 4969 de
1412 4913 1468 4970 Les
1479 4911 1507 4968 in
1519 4907 1598 4966 omni
1611 4921 1695 4980 posse
1705 4919 1758 4962 suo

112 5009 198 5069 tiorne
212 5021 240 5072 et
254 5014 291 5074 de
302 5015 480 5089 appendiciis
495 5033 503 5074 :
520 5021 578 5074 tota
599 5031 668 5074 vero
693 5023 768 5074 terra
789 5017 844 5074 alia
870 5031 906 5074 ex
960 5007 990 5063 1¹¹
1005 5005 1153 5074 auxilium,
1167 5017 1315 5078 il¹¹⁰¹¹⁸l¹¹⁰
1330 5000 1392 5059 ¹¹oess
1406 5003 1603 5058 ⁰0¹¹³¹¹¹¹¹¹¹¹³¹fl
1615 5001 1757 5094 ‘sunm'

112 5095 163 5155 bae
179 5111 256 5174 parra
269 5104 395 5163 noseltae
418 5102 701 5164 perserutandum
726 5119 777 5177 per
796 5105 905 5164 dictum
961 5095 1023 5152 miti
1044 5094 1080 5152 de
1102 5096 1159 5153 Los
1181 5100 1210 5150 et
1232 5089 1366 5166 perlecta.
1392 5087 1500 5146 Deinde
1525 5085 1609 5144 debet
1625 5083 1760 5141 dommus

111 5183 905 5252 arbitrtumaomtnimaenousnamurcensisrcmanet
960 5184 1120 5242 witelmus
1142 5179 1317 5246 resineam
1333 5171 1757 5249 aomtnvepvseopvrrajecen-

111 5271 138 5328 iu
153 5285 229 5346 parte
243 5279 352 5337 domiui
364 5281 510 5350 Willelmi,
523 5280 658 5354 quidquid
670 5280 804 5338 domiuus
819 5282 905 5355 llugo
960 5273 1011 5342 sis,
1024 5279 1052 5329 et
1067 5272 1125 5329 illie
1146 5269 1265 5329 reddere
1280 5266 1396 5326 tendum
1416 5280 1500 5323 suum
1519 5271 1547 5321 et
1561 5261 1706 5335 guerpire,
1723 5257 1760 5316 ad

114 5363 257 5432 predictus
279 5374 357 5426 tenet
374 5368 450 5442 apud
468 5369 637 5442 Apenbueb‚
656 5377 685 5428 et
702 5369 904 5428 castellaniam
960 5377 1033 5435 opus
1047 5360 1156 5418 domiui
1170 5359 1284 5418 comitis
1295 5357 1331 5415 de
1346 5358 1412 5423 Los,
1426 5353 1461 5412 ad
1476 5367 1542 5410 eum
1557 5349 1631 5408 bona
1647 5349 1703 5407 ide
1714 5347 1760 5405 ad·

113 5446 146 5505 de
160 5454 190 5510 L.
207 5456 380 5528 Sellamldia,
398 5464 427 5515 et
441 5473 527 5515 omae
541 5458 616 5531 quod
636 5464 713 5516 tenet
731 5457 802 5516 inira
824 5459 903 5518 insu·
960 5449 1166 5509 haetedtnduffl
1181 5450 1243 5507 site
1264 5462 1316 5506 ³1¹0
1337 5445 1454 5514 dflfflssQ
1470 5449 1499 5500 θῑ
1521 5440 1606 5498 Simili
1621 5437 1706 5495 ffl⁰d⁰
1722 5435 1760 5494 sa·

114 5536 234 5613 las,'qua
248 5545 404 5620 assignate
420 5554 486 5604 suut
498 5545 614 5605 domine
627 5546 781 5618 Willelmo,
797 5547 906 5605 tenebit
960 5543 1016 5600 ciet
1031 5540 1164 5599 dominus
1178 5539 1338 5598 Willelmus
1353 5535 1381 5592 iu
1394 5534 1472 5590 curia
1486 5529 1594 5588 domiui
1614 5527 1695 5585 ducis
1710 5528 1760 5583 Lo·

115 5624 172 5698 ipse
187 5631 269 5707 Hugo
290 5650 305 5692 a
322 5635 438 5694 domino
449 5635 594 5694 Willelmo
608 5653 614 5693 :
630 5643 658 5694 ct
676 5635 741 5694 inde
756 5636 901 5710 excipiun-
960 5631 1115 5702 veniensis,
1130 5627 1206 5688 illinc
1219 5625 1304 5686 debet
1316 5623 1450 5684 domiuus
1461 5621 1620 5682 Willelmua
1633 5618 1672 5676 irc
1684 5613 1760 5690 apud
