4084 6428
302 263 363 326 959
768 257 944 320 HONORII
965 254 1012 315 111
1034 251 1183 316 OPERA.
1201 281 1238 296 ·-
1255 250 1489 314 SERMONES.
1898 254 1960 314 960

304 423 370 486 nisi
385 421 556 485 charitas)
570 419 873 498 Dequoloannesz
889 417 1102 479 Deusclrcrt·
1156 412 1244 490 ignis
1277 411 1414 476 malitiae
1445 413 1589 476 mentem
1625 411 1777 476 involvit.
1809 413 1959 475 amando
2022 437 2023 490 ι

305 523 501 595 rarescant
515 519 631 580 nccraet
646 520 683 579 ta
697 515 923 587 cmuciatu
936 518 1007 574 Deo
1021 528 1101 574 aaa·
1156 513 1259 572 Deum
1283 512 1397 574 nostra
1423 511 1460 574 in
1481 510 1577 572 nobis
1599 511 1688 572 mala
1710 511 1954 588 prosequimur,

304 620 374 691 oet,
392 620 425 680 et
438 621 510 694 tpse
524 620 561 678 tn
577 631 617 678 ao
632 613 768 694 (lJoau.
786 629 831 682 rr,
847 610 910 691 16).
926 614 1011 686 Ergo
1027 609 1103 687 qui·
1156 608 1323 684 diligendo
1337 610 1447 671 autem
1467 608 1666 686 proximum,
1683 608 1726 680 ei,
1743 609 1779 668 in
1794 625 1860 686 quo
1877 625 1954 685 pos·

306 731 447 793 cumque
474 715 546 776 vult
570 712 709 788 diligere
736 713 852 781 Deum,
879 707 951 770 vult
978 706 1102 768 habere
1158 723 1281 778 sumus,
1294 707 1451 783 prodesse
1461 704 1670 768 festinamus.
1682 707 1753 767 Nec
1765 707 1854 768 Deus
1868 707 1954 768 enim

305 813 511 876 charitatem.
528 807 685 872 Probatio
704 823 783 883 ergo
799 805 986 867 dilectionis
1001 803 1102 865 exbi-
1156 820 1237 866 vere
1252 805 1324 865 sine
1338 804 1502 880 proximo,
1514 819 1575 865 nec
1589 804 1772 880 proximus,
1786 819 1868 866 rere
1883 805 1959 866 dili-

304 911 386 972 bitio
401 911 452 972 est
465 907 586 986 operis.
604 905 697 968 Unde
711 907 857 966 loannes
877 903 912 964 in
934 901 1101 978 Epistola:
1158 902 1249 978 gitur
1262 902 1335 962 sine
1351 905 1428 962 Deo.
1444 902 1515 964 »st
1529 901 1695 962 Basilius:
1713 918 1731 962 ιι
1747 903 1961 979 Unaquaeque

306 1011 370 1076 out
397 1007 489 1078 dicit,
519 1007 600 1079 puto
619 1007 720 1078 dittpo
739 1004 860 1073 Deum,
887 1001 920 1062 et
939 999 1104 1062 mndata
1158 1001 1282 1072 anima,
1299 999 1537 1077 quantumlata
1549 998 1652 1062 tuerit
1664 999 1700 1060 in
1715 1015 1833 1061 amore
1848 1002 1963 1077 prori-
2022 1037 2023 1054 .

306 1109 381 1179 ejus
407 1101 660 1172 concustodes,
689 1102 843 1162 mendac
870 1098 922 1160 cst
952 1094 982 1175 (l
1004 1098 1102 1160 toan.
1159 1097 1215 1171 mi,
1241 1098 1369 1160 tantum
1395 1097 1460 1158 erit
1487 1096 1587 1158 altior
1614 1096 1650 1157 in
1675 1097 1868 1172 cognitione
1889 1099 1959 1159 Dei.
2022 1105 2023 1140 ³

306 1217 343 1276 11,
360 1200 405 1281 l).
489 1241 493 1250 -
1160 1196 1222 1267 Qui
1241 1195 1349 1270 diligit
1362 1195 1562 1272 proximum,
1582 1194 1619 1254 in
1641 1194 1885 1272 tranquillitate
1908 1197 1956 1256 est

346 1302 432 1360 Vere
447 1297 535 1358 enim
548 1295 729 1371 diligimus,
741 1293 771 1355 si
785 1293 941 1355 mandata
956 1293 1028 1370 ejus
1039 1306 1106 1354 ser·
1160 1292 1271 1354 anima
1293 1293 1326 1354 et
1346 1307 1404 1354 cor
1427 1295 1510 1369 ejus.
1530 1292 1724 1353 Proximum
1743 1307 1827 1354 vero
1845 1293 1961 1354 odiens

305 1409 434 1460 ramus.
448 1398 534 1456 Vere
553 1392 733 1468 diligimus,
760 1392 788 1453 si
808 1406 828 1451 a
845 1391 970 1454 nostris
985 1389 1105 1466 volup·
1162 1389 1355 1467 tempestate
1386 1389 1610 1452 circumdatus
1635 1390 1697 1452 est.
1734 1390 1811 1452 Non
1844 1390 1964 1466 poterit

306 1493 430 1556 tatibus
443 1507 504 1552 nos
520 1491 738 1552 coarctamus.
753 1489 839 1550 Nam
850 1489 907 1565 qni
922 1487 1031 1549 adbuc
1047 1503 1106 1563 per
1160 1489 1264 1548 Deum
1274 1487 1424 1562 diligere,
1433 1487 1843 1566 quinosciturinproximi
1850 1503 1963 1548 amore

307 1590 425 1652 illicita
438 1587 603 1649 desideria
618 1587 744 1659 defluit,
765 1585 911 1664 prolecto
931 1600 998 1646 non
1017 1585 1106 1645 amat
1161 1599 1285 1647 errare.
1302 1583 1690 1646 Discretionisbonorum
1704 1584 1838 1646 estnon
1854 1585 1964 1646 odisse

307 1686 493 1756 Dominum,
508 1685 585 1761 quia
609 1685 641 1744 ei
651 1684 686 1743 in
703 1698 764 1744 sua
787 1682 957 1745 voluntate
972 1681 1107 1744 contra·
1161 1697 1320 1760 personas
1332 1681 1389 1743 sed
1404 1681 1530 1759 culpas,
1554 1682 1588 1744 et
1601 1681 1692 1743 recta
1712 1698 1771 1759 pro
1786 1681 1884 1744 salsis
1896 1699 1964 1744 non

308 1784 398 1844 dicit.
416 1781 480 1843 Sed
508 1796 586 1843 ecce
609 1781 638 1840 si
664 1779 890 1856 unusquisque
908 1779 1049 1856 requirit
1063 1795 1106 1838 an
1161 1793 1330 1854 spernere,
1358 1776 1416 1838 sed
1445 1777 1597 1854 probare,
1630 1778 1720 1854 quia,
1743 1778 1773 1838 si
1794 1778 1965 1854 diligimus
2022 1781 2023 1788 ’

307 1879 426 1956 diligat
446 1881 562 1949 Deum,
578 1879 648 1938 tota
670 1875 791 1938 fiducia
810 1876 843 1937 et
859 1891 976 1938 secura
998 1873 1106 1938 mente
1161 1875 1350 1952 proximum
1364 1889 1545 1953 purgamus
1558 1874 1690 1936 oculum
1716 1875 1759 1936 ad
1784 1874 1965 1938 ridendum

307 1976 489 2054 respondit,
505 1979 618 2053 diligo.
1161 1974 1276 2035 Deum.
1293 1989 1311 2033 ι

347 2073 486 2135 Dilectio
506 2071 650 2150 proximi
671 2071 707 2132 in
728 2071 856 2132 duobus
884 2070 1045 2143 consistit,
1072 2070 1108 2132 ut
1202 2070 1359 2147 Sequitur
1375 2092 1382 2130 :
1396 2071 1443 2132 Et
1459 2071 1505 2132 ad
1519 2084 1599 2134 cum
1610 2073 1800 2142 veniemus,
1816 2071 1853 2132 et
1866 2086 1967 2132 incn-

307 2172 418 2233 omnia
438 2170 599 2232 faciamus
622 2169 685 2241 illi,
708 2184 782 2246 quae
802 2167 966 2239 volumus,
993 2168 1028 2229 ut
1049 2167 1108 2228 ille
1160 2171 1294 2230 etonem
1313 2171 1406 2243 apud
1426 2183 1505 2230 cum
1519 2171 1685 2244 smnus.
1701 2168 1882 2230 Sciendum
1903 2171 1963 2241 est,
2022 2199 2023 2252 r

306 2268 409 2330 iaciat
421 2267 527 2339 nobis,
544 2267 578 2328 et
588 2265 673 2326 nihil
689 2265 767 2327 mali
782 2265 944 2326 faciamus
955 2265 1007 2326 illi
1020 2264 1106 2342 quod
1162 2265 1250 2342 quod
1261 2265 1403 2342 quatuor
1417 2265 1523 2326 modis
1543 2265 1704 2327 Dominus
1727 2267 1821 2328 venit
1835 2266 1878 2328 ad
1892 2283 1962 2328 nos
2022 2253 2023 2256 '

307 2365 349 2426 ab
377 2365 435 2426 illo
464 2364 617 2426 nolumus
655 2363 735 2440 pati.
770 2363 864 2424 Unde
883 2361 1041 2424 Dominus
1072 2361 1107 2424 in
1162 2362 1276 2424 Primo
1295 2363 1328 2424 et
1350 2363 1465 2424 ultimo
1495 2362 1588 2424 venit
1608 2363 1729 2438 semel3
1759 2364 1909 2426 secundo
1930 2366 1964 2425 et

305 2463 515 2539 Evangelio:
541 2463 665 2524 Dmntc
689 2475 908 2534 monetque
934 2461 1037 2522 vultis
1068 2460 1108 2521 ut
1161 2459 1272 2532 tertie,
1287 2460 1380 2522 venit
1394 2475 1494 2536 saepe.
1515 2459 1627 2522 Primo
1641 2460 1734 2524 venit
1751 2460 1788 2521 in
1802 2461 1962 2522 mundum

306 2561 437 2636 saciant
460 2561 554 2622 vobis
578 2561 743 2630 homines,
772 2558 808 2619 et
833 2573 895 2620 cos
915 2558 1019 2632 socttc
1041 2560 1107 2619 tilis
1162 2558 1204 2619 ad
1218 2557 1494 2633 redemptionem
1510 2557 1627 2620 ultimo
1647 2558 1788 2620 venitin
1798 2558 1962 2635 judicium

308 2656 440 2736 (Mattb.
454 2673 512 2730 ru,
537 2655 601 2734 12).
618 2657 657 2718 ut
675 2655 711 2716 in
723 2653 826 2716 rabia
843 2675 850 2716 ι
867 2657 960 2722 Quod
974 2658 1015 2718 ab
1030 2657 1108 2718 attis
1161 2654 1204 2716 ad
1226 2653 1495 2730 retributionem
1518 2654 1663 2718 secundo
1686 2655 1780 2718 venit
1804 2655 1840 2716 in
1866 2672 1961 2717 men-

306 2759 423 2818 odero
436 2755 495 2816 ttbt
508 2755 687 2826 nastolae
697 2755 934 2827 neattccando
950 2753 1108 2827 tutcctcs
1161 2751 1228 2814 tem
1252 2751 1293 2812 ad
1319 2751 1633 2828 sanctificationem
1662 2753 1761 2815 tertio
1797 2755 1892 2815 venit
1923 2753 1963 2814 ad

308 2853 411 2914 atteri
435 2849 529 2929 (Tob.
554 2866 604 2923 ιι,
632 2848 696 2930 16).
721 2849 841 2912 Tribus
862 2851 974 2912 autem
1000 2849 1107 2912 modis
1162 2864 1297 2911 carnem
1324 2849 1459 2926 propter
1489 2849 1752 2912 dissolutionem.
1782 2852 1830 2911 De
1860 2851 1962 2928 primo
2022 2839 2023 2852 ¹

307 2948 496 3024 diligendus
511 2948 562 3009 est
571 2947 760 3024 proximus:
775 2947 961 3010 ministerio
974 2946 1108 3024 largita·
1162 2947 1312 3022 legitur:
1342 2947 1527 3010 Irrcltacoit
1550 2953 1652 3010 cretos
1677 2949 1712 3010 et
1737 2949 1913 3010 descendit
1932 2949 1963 3008 et

307 3045 362 3114 tis,
380 3043 613 3105 exhortatione
637 3043 807 3114 doctrinae,
824 3045 857 3104 et
875 3044 1023 3106 modesta
1038 3059 1109 3105 cor·
1161 3044 1254 3106 venit
1284 3044 1320 3105 iu
1355 3045 1486 3106 uterum
1522 3045 1680 3120 Virginis.
1717 3047 1764 3106 De
1788 3044 1907 3106 ultimo
1928 3045 1962 3104 in

307 3137 467 3199 rectione.
488 3137 674 3199 Ministerio
690 3137 865 3212 largitatis,
883 3139 1013 3214 quando
1029 3138 1109 3200 sub-
1162 3141 1365 3217 Evangelio:
1383 3145 1470 3204 Cum
1486 3142 1742 3204 consacratur
1757 3146 1908 3204 berniciis
1924 3146 1959 3204 in

306 3235 458 3296 venimus
473 3234 624 3312 proximo
646 3233 682 3295 in
702 3233 967 3306 necessitatibus,
980 3236 1010 3295 si
1024 3251 1109 3310 pau·
1162 3239 1345 3311 majestate
1367 3253 1433 3300 sua
1451 3238 1485 3300 ct
1506 3253 1626 3300 omnes
1647 3243 1762 3315 capeti
1787 3241 1865 3311 essm
1884 3254 1963 3300 cum

307 3347 368 3410 per
386 3332 446 3404 est,
463 3331 616 3394 donando
635 3331 890 3410 eleemosynam,
914 3332 1108 3408 siindigens
1162 3349 1202 3398 co
1230 3333 1363 3414 (Mattb.
1390 3351 1469 3408 xxv,
1499 3333 1564 3413 31).
1585 3337 1633 3396 De
1657 3334 1827 3396 secundo:
1854 3337 1901 3396 ut
1922 3339 1963 3398 ad
2022 3367 2023 3372 ι

308 3431 362 3492 est
375 3429 540 3506 adjutorio
561 3431 686 3501 nostro,
709 3429 899 3507 adjurando
918 3445 1005 3492 eum.
1022 3431 1108 3492 Nam
1163 3446 1242 3494 cum
1269 3435 1459 3506 veniemus,
1478 3433 1512 3493 ct
1531 3435 1748 3494 mansionem
1768 3435 1865 3506 apud
1889 3449 1965 3494 caro

307 3528 386 3591 sunt
398 3527 493 3589 multi
507 3527 562 3605 qui
574 3527 655 3588 solis
664 3525 775 3588 verbis
786 3525 930 3603 diligunt
938 3527 1107 3604 proximos
1162 3530 1329 3604 faciemus
1340 3528 1452 3606 (toan.
1467 3545 1536 3602 xrs,
1552 3527 1618 3609 23).
1636 3531 1683 3592 De
1697 3529 1794 3592 tertio
1808 3529 1965 3592 similiter

307 3643 397 3692 suos.
427 3626 521 3690 Unde
548 3626 694 3689 loannes
722 3623 758 3684 in
786 3624 956 3701 Epistola:
983 3629 1106 3699 Dtltott,
1162 3627 1197 3688 in
1212 3626 1415 3703 Evangelio:
1437 3629 1523 3690 Cum
1544 3627 1693 3700 venera,
1709 3627 1744 3688 ct
1760 3628 1963 3702 pasovaa,
2022 3647 2023 3672 ι

307 3741 377 3790 noa
403 3728 587 3800 diligamus
609 3725 724 3794 verbo,
759 3737 868 3796 necate
890 3725 1019 3798 lingua,
1046 3726 1107 3784 scd
1161 3725 1342 3798 confestim
1360 3725 1520 3800 operteat
1535 3728 1567 3785 et
1584 3722 1678 3804 (Luc.
1694 3739 1756 3797 ιιι,
1771 3724 1839 3801 36).
1856 3725 1963 3796 Venit,

307 3837 411 3898 opere
426 3825 459 3884 ct
473 3821 622 3883 veritate
639 3819 668 3900 (l
681 3822 778 3882 toan.
794 3834 845 3888 nr,
862 3819 925 3898 18).
942 3819 1108 3882 Exhorta-
1162 3822 1199 3883 ut
1212 3821 1360 3882 animam
1375 3837 1474 3899 quam
1491 3821 1592 3891 dedit,
1611 3821 1769 3899 accipiat;
1791 3821 1915 3899 pulsat,
1930 3823 1963 3882 ut

306 3921 399 3984 tione
413 3920 583 3989 doctrinm,
607 3916 969 3994 quandoadmonemus
991 3917 1108 3994 proxi-
1162 3935 1222 3995 per
1241 3919 1353 3980 carnis
1375 3919 1640 3982 molestationem
1661 3920 1802 3981 mortem
1819 3919 1964 3982 vicinam

307 4033 398 4078 mum
422 4017 571 4078 nostrum
588 4013 629 4074 ad
652 4028 735 4090 opus
757 4012 890 4076 bonum.
914 4013 1009 4077 Unde
1028 4014 1108 4076 dicit
1162 4017 1347 4078 annuntiet.

306 4114 424 4176 beatus
448 4112 628 4188 Gregorius
651 4132 659 4170 ι
684 4127 703 4171 ιι
725 4110 806 4171 Plus
830 4111 880 4174 est
903 4111 1045 4174 mentem
1071 4112 1107 4173 in
1157 4175 1159 4182 ,
1202 4116 1320 4176 Moneo
1333 4129 1392 4176 vos
1407 4129 1497 4190 ergo,
1515 4113 1646 4186 tratres,
1662 4113 1964 4178 sicsumitecibum

308 4213 469 4273 aeteruum
497 4208 661 4270 victuram
692 4207 820 4270 coelesti
848 4223 934 4285 pane
956 4208 1105 4278 reticere,
1160 4211 1273 4284 istum,
1295 4211 1333 4272 ut
1350 4210 1563 4286 reficiamini;
1586 4211 1634 4274 sic
1651 4212 1782 4288 gustate
1801 4215 1839 4274 ut
1858 4215 1963 4276 satie-

307 4323 407 4386 quam
439 4306 589 4367 ventrem
624 4304 795 4366 moriturae
829 4305 940 4366 carnis
974 4307 1107 4371 terreno
1161 4309 1260 4385 mini;
1277 4309 1327 4371 sic
1350 4309 1473 4380 audite,
1491 4310 1527 4370 ut
1540 4309 1752 4386 intelligatis;
1774 4310 1825 4372 sic
1842 4311 1967 4372 intelli-

307 4421 394 4483 pane
409 4403 542 4466 satiare.
558 4401 736 4464 »Modesta
746 4403 963 4476 correctione,
976 4404 1106 4481 quando
1161 4406 1280 4482 gite,ut
1288 4406 1481 4483 operemini.
1493 4405 1576 4479 Quid
1584 4406 1673 4468 enim
1680 4407 1815 4484 prodest
1824 4408 1867 4468 ad
1874 4425 1966 4470 men-

306 4501 458 4565 videntes
480 4499 669 4577 proximum
697 4500 847 4562 nostrum
873 4515 1022 4577 peccare,
1048 4519 1107 4565 se·
1162 4519 1234 4566 sam
1256 4502 1384 4566 deliciis
1403 4504 1535 4582 plenam
1556 4503 1760 4577 recumbere,
1776 4506 1866 4566 etde
1882 4505 1963 4582 ipsis

307 4599 399 4662 creto
421 4597 620 4675 corripimus
648 4613 735 4660 eum.
761 4597 854 4660 Unde
881 4599 1041 4662 Dominus
1071 4601 1107 4662 in
1162 4601 1291 4664 deliciis
1301 4601 1387 4662 nihil
1399 4600 1531 4678 penitus
1541 4601 1787 4676 degustaretEt
1796 4603 1878 4679 quid
1890 4619 1967 4680 pro-

307 4695 487 4773 Evnngelio
502 4715 509 4757 ι
525 4698 564 4757 St
577 4695 773 4769 peccaverit
786 4698 823 4757 tn
839 4696 871 4758 te
885 4697 1001 4771 frater
1014 4699 1105 4770 tuas,
1162 4698 1230 4760 licit
1249 4699 1291 4761 ad
1312 4713 1461 4760 mensam
1481 4713 1585 4760 sacrae
1602 4699 1782 4776 Scripturae
1807 4700 1965 4762 continue

305 4798 393 4858 cccc
407 4796 442 4858 et
450 4796 588 4867 corripe
607 4808 686 4856 eum
701 4794 795 4856 trater
810 4794 843 4856 te
870 4794 904 4856 ct
917 4798 1032 4870 ipsum
1045 4809 1107 4858 so·
1162 4797 1289 4868 sedere,
1306 4811 1404 4873 quam
1424 4795 1626 4873 praepararit
1642 4798 1731 4858 Deus
1750 4795 1968 4873 diligentibus

306 4898 378 4956 lum
393 4890 524 4970 (Mattb.
539 4905 636 4959 xv111,
651 4888 716 4970 15).
1162 4909 1208 4966 se,
1223 4893 1257 4954 et
1270 4909 1342 4955 eam
1357 4893 1527 4970 tamquam
1544 4893 1624 4956 lolia
1638 4893 1773 4955 assidue
1785 4897 1966 4968 ruminari,

348 4989 441 5051 Unde
455 4987 649 5050 Ambrosius
661 5004 699 5048 :s
714 4986 890 5050 Proximos
906 4989 1016 5051 autern
1028 4989 1107 5052 tunc
1161 4991 1309 5052 Diversis
1325 4990 1505 5066 scripturae
1521 4991 1694 5053 sententiis
1708 4991 1882 5064 delectari,
1898 5010 1970 5054 me-

307 5087 476 5164 diligimus
491 5085 577 5148 sicut
594 5099 667 5157 nos,
693 5084 957 5163 sinonpropter
971 5089 1106 5164 accepta
1162 5088 1321 5149 ditatione
1354 5088 1490 5149 assidua
1514 5088 1557 5149 ad
1580 5103 1638 5150 oor
1666 5088 1769 5150 altum
1792 5091 1967 5162 accedere,

305 5183 478 5254 beneficia,
494 5183 549 5244 vel
564 5184 707 5259 sperata,
728 5181 785 5242 sed
799 5183 1009 5260 propterhoc
1023 5186 1105 5246 tan·
1162 5185 1218 5246 ubi
1238 5185 1441 5248 exaltabitur
1461 5187 1559 5257 Deus,
1585 5185 1747 5264 parietem
1769 5186 1893 5249 litterae
1918 5190 1970 5250 lo-
2022 5215 2023 5264 ι

305 5280 476 5346 tummodo
500 5279 586 5357 quod
606 5279 684 5342 sunt
706 5281 835 5341 naturae
854 5281 978 5343 nostrae
1001 5283 1107 5358 parti-
1161 5283 1251 5356 dere,
1268 5284 1304 5345 ut
1316 5283 1357 5345 ad
1370 5283 1533 5345 interiora
1548 5284 1659 5346 valeat
1669 5283 1801 5346 animus
1812 5285 1967 5360 introire,

307 5395 376 5458 pes.
393 5377 545 5455 Acquirit
555 5376 655 5440 etiam
670 5377 786 5450 tilium,
798 5377 854 5438 cui
866 5377 983 5441 fratem
995 5381 1106 5457 acqui·
1162 5380 1360 5458 sapientiam
1381 5365 1528 5442 scribere
1553 5381 1588 5442 in
1610 5383 1759 5458 tempore
1773 5383 1967 5457 vacuitatis,
2022 5427 2023 5460 ι

307 5477 352 5538 rit
372 5492 512 5537 amor.»
533 5477 579 5538 De
603 5490 668 5552 quo
692 5490 805 5536 amore
829 5475 876 5538 ait
899 5477 1103 5553 Gregorius:
1161 5480 1194 5541 et
1213 5478 1382 5550 immorari
1405 5479 1482 5541 actu
1504 5478 1540 5540 ut
1565 5478 1728 5556 percipiat
1751 5479 1967 5556 sapientiam,

307 5575 434 5636 «Sicut
462 5573 549 5649 ignis
584 5572 707 5634 amoris
743 5574 886 5647 mentem
922 5573 1030 5650 erigit,
1059 5577 1105 5639 ita
1161 5575 1406 5639 ethaecomnia
1425 5577 1596 5662 tamqnam
1616 5577 1715 5638 liores
1734 5577 1767 5637 et
1787 5576 1870 5640 lolia
1887 5581 1969 5642 odo-
2022 5591 2023 5670 )
