4108 6418
115 293 183 352 185
651 291 809 384 QUlNTA
830 289 1095 352 COMPILATIO.
1120 292 1198 355 LIB.
1221 295 1246 352 Ι.
1675 278 1678 286 ’
1710 303 1766 362 186

113 451 277 512 sitionem
291 449 397 527 ipsam
411 449 448 510 in
463 448 611 526 ejusdem
627 447 823 511 monasterii
836 461 919 526 prae·
973 447 1118 512 cutberti
1133 450 1168 512 in
1190 449 1338 534 Colonia,
1356 452 1507 513 canonici
1532 455 1678 531 eJusdem
1704 461 1768 521 Ec-

109 547 283 624 judicium
303 549 337 609 et
346 562 527 622 gravamen
542 546 692 619 extincti,
709 547 744 609 et
758 562 818 623 per
832 561 919 610 eam·
972 543 1083 606 clesiae
1097 547 1253 609 electioni
1276 547 1330 609 die
1344 548 1482 625 praetiiia
1501 549 1542 612 de
1557 551 1767 628 praeficiendo

113 646 195 706 dem
220 645 326 722 ipsius
349 629 544 706 monasterii
566 643 751 720 privilegiis
773 643 917 719 deroga·
972 641 1035 703 sibi
1049 644 1227 720 praeposito
1242 644 1480 719 discordantes,
1505 649 1580 710 vota
1606 665 1665 710 sua
1681 651 1769 712 divi·
1834 686 1836 692 .

113 745 185 814 tui,
197 743 316 819 quibus
329 741 379 803 est
388 741 551 803 indultum
563 739 685 812 abbati,
695 742 729 802 et
740 740 917 802 conventui
972 739 1087 801 serunt
1114 740 1149 800 in
1178 739 1271 813 duos,
1302 757 1442 818 quorum
1468 759 1583 817 unum,
1612 746 1767 809 videlicet
2013 807 2020 816 ,

114 840 315 902 monasterii
331 854 418 916 saepe
434 837 524 911 dicti,
546 840 582 900 ut
595 839 723 915 possint
737 853 918 916 quemcuu-
971 837 1173 897 Hermanum
1189 837 1229 898 de
1243 837 1384 910 viliaco,
1405 839 1549 901 decanus
1560 841 1592 902 et
1604 843 1686 903 socii
1702 843 1765 916 sui;

114 953 184 1014 que
206 935 374 998 voluerint
389 952 559 997 assumere
574 935 786 1008 advocatum,
805 936 838 997 et
856 951 916 996 as·
971 932 1029 994 alii
1044 949 1124 994 iero
1142 933 1324 995 corradum
1339 935 1378 995 de
1394 935 1557 998 Bohardia
1570 937 1696 1012 colom,
1709 955 1769 1041 ca·

114 1035 288 1111 sumptum
314 1033 343 1093 si
366 1034 416 1094 eis
438 1033 551 1109 gravis
574 1032 627 1093 vel
649 1032 777 1093 inutilis
800 1031 914 1104 tuerit,
971 1030 1109 1091 nonicos
1124 1032 1339 1094 nominarunt
1356 1053 1363 1092 ε
1379 1049 1545 1111 quumque
1560 1036 1767 1111 postmodum

113 1145 312 1192 removere:
327 1131 414 1208 quod
429 1147 494 1192 non
507 1130 628 1208 poterit
639 1129 712 1190 lieri
726 1129 755 1189 si
768 1130 918 1191 serretur
970 1126 1161 1188 tractaturos
1177 1144 1277 1204 super
1300 1129 1462 1191 eloctione
1483 1132 1674 1208 hujusmodi
1688 1149 1768 1210 par-
1787 1213 1793 1227 Ι

114 1228 316 1306 compositio
343 1229 536 1289 memorata.
561 1229 670 1299 Quare
694 1241 793 1303 super
820 1226 916 1288 dictis
970 1223 1019 1284 tes
1035 1227 1145 1286 essent
1159 1225 1194 1285 in
1208 1227 1265 1286 tua
1279 1228 1456 1302 praesentia
1470 1229 1666 1302 constitutae,
1684 1231 1720 1291 in
1734 1233 1766 1294 te

114 1326 233 1387 causis
241 1325 451 1388 etnonnullis
464 1325 673 1396 aliis,coram
682 1324 776 1385 nobis
786 1339 918 1400 expres·
971 1319 1101 1380 demum
1128 1321 1192 1382 tide
1207 1323 1354 1398 praestita
1383 1325 1649 1401 compromittere
1668 1343 1767 1389 cura-

114 1425 179 1497 sis,
191 1421 390 1499 supplicavit
401 1422 575 1494 instanter,
587 1423 624 1484 ut
634 1421 740 1483 eidem
755 1420 918 1482 monaste·
970 1415 1100 1488 verunt,
1118 1415 1174 1492 qui
1199 1431 1308 1478 causae
1338 1419 1465 1480 melitis
1492 1419 1668 1494 diligenter
1695 1423 1768 1484 111³·

113 1522 172 1581 rio
195 1535 255 1598 per
270 1519 490 1581 restitutionis
504 1517 702 1580 beneficium
722 1533 917 1580 succurrere
971 1511 1074 1587 pectis
1092 1511 1125 1574 Ol
1139 1513 1279 1586 0081ῑὶὓῦ
1295 1513 1337 1573 ad
1358 1513 1528 1576 serendam
1556 1517 1766 1582 diffinitivam

115 1618 347 1694 dignaremur,
355 1618 436 1676 Cum
447 1616 549 1692 igitur
560 1615 777 1677 eeclesiarum
794 1615 919 1675 indem-
971 1608 1168 1669 sententiam
1183 1610 1270 1670 diem
1285 1609 1367 1686 ipsis
1382 1614 1666 1675 consentientibus
1678 1632 1768 1692 prae-

115 1713 292 1786 nitatibus,
305 1712 458 1788 exigente
473 1711 583 1774 debito
605 1711 775 1789 pastorali,
794 1727 916 1774 occur·
972 1703 1102 1766 fixisiit
1129 1706 1261 1766 interim
1287 1723 1366 1769 vor0
1394 1709 1532 1785 praefeio
1561 1713 1601 1771 H·
1629 1710 1670 1772 ab
1699 1729 1766 1776 una

115 1827 197 1872 rere
210 1813 391 1882 teneamur,
404 1809 917 1885 discr.r.mandamusquatenus
971 1802 1064 1878 parte
1086 1801 1190 1863 9]θῦῒο
1212 1803 1342 1865 8111)Ῑᾶῒο
1367 1805 1407 1866 (Ῑθ
1430 1805 1549 1879 medie
1566 1809 1766 1885 supradictis

115 1907 271 1986 partibus
290 1907 480 1968 convocatis
500 1908 533 1969 et
547 1907 724 1983 diligenter
737 1906 871 1977 auditis,
889 1905 918 1966 si
971 1899 1142 1959 canonicis
1156 1899 1309 1961 inhibere
1324 1902 1459 1975 curasti,
1477 1919 1519 1964 ne
1531 1904 1589 1966 tua
1603 1907 1766 1982 pendente

115 2003 317 2066 inveneritis
327 2018 387 2080 per
395 2003 744 2080 compositionem,seu
757 2003 918 2079 provisio·
972 1996 1136 2058 sententia
1153 1997 1388 2074 procederetur
1402 1998 1443 2060 ah
1458 2001 1539 2078 ipsis
1561 2002 1603 2062 ad
1631 2003 1768 2066 electio-

117 2119 198 2163 nem
209 2105 279 2179 jam
295 2101 417 2162 dictam
432 2100 572 2162 multum
586 2101 702 2161 laesum
713 2115 786 2161 esse
801 2115 918 2160 mona·
972 2109 1047 2154 nem
1062 2094 1163 2155 aliam
1188 2095 1373 2157 taciendam
1386 2119 1393 2172 3
1411 2113 1550 2174 quorum
1566 2100 1699 2175 quidam
1714 2101 1768 2161 ni-

117 2199 260 2260 sterium
274 2198 502 2270 memoratum,
517 2195 608 2269 illiid,
626 2213 700 2274 app.
721 2198 859 2269 remota,
881 2197 917 2256 in
972 2191 1152 2252 nilominus
1176 2195 1323 2253 Brunum
1348 2193 1387 2253 de
1411 2193 1523 2255 Abecb
1538 2195 1767 2258 coloniensem

116 2297 287 2372 integrum
302 2296 488 2367 restituere,
506 2295 592 2356 dicta
608 2294 844 2371 compositione
859 2309 919 2370 pe-
972 2289 1363 2364 03n0n10um91egerunt.
1380 2291 1533 2368 D1001'80
1547 2309 1610 2369 ί1110
1625 2295 1767 2372 ΡΓΟΥΘΓΡῙ

118 2394 213 2454 nitus
225 2392 380 2454 revocata
395 2393 529 2464 curetis,
544 2409 583 2453 ac
599 2392 731 2453 demum
743 2407 917 2468 processus
972 2386 1136 2448 sententia
1158 2387 1271 2450 debuit
1294 2388 1481 2450 constitutis
1495 2389 1531 2450 in
1546 2391 1602 2452 tua
1618 2408 1768 2468 praesen-

118 2490 298 2566 praedictos
311 2489 454 2562 faciatis,
468 2489 554 2550 sicut
560 2489 687 2569 justum
701 2487 801 2550 luerit
812 2487 919 2548 tirmi-
971 2484 1019 2545 tia
1035 2483 1194 2560 partibus,
1225 2485 1259 2545 et
1278 2483 1416 2561 praefato
1442 2487 1476 2546 G.
1502 2486 1539 2548 ut
1557 2487 1767 2551 diffinitivam

117 2589 174 2648 101·
189 2585 369 2648 observari,
972 2580 1138 2657 proferres
1174 2581 1373 2643 sententiam
1413 2584 1617 2659 postulante,
1660 2586 1767 2648 dictus

276 2689 277 2692 ¹
722 2676 724 2680 ’
973 2681 1103 2737 Brunus
1117 2693 1135 2737 e
1150 2678 1318 2739 contrario
1347 2679 1514 2755 allegavit,
1539 2682 1625 2757 quod
1649 2697 1768 2759 proce-

973 2773 1051 2834 dere
1066 2773 1205 2835 ulterius
1225 2791 1290 2837 non
1306 2774 1453 2837 deberes.
1468 2780 1673 2855 Quapropter
1688 2781 1765 2857 quid

334 2822 547 2912 TITULUS
575 2824 701 2910 XXIV
973 2886 992 2930 a
1006 2872 1040 2931 te
1054 2886 1153 2946 super
1168 2870 1230 2932 hoc
1245 2873 1333 2934 esset
1346 2873 1509 2949 agendum
1524 2874 1656 2936 edoceri
1671 2893 1691 2937 a
1704 2894 1767 2938 no·

972 2967 1023 3027 bis
1038 2967 1208 3028 humiliter
1221 2969 1395 3045 postulasti
1408 2991 1416 3045 ;
1444 2970 1485 3030 ad
1512 2973 1597 3047 quod
1611 2972 1672 3034 tibi
1690 2973 1769 3034 lire-

973 3064 1058 3125 viter
1071 3063 1319 3140 respondemus,
1344 3067 1430 3143 quod
1445 3067 1523 3130 licet
1537 3068 1710 3130 arbitrium
1724 3072 1768 3133 sit

973 3160 1101 3221 linitum
1117 3176 1176 3237 per
1201 3161 1340 3223 mortem
1365 3163 1472 3239 ipsius
1484 3167 1524 3225 H.
1549 3166 1642 3242 prius
1656 3168 1767 3229 tamen

973 3257 1013 3318 de
1028 3257 1143 3334 primae
1155 3258 1327 3320 electionis
1337 3260 1464 3321 meritis
1473 3261 1616 3324 debuisti
1627 3279 1768 3340 cognos-

376 3045 420 3089 nn
441 3041 598 3088 assirius
620 3024 664 3102 (1)

322 3216 583 3289 archiepiscopo
604 3215 716 3276 Coton.

973 3369 1059 3426 cere,
1077 3370 1175 3430 quain
1190 3371 1364 3431 processus
1378 3357 1473 3418 tieret
1486 3359 1528 3418 ad
1541 3360 1738 3422 sententiam
1755 3379 1763 3416 ε

433 3463 569 3524 CAPUT
591 3464 617 3521 1,
973 3466 1049 3509 nam
1072 3451 1101 3509 si
1115 3450 1199 3511 forte
1213 3451 1391 3527 predictus
1406 3455 1440 3512 G.
1457 3454 1514 3530 qui
1531 3455 1581 3516 est
1599 3458 1767 3532 superstes

973 3545 1009 3605 in
1024 3545 1184 3605 electione
1190 3549 1246 3622 jus
1261 3546 1371 3618 babet,
1384 3547 1425 3608 de
1439 3564 1504 3624 qua
1516 3553 1767 3628 compromissio

163 3661 214 3719 Ex
241 3657 335 3734 parte
363 3656 420 3718 tua
435 3654 558 3715 nostris
584 3653 634 3713 est
666 3651 803 3712 auribus
830 3652 920 3711 pelg—
974 3640 1060 3701 fecta
1082 3639 1193 3701 futtili
1208 3642 1251 3712 te,
1268 3643 1463 3702 electionem
1486 3644 1607 3706 faeiem
1622 3648 1766 3712 secundo

121 3759 205 3828 tuin,
229 3753 317 3830 quod
343 3751 482 3812 vacante
497 3749 716 3826 praepositura
746 3747 851 3808 sancti
868 3745 918 3827 (a)
974 3737 1104 3798 constet
1117 3735 1248 3812 ponitus
1263 3752 1328 3799 non
1343 3737 1455 3800 valere
1477 3737 1537 3819 (2).

124 3990 252 4064 prietatis
258 3986 394 4046 sceleste
403 3987 538 4052 ltom.,ut
549 3984 587 4042 ibi
598 3984 666 4041 dicit
677 3983 858 4042 Innocentius
867 3987 919 4054 lll,
974 3983 1079 4112 glossis
1090 3984 1118 4041 iii
1129 3982 1184 4042 boc
1198 3999 1262 4068 cap.
1273 3983 1347 4058 apud
1357 3987 1492 4112 (tragos,
1501 3993 1530 4044 et
1542 3988 1765 4074 concluditdnn·

124 4063 170 4118 rel
183 4075 271 4142 quum
286 4059 371 4115 simul
383 4071 447 4114 cnm
461 4057 630 4129 privilegiis,
644 4055 688 4112 vel
700 4054 825 4122 arbitrio,
837 4056 920 4112 luter·
994 4069 1040 4112 aiii
1056 4069 1121 4112 esse
1133 4062 1304 4112 sententiam
1320 4055 1355 4112 ab
1368 4071 1416 4113 arc
1438 4071 1582 4130 iepiscopo
1594 4060 1766 4128 Coloniensi,

124 4138 212 4190 cessit
228 4128 402 4202 praescriptio
419 4127 497 4199 longi
517 4127 663 4198 temporis,
677 4132 710 4182 ut
723 4124 859 4198 colligere
874 4125 921 4182 de·
974 4124 1050 4196 quod
1065 4133 1156 4182 morte
1171 4126 1287 4184 alterius
1301 4126 1384 4182 electi
1398 4141 1455 4183 non
1470 4128 1605 4200 procedet
1616 4129 1680 4203 jiire
1694 4145 1770 4188 com·

126 4203 228 4260 bemus
246 4214 282 4256 ex
295 4199 388 4274 glosa,
407 4197 436 4254 iii
451 4211 515 4268 cap.
537 4197 607 4253 Gisia
624 4196 701 4252 aliia.
718 4195 751 4251 ite
766 4197 919 4266 proscrip-
975 4194 1117 4268 promissi,
1134 4192 1186 4252 sed
1209 4195 1269 4267 iure
1294 4211 1357 4266 suo,
1378 4197 1442 4270 jure
1462 4197 1607 4267 ordinarii,
1624 4214 1687 4273 cap.
1705 4217 1769 4258 cum

127 4273 212 4329 tioiic.
974 4266 1212 4335 temperasset
1233 4280 1297 4338 cap.
1327 4268 1435 4339 penult.
1454 4269 1487 4324 de
1507 4270 1538 4326 in
1562 4269 1662 4341 integr.
1676 4273 1766 4332 restit.

164 4339 206 4414 (l)
215 4340 251 4399 Ge
261 4339 326 4396 titre
336 4346 379 4397 est
391 4337 418 4394 le
429 4336 478 4394 33θ
492 4335 527 4392 de
539 4333 567 4392 la
578 4335 744 4406 compilatio
748 4336 845 4406 primo
855 4341 883 4392 ct
895 4335 921 4392 le
976 4337 1037 4392 lmo
1050 4335 1210 4392 existimem
1224 4335 1379 4394 maximum
1402 4353 1466 4395 esse
1484 4338 1638 4396 discrimen
1650 4342 1723 4398 inter
1736 4343 1768 4399 li·

129 4413 179 4469 l30
193 4411 245 4467 des
258 4409 366 4466 De'crc't.
383 4406 593 4476 Gregorieniies.
974 4405 1113 4477 tigatores
1128 4407 1175 4476 qui
1190 4413 1289 4464 mutuo
1303 4421 1446 4465 consensu
1457 4412 1724 4483 compromiserunt,
1740 4420 1770 4470 et

165 4479 207 4554 (a)
223 4479 353 4536 ecclesie
364 4480 392 4536 s.
405 4477 540 4534 Gmterti'.
551 4476 596 4533 Sic
607 4475 682 4532 male
696 4474 773 4532 MSS.
789 4475 919 4543 Codices,
975 4475 1113 4532 electores
1128 4475 1201 4532 iiiior
1223 4490 1254 4532 se
1269 4475 1449 4547 dissidentes,
1470 4481 1534 4550 quia
1551 4479 1599 4538 liic
1617 4497 1673 4540 noii
1689 4499 1766 4556 quie-

128 4551 202 4608 beue
224 4547 401 4606 llaimundus
416 4547 570 4611 Guiiiterti.
592 4547 620 4602 S.
647 4544 825 4615 Cunibertus,
841 4547 858 4602 8
874 4561 919 4602 ar·
975 4547 1045 4625 ritur
1066 4544 1101 4602 de
1117 4553 1207 4602 morte
1227 4547 1405 4620 eligentium,
1421 4549 1472 4605 sed
1491 4552 1576 4606 unius
1596 4565 1632 4608 eii
1659 4553 1768 4623 electis,

128 4621 327 4693 cbiepiscopus
341 4617 565 4684 Coloniensisin
576 4615 703 4672 Ecclesia
720 4618 753 4673 D.
769 4615 924 4675 Clementis
975 4615 1021 4672 cui
1034 4629 1239 4688 Jusomnenon
1249 4619 1518 4689 estquaesitiim,sed
1529 4636 1617 4693 penos
1629 4623 1769 4680 electores

129 4706 214 4764 quam
227 4692 289 4762 ipse
304 4694 500 4746 construxerat
512 4694 590 4744 extra
606 4700 703 4741 muros
717 4686 849 4750 colonie,
867 4685 920 4742 ibi·
975 4693 1115 4755 remanet,
1135 4701 1256 4758 quorum
1270 4688 1390 4746 interest
1404 4692 1578 4758 examinare,
1595 4691 1680 4748 etiam
1698 4708 1770 4749 mor·

129 4777 184 4835 que
198 4760 353 4832 collegium
376 4757 494 4814 fratrum
518 4756 687 4824 instituerat,
708 4756 835 4827 sepultos
854 4754 921 4826 liiit;
976 4763 1024 4814 tuo
1043 4770 1101 4812 uno
1116 4756 1272 4825 exelectis,
1293 4772 1356 4829 qum
1371 4759 1472 4814 electio
1493 4761 1648 4832 prevalere
1668 4761 1770 4820 debeat

129 4845 265 4888 successu
278 4828 416 4901 temporis
428 4826 570 4886 fundatori
581 4825 674 4882 dicata
687 4832 740 4895 est,
754 4833 782 4882 et
793 4825 921 4883 Ecclesia
976 4833 1129 4898 antequam
1145 4825 1179 4882 ad
1195 4827 1280 4883 aliam
1296 4827 1474 4899 procedatur,
1485 4837 1521 4886 et
1535 4843 1572 4886 aii
1595 4829 1698 4888 electio
1719 4847 1766 4888 su-

129 4904 158 4959 S.
173 4899 315 4959 cuniberti
328 4904 437 4955 vocata.
977 4897 1100 4968 perstitis
1111 4898 1163 4953 rita
1178 4894 1305 4966 lactasti,
1322 4897 1386 4953 ideo
1398 4899 1640 4970 compromissarii
1655 4909 1768 4958 senten-

165 4972 275 5029 llortuo
287 4983 345 5026 imo
360 4983 394 5024 cii
408 4966 505 5024 electis
519 4963 602 5023 debet
617 4963 652 5022 ab
666 4963 770 5021 arbitro
785 4963 850 5022 terri
860 4981 923 5022 sen·
975 4967 1014 5023 tia
1027 4974 1070 5024 est
1084 4966 1285 5039 exspectanda,
1303 4967 1378 5038 quod
1389 4967 1558 5025 nominatim
1573 4972 1670 5028 statuit
1683 4973 1767 5028 Boni·

129 5043 229 5108 tentia,
244 5054 299 5098 nec
312 5038 348 5096 ad
362 5038 448 5095 aliam
462 5035 632 5093 electionem
649 5033 762 5106 procedi
778 5049 861 5107 posse
877 5035 924 5093 do·
976 5036 1066 5094 lacius
1081 5037 1109 5093 iii
1122 5039 1226 5119 capi,
1242 5041 1273 5092 ut
1289 5037 1488 5109 tttcpeiidaiite,
1505 5040 1533 5096 in
1546 5039 1572 5096 6.

129 5111 191 5168 linit
206 5109 356 5178 Honorius,
374 5105 449 5179 quod
465 5107 517 5164 'uri
529 5105 702 5163 contrarium
717 5105 838 5172 videtur,
854 5121 921 5178 quo,
1012 5107 1051 5179 (t)
1064 5106 1216 5164 Arbitrium
1226 5106 1321 5164 linitur
1335 5117 1528 5180 permortem.
1545 5111 1616 5166 Nam
1633 5112 1681 5184 qui
1692 5111 1767 5170 arbi·

130 5189 220 5239 morte
243 5181 328 5238 unius
354 5193 389 5236 ex
416 5175 651 5303 colitiffiatorihus
684 5177 921 5248 compromissum
975 5177 1059 5235 trium
1075 5177 1163 5250 eligit,
1187 5184 1236 5234 aut
1261 5177 1290 5235 in
1305 5178 1459 5250 quemdam
1482 5181 1644 5248 assentitur,
1661 5182 1769 5240 sivede

129 5252 247 5394 militiis
258 5247 582 5390 [thiatmallittissagribus
593 5315 766 5388 deportatur,
779 5318 824 5374 vel
839 5317 922 5374 bonis
976 5319 1091 5392 ligatur,
1107 5325 1156 5376 aut
1173 5319 1203 5374 iu
1222 5318 1276 5375 alia
1299 5333 1477 5402 quacumque
1503 5333 1543 5388 re,
1571 5319 1626 5378 boc
1641 5321 1706 5380 iacit
1724 5324 1767 5380 in·

129 5391 214 5458 cedit,
226 5405 313 5464 quum
327 5401 450 5460 nequeo
474 5401 532 5456 ere,
549 5401 641 5458 neque
659 5387 805 5444 conveniri
821 5387 920 5460 possit,
976 5389 1079 5446 intuitu
1099 5402 1238 5460 persone,
1264 5388 1292 5444 id
1313 5396 1358 5446 est
1384 5388 1491 5457 arbitri,
1517 5405 1610 5463 neque
1634 5393 1662 5450 iii
1682 5395 1768 5452 alium

123 5461 148 5519 l.
176 5463 253 5527 iterii,
277 5461 325 5527 ll,
359 5459 417 5515 eod.
447 5401 489 5514 igin
518 5456 555 5513 de
583 5458 719 5514 societate
746 5457 773 5512 iii
801 5457 815 5529 fi
843 5457 919 5515 diial.
974 5459 1035 5516 vult
1046 5458 1168 5542 transire
1180 5458 1303 5540 delatam
1319 5465 1500 5542 potestatem.
1521 5462 1600 5532 Quod
1611 5478 1710 5520 veiiim
1725 5474 1770 5524 est

130 5533 257 5589 inaltat.
289 5532 323 5586 de
354 5529 464 5596 societ,
484 5525 565 5598 Quod
591 5535 687 5584 moret
715 5526 921 5586 dubitationem
975 5530 1074 5597 etiam,
1095 5527 1508 5603 etmarbitronjudicedato.

530 5246 599 5315 nat,
624 5245 665 5316 ii,
688 5243 743 5302 boc
767 5245 823 5316 tit,
839 5248 921 5304 sicuti
975 5248 1024 5305 lite
1038 5246 1247 5320 componenda,
1265 5249 1325 5306 sire
1344 5247 1379 5306 de
1401 5251 1607 5322 compromisso
1621 5250 1769 5311 electionis
