4108 6418
929 259 1104 322 HONORII
1127 256 1171 318 III
1194 257 1342 318 OPERA.

560 502 774 639 strutus
810 503 888 590 vn

392 679 435 724 na
457 677 700 726 ansrtrurtoun
723 681 956 728 srontaroavu
978 665 1025 746 (1)

451 842 624 916 Burgensi
641 843 901 918 archiepiscopo
916 839 964 920 (a)

618 1047 753 1108 CAPUT
776 1048 821 1110 1..

354 1190 402 1249 Ex
417 1189 509 1266 parte
523 1203 598 1250 ven.
624 1187 646 1249 Ι.
671 1205 704 1250 u.
720 1187 823 1251 Tolet.
852 1185 1104 1265 archiepiscopi,

313 1288 346 1347 et
358 1283 574 1362 quorumdam
585 1284 871 1362 suffraganeorum
884 1301 1019 1348 suorum
1030 1299 1109 1344 nos-

312 1382 1108 1461 irisestauribusintimatum,quodcharissimus

312 1481 348 1542 in
377 1480 507 1542 Christo
539 1481 627 1541 iilius
659 1483 773 1544 noster
803 1480 944 1543 illustris
975 1477 1022 1559 (b)
1048 1495 1109 1540 rex

314 1577 476 1650 castellae,
490 1577 646 1640 dilectum
669 1578 774 1639 filium
796 1578 990 1653 magistrum
1008 1579 1044 1638 B.
1062 1574 1108 1658 (e)
1206 1629 1208 1634 .

315 1673 490 1749 segobien.
506 1674 657 1746 electum,
675 1674 748 1752 post
769 1675 964 1736 electionem
984 1675 1016 1736 et
1029 1689 1110 1735 oon-

315 1769 534 1832 firmationem
558 1771 673 1848 ipsine,
695 1771 834 1832 dicendo
855 1787 915 1848 pro
938 1770 1107 1854 ¹voluntate

314 1883 385 1940 sua,
409 1866 495 1946 quod
520 1866 569 1946 (d)
595 1884 669 1929 cum
695 1869 767 1945 ejns
789 1883 928 1929 assensu
951 1866 1029 1944 eligi
1051 1868 1110 1928 de·

312 1964 449 2037 buisset,
471 1965 662 2044 episcopatu
689 1965 862 2041 segobien.
879 1965 979 2027 entire
988 1966 1105 2041 coegit,

313 2063 346 2125 ei
359 2061 445 2124 bona
460 2062 670 2140 episcopatus
684 2062 831 2140 ejusdem
846 2062 932 2123 sicut
945 2061 1060 2134 voluit,
1077 2065 1109 2124 et

311 2158 427 2232 valuit,
444 2160 628 2236 occupavit.
651 2161 735 2232 Quia
754 2175 834 2222 vero
855 2161 1110 2238 quantumcum-

314 2274 379 2335 que
402 2274 513 2334 regern
539 2257 651 2334 ipsum·
674 2257 887 2319 affectuosius
918 2257 1106 2334 diligamus,

312 2353 395 2415 talia
410 2353 574 2414 sustinere
586 2369 653 2415 non
663 2369 849 2430 possumne,
859 2369 920 2415 nec
931 2353 1106 2414 debemus:

313 2450 460 2514 volentes
484 2467 583 2528 super
602 2451 665 2512 boc
684 2467 727 2511 ex
742 2450 851 2512 cilicio
866 2451 979 2513 nostro
992 2466 1110 2527 proce-

313 2547 402 2621 dere,
420 2548 500 2610 disc.
523 2565 555 2610 v.
572 2564 615 2608 m.
636 2549 797 2626 quatenus
820 2565 893 2609 cum
909 2563 975 2610 non
992 2549 1107 2626 possit,

218 2724 222 2732 ι
313 2661 374 2706 nec
393 2644 510 2708 debeat
524 2647 558 2707 in
570 2645 702 2724 judicio.
713 2645 911 2708 contendere
926 2645 1106 2722 spoliatus;

313 2758 413 2820 super
427 2742 577 2821 praedicti
598 2742 695 2804 electi
713 2742 875 2820 ejectione
890 2744 923 2805 et
936 2743 1109 2805 invasione

312 2856 424 2901 rerum
464 2841 672 2917 episcopatus
707 2841 812 2919 ipsius
847 2856 868 2900 a
903 2857 1109 2918 quocumque

312 2933 408 2997 iactis
423 2937 596 2998 veritatem
611 2937 752 2998 sollicite
773 2936 962 3013 inquiratis,
980 2937 1019 2997 de
1034 2939 1110 3015 qui-

312 3031 374 3093 bus
402 3032 431 3092 si
457 3031 550 3092 vobis
581 3033 781 3104 constiterit,
814 3033 937 3093 dictum
969 3032 1108 3095 electum

350 3178 390 3253 (i)
406 3182 444 3239 Ce
459 3181 523 3237 titre
536 3189 579 3237 est
593 3182 620 3238 le
637 3183 667 3238 9Θ
682 3180 756 3238 dela
773 3181 940 3253 Colapiietio
949 3182 1057 3252 prime,
1082 3183 1109 3240 le

314 3251 362 3308 13θ
377 3250 548 3308 desilierat.
566 3251 775 3322 Gre'poriennes.

348 3321 391 3395 (a)
405 3323 607 3392 Burdepelensi
618 3323 763 3392 Episcopo.
776 3321 943 3394 legendum
958 3325 1107 3396 burgensi,

313 3394 423 3464 burgos
442 3392 471 3448 in
490 3393 623 3461 castella,
638 3393 720 3466 cujus
733 3400 802 3450 tuuc
818 3393 1031 3464 tironenses,
1047 3397 1105 3452 Au-

313 3464 370 3536 gila
384 3461 530 3532 oriundus,
544 3465 695 3536 episcopus
710 3472 780 3521 erat.

348 3533 387 3607 (t)
404 3536 463 3590 lien
482 3535 619 3592 castelle.
646 3533 844 3592 Ferdlnaudus
863 3537 918 3606 lli,
940 3537 991 3610 qui
1010 3544 1107 3610 postea

312 3604 404 3663 dictus
419 3603 470 3662 luit
484 3613 609 3688 saucius.
875 3677 881 3690 Ι
953 3677 959 3690 ι
1070 3679 1076 3690 .

313 3675 900 3830 ..attestantiatttlitati
914 3693 1109 3821 sintita·

314 3831 405 3889 primo
427 3817 463 3873 ab
487 3819 534 3874 ilio
563 3818 663 3877 sindus
687 3833 780 3874 aversi
804 3817 897 3886 luere,
920 3834 1049 3891 praecoca
1071 3821 1109 3876 ati

314 3887 420 3945 artibus
432 3888 527 3945 alvari
542 3889 654 3946 comitis
671 3890 719 3961 qui
735 3904 791 3946 neu
811 3886 925 3946 favebat
949 3891 1020 3963 regi.
1076 3905 1106 3948 a·

313 3958 653 4033 rianallb.liil,cap.7.
708 3989 712 3996 ·

349 4029 389 4101 (d)
413 4030 483 4086 Cum
503 4031 563 4100 ejus
583 4045 709 4086 assensu.
733 4030 907 4087 Eiectiooern
928 4028 1035 4102 absque
1056 4045 1108 4087 suo

313 4113 455 4154 consensu
470 4100 596 4171 episcopi
621 4102 656 4155 Se
680 4100 806 4156 obtensis
826 4101 931 4156 irritant
956 4100 1108 4172 praetende·

312 4167 425 4248 batres
437 4169 575 4225 castellae.
591 4115 678 4236 QuoI
687 4170 733 4250 jas
748 4170 929 4241 desumptum
945 4178 988 4226 est
1003 4185 1038 4226 ex
1053 4171 1105 4227 im·

314 4251 392 4308 peno
413 4237 579 4307 Gothorum,
595 4238 642 4310 qui
656 4239 708 4294 sibi
723 4238 797 4296 batte
814 4239 977 4297 facultatem
995 4255 1110 4312 arroga-

314 4314 388 4374 runt,
402 4314 433 4363 ut
446 4316 557 4365 constat
576 4322 611 4364 et
625 4309 745 4365 concilio
761 4310 898 4366 Toletano
913 4311 977 4377 lili,
992 4326 1056 4368 ean.
1075 4312 1106 4368 s:

312 4377 426 4440 Placuit
439 4378 566 4434 omnibus
580 4379 759 4450 Pontificibus
774 4381 919 4450 litspeuioe
933 4385 957 4438 et
971 4382 1109 4439 datiane

313 4447 422 4509 licitum
437 4453 548 4504 nanneni
565 4449 694 4504 Toletano
706 4451 843 4522 pontifici,
859 4467 1034 4538 poemataque
1053 4455 1107 4508 eie·

311 4518 384 4588 perit
399 4517 502 4588 repetis
520 4523 643 4588 potestas
664 4521 814 4592 preficere.
830 4522 910 4591 Quod
925 4525 1108 4580 centumalus

312 4589 431 4645 coticiiio
446 4589 582 4645 Toletano
597 4591 678 4658 XVI,
692 4598 721 4646 et
734 4591 876 4664 plerisque
888 4594 951 4649 aliis
961 4594 1041 4650 iocis.
1052 4593 1107 4652 Sed

310 4658 358 4716 bic
379 4674 429 4718 rex
445 4659 573 4718 Castaliae
588 4659 756 4717 electionem
776 4661 830 4719 sibi
850 4678 906 4721 non
933 4663 1040 4733 deberi,
1057 4665 1108 4722 sed

311 4745 460 4787 assensum
482 4737 592 4788 tantum
614 4731 773 4800 contendit,
803 4733 878 4806 quod
902 4735 1052 4792 couilrmai
1079 4737 1107 4792 iu

308 4803 397 4859 Gallia
413 4809 493 4860 vetus
507 4801 660 4860 concilium
671 4804 832 4861 Parisieuse
844 4819 919 4862 auno
930 4805 993 4873 569,
1004 4821 1067 4863 can.
1078 4807 1105 4874 s,

308 4873 360 4929 sub
373 4871 552 4932 Citiideberto
570 4887 656 4946 rege:
670 4875 699 4932 Ν
702 4877 778 4931 stilus
792 4876 898 4932 ciuibus
915 4877 1013 4933 inuitis
1028 4878 1105 4933 ordi·

308 4945 1106 5016 neturepiscepus,nisiquempopuli‚eteierieerumeiee·

309 5015 350 5071 tio
358 5015 524 5084 plenissime
535 5017 686 5086 quesierit,
699 5019 842 5074 voluntate
851 5034 906 5074 non
913 5019 1052 5088 principis
1060 5019 1108 5074 im-

306 5087 395 5155 perio.
418 5086 526 5154 Quibus
541 5085 634 5143 verbis
657 5103 713 5144 uon
730 5088 932 5145 excludebatur
947 5089 1046 5146 reolus
1062 5105 1106 5146 as·

308 5170 419 5214 seusus.
436 5159 475 5214 lte
490 5170 525 5212 eo
541 5156 617 5212 litent
631 5166 738 5214 motam
753 5159 839 5216 luisse
855 5175 869 5215 a
886 5174 955 5232 rege
971 5129 1107 5217 lVavarrte

308 5235 420 5283 coastat
443 5227 517 5299 apud
543 5230 681 5284 innocent
699 5232 749 5296 iti,
767 5231 827 5287 Ltb.
843 5231 918 5298 XIV,
936 5232 1024 5302 Epist.
1043 5231 1105 5288 tra.

308 5299 341 5353 iu
356 5299 459 5370 Augila
475 5311 588 5370 quoque
606 5300 736 5371 primitus
751 5301 852 5357 electio
867 5302 1066 5373 episcoporum
1078 5309 1106 5358 et

309 5366 442 5424 abbatum
465 5369 550 5426 tiebat
575 5370 638 5426 siue
662 5370 782 5442 imperio
806 5373 899 5443 regis3
925 5379 1043 5444 apparet
1070 5385 1106 5429 ex

306 5438 427 5494 concilio
452 5438 671 5497 Becanoeldeusi
691 5441 743 5498 sub
765 5441 893 5500 wifredo
910 5457 979 5515 rege
994 5443 1103 5512 cantic,

1917 262 1986 320 ate
2014 231 2015 260 ³

1161 417 1347 498 spoliatum,
1365 415 1560 478 auctoritate
1585 417 1697 479 nostra
1719 418 1875 497 plenarie
1894 435 1984 481 res-

1160 516 1279 580 tituere
1294 531 1334 578 ac
1349 515 1537 578 restitutum
1554 513 1731 578 defendere
1745 519 1958 595 procuretis
1974 542 1981 577 :

1161 614 1323 691 pendente
1343 614 1455 675 tamen
1479 612 1700 675 restitutionis
1716 615 1877 685 articulo,
1899 633 1978 687 vos,

1161 727 1275 774 omnes
1296 712 1474 789 proventus
1495 711 1563 773 tam
1585 711 1816 789 percipiendos
1843 713 1892 774 de
1919 729 1981 774 ce-

1160 809 1243 882 tero,
1271 825 1369 887 quam
1395 809 1460 870 huc
1487 825 1603 886 usque.
1624 811 1797 888 perceptos
1830 811 1978 886 integre

1162 907 1336 982 colligatis,
1353 908 1386 969 et
1398 905 1502 967 electo
1517 905 1695 984 assignetis
1710 907 1831 969 eidem.

1383 1109 1595 1200 rivatus
1636 1112 1734 1200 VIII

1163 1305 1206 1352 nn
1223 1305 1265 1352 ao
1286 1305 1343 1362 our
1362 1305 1577 1352 utrumnam
1593 1305 1843 1353 rossnsston'nnr
1860 1307 1972 1352 caesi

1395 1401 1452 1448 aar
1474 1401 1658 1449 sanvatvnn
1680 1385 1728 1468 (2)

1361 1524 1622 1597 archiepiscopo
1635 1526 1758 1597 ibren.

1470 1727 1606 1800 CAPUT
1627 1731 1653 1791 1.

1203 1860 1328 1922 Dilecto
1343 1859 1411 1922 tilio
1427 1861 1468 1937 (e)
1483 1863 1513 1922 J.
1529 1859 1636 1922 Barbo
1656 1863 1873 1938 procuratore
1906 1867 1973 1926 Ee-

1164 1957 1274 2020 ciesiae
1289 1957 1395 2019 sancti
1416 1958 1521 2018 Marci
1536 1957 1577 2018 de
1591 1959 1739 2021 venetiis
1762 1955 1842 2021 olim
1865 1962 1967 2022 nobis

1164 2054 1333 2115 humiliter
1361 2054 1578 2131 supplicante,
1615 2056 1652 2119 ut
1685 2073 1787 2135 quum
1823 2059 1967 2136 paratus

1163 2153 1250 2213 esset
1260 2151 1321 2214 tibi
1329 2151 1468 2229 Justitiae
1481 2151 1719 2230 plenitudinem
1732 2155 1896 2217 exhibere
1914 2173 1966 2217 su·

1163 2265 1222 2327 per
1242 2247 1292 2329 (0
1313 2249 1453 2312 ecclesia
1477 2250 1583 2312 sancti
1610 2252 1715 2313 Marci
1738 2251 1778 2313 de
1802 2255 1911 2331 Tyra,
1936 2255 1968 2316 et

1162 2347 1261 2409 rebus
1283 2347 1358 2408 aliis
1383 2347 1423 2408 de
1444 2347 1562 2426 quibus
1586 2348 1674 2411 inter
1688 2350 1732 2421 te,
1748 2351 1781 2412 et
1800 2353 1962 2422 Venetos,

1163 2460 1202 2507 ac
1225 2444 1387 2532 vicarium
1406 2446 1606 2508 Venetorum
1628 2443 1685 2523 (p),
1707 2448 1848 2525 quaestio
1873 2451 1964 2509 mota

1163 2542 1235 2615 suit,
1252 2542 1493 2620 possessionem
1508 2542 1613 2620 ipsius
1628 2543 1789 2616 ecclesiae,
1808 2561 1883 2621 quae
1905 2561 1966 2622 per

1163 2639 1270 2701 felicis
1291 2639 1460 2700 memoriae
1481 2641 1506 2700 Ι.
1524 2643 1659 2717 Papam,
1683 2641 1964 2718 praedecessorem

1163 2736 1318 2800 nostrum»
1333 2736 1411 2809 tibi,
1423 2735 1485 2798 luit
1505 2735 1553 2817 (u)
1574 2753 1675 2800 causa
1695 2737 1855 2800 custodiae
1874 2741 1963 2800 assi-

1163 2837 1274 2912 gnata,
1291 2834 1355 2896 sibi
1378 2835 1509 2897 rest'tui
1523 2835 1719 2910 laceremus,
1743 2837 1821 2914 quia
1842 2838 1875 2899 te
1899 2855 1960 2915 pro

1164 2947 1265 2995 causa
1283 2933 1473 2993 necessaria
1494 2934 1572 2995 tune
1596 2932 1732 2996 absente
1748 2935 1779 2994 ei
1794 2936 1962 3011 assignari

1164 3045 1230 3091 non
1242 3028 1371 3106 poterat
1384 3030 1550 3106 possessio
1565 3016 1730 3107 postulata
1743 3053 1751 3092 s
1768 3033 1837 3093 Nos
1849 3033 1956 3094 eidem

1164 3179 1314 3250 imperium
1336 3195 1420 3251 repa.
1443 3179 1621 3238 Contrarium
1643 3187 1738 3238 autern
1761 3197 1870 3240 morem
1893 3184 1957 3241 liis·

1164 3252 1257 3379 faniae
1282 3250 1421 3308 damnant
1452 3250 1593 3318 historici,
1622 3258 1649 3311 et
1678 3254 1803 3310 maxime
1833 3255 1959 3312 Mariana

1174 3321 1211 3378 ib.
1228 3323 1331 3390 lllllV,
1347 3336 1410 3393 cap.
1428 3322 1471 3378 it.

1200 3391 1241 3466 (2)
1260 3393 1298 3451 Ge
1313 3393 1378 3449 titre
1392 3399 1436 3449 est
1449 3391 1475 3448 ie
1492 3392 1538 3447 tie
1560 3391 1595 3449 de
1617 3391 1643 3450 la
1666 3393 1845 3465 Compitalia,
1862 3396 1888 3452 le
1914 3397 1959 3452 iti

1163 3463 1336 3522 desilierat.
1352 3463 1562 3533 Griporienaes.
1664 3472 1671 3484 ·

1201 3534 1238 3617 (e)
1250 3537 1277 3590 Ι.
1287 3535 1390 3590 Beria.
1406 3533 1525 3590 illustris
1539 3540 1586 3590 est
1602 3532 1665 3590 haeo
1680 3533 1785 3592 tamilla
1801 3535 1958 3594 BarbaVe-

1164 3606 1258 3670 uetits,
1274 3611 1303 3662 et
1319 3619 1354 3661 ex
1369 3618 1402 3660 ea
1419 3603 1549 3676 prodiere
1560 3605 1734 3676 cardinales;
1760 3606 1811 3663 sed
1829 3609 1858 3663 in
1873 3609 1959 3664 Glire-

1163 3677 1226 3732 nice
1244 3676 1342 3733 Veneto
1366 3689 1423 3731 nou
1444 3675 1586 3732 iuvenitur
1600 3689 1705 3732 nomeu
1721 3675 1805 3750 hujus
1824 3692 1956 3750 procura·

1164 3748 1246 3813 toris,
1274 3753 1302 3803 et
1325 3747 1441 3830 ponitur
1463 3761 1598 3818 expresse
1623 3745 1675 3802 sub
1704 3748 1830 3804 Honorio
1863 3757 1958 3805 nostro

1164 3819 1270 3875 creatio
1281 3817 1404 3874 llatnerii
1418 3816 1537 3873 Danduii
1552 3819 1578 3872 iu
1590 3824 1804 3890 procuratorem
1819 3819 1846 3875 S.
1859 3819 1956 3876 lieret.

1200 3887 1237 3960 (s)
1253 3888 1408 3944 Ecclesiam
1422 3889 1449 3943 S.
1463 3888 1556 3945 Marci
1568 3889 1601 3942 de
1614 3887 1697 3960 Tyro.
1718 3891 1792 3946 Ante
1805 3889 1870 3961 Tyri
1880 3891 1955 3946 obsi·

1163 3958 1288 4025 dionem,
1311 3973 1375 4014 cirin
1403 3959 1520 4016 Venetis
1542 3958 1722 4015 Varinuudus
1747 3960 1865 4016 antistes
1890 3963 1955 4018 ilie-

1163 4029 1392 4101 rosolymitanus‚
1420 4029 1468 4154 (aui
1495 4027 1624 4085 Balduini
1654 4030 1732 4101 regis
1757 4030 1873 4087 nomine
1899 4046 1958 4088 rem

1163 4097 1422 4166 administrabant
1468 4097 1630 4171 hujusmodi
1653 4102 1858 4158 conventiones
1878 4101 1958 4159 deve

1164 4171 1218 4240 uit;
1243 4175 1274 4224 ut
1288 4170 1316 4224 iu
1331 4168 1464 4226 omnibus
1483 4171 1565 4240 regui
1588 4170 1837 4243 Hierosolymitaui
1857 4173 1955 4230 Antio-

1163 4239 1486 4312 elteniqueprincipotus
1496 4239 1613 4297 urbibus
1620 4242 1733 4310 prison
1743 4257 1835 4309 arem,
1842 4246 1957 4312 prieurs

1162 4311 1256 4367 vicum
1269 4325 1333 4366 eum
1349 4311 1415 4438 [10νο
1427 4314 1452 4366 et
1465 4311 1531 4379 ede,
1547 4311 1786 4383 maritumamque
1797 4317 1958 4383 potestatem

1162 4397 1225 4438 eum
1241 4381 1331 4437 deliis
1372 4382 1443 4438 eneti
1457 4381 1598 4438 taberent.
1612 4383 1786 4451 llspresstun
1805 4399 1909 4454 queam
1928 4391 1957 4442 ut

1166 4451 1244 4524 Tpri,
1255 4450 1280 4507 si
1292 4456 1448 4520 ceperant,
1462 4453 1577 4508 tertiam
1588 4457 1700 4522 perient
1717 4453 1811 4510 Veneti
1824 4461 1958 4524 perpetuu

1159 4523 1330 4592 possessione
1341 4522 1503 4590 retinerent,
1518 4537 1640 4593 earnque
1652 4521 1845 4580 conditionem
1863 4525 1957 4597 impie

1162 4601 1220 4650 tatn
1231 4589 1318 4649 luisse
1327 4591 1550 4650 altiustinianus
1561 4595 1696 4664 patricius
1706 4595 1954 4662 Venetusllistor.

1166 4665 1304 4730 Venetos„
1320 4661 1367 4718 lib.
1380 4665 1416 4729 li,
1432 4669 1461 4719 et
1476 4666 1525 4720 ill.
1542 4665 1584 4720 Ex
1596 4679 1652 4790 Han
1669 4665 1772 4736 conjici
1792 4672 1885 4736 potest
1901 4669 1952 4724 Ve-

1163 4741 1244 4791 netos
1259 4733 1287 4789 in
1301 4732 1374 4790 dieta
1387 4735 1501 4790 civitate
1516 4735 1580 4808 Tyri
1616 4736 1661 4792 ivo
1674 4749 1727 4792 suo
1741 4737 1851 4792 tutelari
1862 4737 1955 4794 Marco

1161 4803 1520 4872 ecciesiamcoustruxisse‚
1529 4812 1558 4861 et
1570 4803 1665 4862 lorsan
1678 4821 1791 4877 quoque
1798 4817 1956 4878 procurato

1162 4891 1221 4932 reru
1238 4877 1270 4932 D.
1285 4877 1371 4932 liarci
1386 4876 1566 4934 constituisse
1578 4875 1685 4933 dictum
1701 4875 1834 4950 Barbam,
1850 4877 1884 4934 de
1899 4894 1954 4951 quo

1162 4955 1257 5003 noster
1269 4947 1419 5004 Honorius.

1197 5017 1235 5088 (p)
1253 5017 1398 5076 Viceriutn
1416 5017 1590 5074 Venetorum.
1612 5019 1820 5091 Magistratum
1835 5019 1879 5076 cui
1892 5034 1954 5091 quo

1161 5089 1256 5145 tannis
1271 5087 1368 5160 regius
1384 5095 1506 5158 quaestor
1528 5085 1655 5162 (auctore
1670 5089 1771 5146 eodem
1784 5090 1951 5160 iustiniauo)

1161 5175 1196 5216 ex
1220 5159 1319 5214 serario
1338 5158 1595 5231 Hierosolymitano
1618 5175 1720 5218 aureos
1742 5175 1875 5218 nummos
1899 5167 1956 5216 tre·

1161 5238 1260 5286 centos
1276 5229 1464 5301 persolvebat.

1198 5300 1492 5374 (iidartseeustodia.
1518 5299 1650 5358 Custodia
1662 5297 1952 5359 reiservaudaeeausa

1160 5370 1196 5427 de
1211 5387 1265 5443 qua
1278 5369 1332 5426 hoc
1344 5385 1407 5444 cap.
1425 5386 1481 5426 tion
1497 5379 1605 5428 tanturn
1623 5370 1658 5427 ad
1674 5369 1864 5438 l1·uctus‚sive
1880 5373 1951 5430 redi·

1161 5450 1205 5499 tus
1216 5442 1351 5514 pertinen
1363 5441 1506 5498 sedetiam
1519 5441 1689 5514 adrchmen
1699 5442 1836 5514 spiritaie;
1849 5442 1954 5501 ethnae

308 5523 384 5564 auno
405 5509 467 5566 osi.
489 5511 542 5578 Qui
563 5512 666 5582 dipsas
689 5513 834 5570 inuenitur
863 5514 997 5584 eripitur,
1020 5529 1107 5584 mque
1160 5513 1301 5586 duplicem
1317 5526 1381 5568 esse
1396 5519 1517 5580 constat,
1534 5528 1620 5570 tinam
1641 5528 1705 5584 ttrite
1725 5513 1852 5584 patronis
1876 5513 1953 5572 debe·

308 5579 381 5634 enin
402 5580 434 5635 de
448 5579 500 5636 bre
517 5597 546 5636 re
559 5583 669 5654 eiipeii
689 5585 811 5655 pertinet
834 5585 872 5641 ad
894 5586 1045 5644 decretum.
1062 5586 1105 5641 oei
1161 5585 1424 5656 tenuitatemque
1439 5583 1603 5642 conceditur
1618 5583 1733 5640 ettiiibet
1753 5583 1796 5642 roi
1808 5585 1953 5644 servanda
