4078 6442
274 224 333 282 loe
897 216 1073 278 HONORII
1096 217 1140 278 111
1162 220 1312 280 OPERA.
1882 221 1947 278 dell
2007 221 2008 270 i

277 379 428 452 consilio,
445 378 478 439 el
498 377 599 439 totius
615 376 729 453 populi
746 377 912 450 mandato,
929 377 1073 439 militum
1099 368 1105 382 '
1129 379 1389 441 misericorditer
1399 377 1616 451 offerendum,
1630 378 1663 442 et
1676 379 1805 456 pariter
1817 379 1947 439 confe-

276 480 405 548 domuS,
422 476 455 538 et
471 475 704 547 mercatorum,
721 476 754 536 et
774 491 914 552 quorum
933 474 1073 538 facultas
1129 476 1268 538 rendum
1286 497 1293 536 :
1309 492 1370 538 nos
1389 476 1600 538 devotionem
1618 478 1652 538 et
1665 477 1757 553 pium
1773 478 1946 553 proposi·
2007 539 2008 568 ,

276 574 443 637 videbitur
464 572 631 634 sufficiens
653 572 694 632 ad
716 572 816 634 hoves
836 573 1017 645 habendos,
1034 573 1074 634 de
1129 575 1198 636 tum
1213 574 1361 651 ejusdem
1374 573 1496 636 nobilis
1511 574 1729 646 attendentes,
1741 575 1778 634 in
1793 574 1944 634 feudum
2007 571 2008 646 1

278 672 420 748 singulis
455 669 607 732 domibus
641 671 709 731 tres
742 669 897 732 denarios
928 671 1074 748 ejusdem
1130 670 1236 734 eidem
1260 671 1364 732 nobili
1386 673 1533 734 castrum
1557 673 1783 734 concessimus
1809 687 1944 747 supra—
2007 665 2008 694 ³

277 774 376 833 terrae
398 770 433 830 in
454 768 538 830 festo
555 768 644 830 beati
662 768 799 830 Martini
813 769 986 831 exsolvent
1000 769 1075 830 sin·
1130 769 1264 840 dictum,
1280 785 1338 846 pro
1354 785 1418 846 quo
1433 769 1535 845 ligius
1547 771 1580 832 et
1594 769 1692 831 homo
1707 771 1945 830 sacrosanctae

278 867 366 945 gulis
399 867 507 928 annis.
541 867 649 927 Ceteri
678 866 719 926 de
755 866 896 943 singulis
925 865 1076 928 domibus
1130 869 1288 928 Romana
1312 867 1470 929 Ecclesiae
1491 867 1524 929 et
1541 867 1741 944 Apostolicae
1765 867 1868 928 Sedis
1891 871 1945 926 est

215 963 219 971 '
279 981 381 1027 unum
393 964 578 1026 denarium.
592 965 631 1026 Et
643 963 731 1024 infra
742 965 876 1026 octavas
888 963 977 1026 beati
991 966 1077 1026 Mar·
1130 965 1236 1027 factus
1257 965 1380 1026 nobilis
1404 981 1493 1042 saepe
1514 966 1633 1028 dictus.
1654 967 1693 1026 nt
1716 965 1758 1026 ad
1781 965 1943 1041 ejnsdem

278 1065 340 1126 tini
360 1063 490 1124 solvent
510 1063 552 1134 ei,
570 1062 624 1122 cui
644 1064 814 1124 Romanus
830 1061 984 1124 Pontifex
1001 1065 1078 1140 jus·
1131 1065 1253 1124 nostrae
1273 1063 1498 1125 concessionis
1515 1063 1676 1124 indicium
1697 1063 1781 1124 duas
1801 1077 1945 1122 marcas

280 1161 371 1222 serit.
399 1159 558 1222 Consules
582 1175 672 1232 vero,
699 1159 756 1237 qui
782 1175 842 1237 per
861 1162 1011 1238 tempora
1030 1157 1077 1220 ibi
1131 1161 1260 1236 argenti
1270 1161 1375 1236 gratis
1387 1162 1492 1223 solvet
1505 1160 1790 1237 Sediltpostolicae
1802 1175 1945 1222 annua-

280 1257 533 1329 constituentur,
557 1258 749 1319 fidelitatem
766 1257 872 1330 vobis,
893 1259 1077 1336 vestrisque
1131 1260 1202 1321 tim.
1219 1260 1413 1335 Eapropter,
1425 1259 1538 1321 dilecti
1553 1259 1586 1319 in
1599 1259 1738 1320 Domino
1754 1259 1833 1330 filii,
1846 1261 1877 1334 ej
1885 1275 1945 1316 us-

280 1357 528 1419 successoribus
557 1356 646 1416 omni
680 1355 856 1417 occasione
884 1355 917 1417 et
945 1357 1080 1418 contra-
1133 1356 1206 1418 dem
1215 1356 1335 1419 nobilis
1339 1357 1440 1434 justis
1448 1357 1774 1434 precibusinclinati,
1785 1355 1942 1416 castrum

281 1455 425 1516 dictione
447 1454 584 1525 remota,
604 1453 775 1530 jurabunt.
797 1455 866 1515 Nos
889 1470 1019 1532 quoque
1038 1455 1078 1515 de
1133 1453 1252 1530 ipsum,
1268 1454 1303 1516 et
1323 1454 1499 1516 ecclesiam
1519 1454 1667 1532 ejusdem
1687 1453 1792 1514 castri
1805 1453 1846 1513 in
1867 1452 1943 1512 solo

280 1551 436 1612 mandato
449 1551 592 1612 aliorum
605 1551 776 1612 consulum
792 1552 824 1613 et
838 1550 951 1628 populi
966 1552 1080 1614 civita·
1133 1551 1222 1612 beati
1236 1551 1327 1612 Petri
1344 1551 1526 1624 fundatam,
1543 1566 1617 1627 quae
1631 1551 1759 1613 tantum
1776 1550 1820 1610 ad
1831 1553 1895 1626 jus
1911 1552 1943 1610 et

282 1649 336 1720 tis,
349 1649 443 1708 vohis
456 1647 649 1708 fidelitatem
664 1646 813 1720 femmae,
827 1649 859 1710 et
871 1651 1004 1710 nostras
1014 1665 1081 1712 ma·
1133 1649 1369 1726 proprietatem
1392 1648 1481 1710 beati
1505 1648 1596 1710 Petri
1619 1647 1831 1723 dignoscitur
1856 1663 1941 1722 per-

282 1763 357 1818 nus,
374 1746 452 1808 licet
475 1745 640 1821 indignas,
663 1745 751 1807 inter
770 1747 901 1807 vestras
921 1747 1081 1808 sacratis·
1133 1746 1252 1818 tinere,
1269 1745 1330 1808 sub
1351 1745 1440 1808 beati
1455 1747 1545 1807 Petri
1567 1747 1599 1808 et
1612 1745 1813 1822 Apostolicae
1841 1744 1941 1804 Sedis

283 1844 385 1904 simas
410 1859 529 1904 manus
561 1843 747 1914 mittentes,
772 1842 865 1906 robis
896 1843 1080 1906 hominium
1135 1844 1349 1920 protectione,
1362 1844 1572 1921 suscipimus,
1584 1845 1616 1906 et
1628 1843 1805 1920 praesentis
1818 1842 1940 1917 scripti

283 1940 431 2019 fecimus.
449 1942 488 2002 Et
502 1939 642 2017 populus
659 1941 769 2013 terrea,
786 1941 917 2018 quando
932 1957 1082 2002 commu·
1135 1941 1319 2018 patrocinio
1344 1942 1602 2017 communimus;
1627 1941 1815 2002 districtius
1840 1939 1939 2000 inhi-

282 2040 371 2100 uiter
386 2037 548 2116 jurabunt
569 2037 773 2111 consulibus
790 2039 932 2114 singulis
954 2039 1082 2101 scilicet
1135 2039 1310 2112 hostesne
1321 2041 1395 2118 quis
1410 2040 1584 2118 episcopus
1600 2038 1736 2100 seualle
1749 2038 1939 2100 ecclesias-

282 2136 448 2208 trienniis,
479 2136 565 2198 sicut
595 2136 808 2198 constitutum
834 2137 896 2208 est,
919 2136 1082 2213 jurabunt
1135 2138 1213 2210 tica,
1226 2137 1427 2202 secularisve
1441 2153 1595 2214 persona,
1611 2138 1646 2197 in
1660 2137 1776 2198 cadem
1792 2135 1940 2198 ecclesia

283 2235 409 2314 pariter
423 2236 456 2296 et
471 2237 619 2294 Romano
635 2233 799 2294 Pontifici.
1132 2235 1400 2312 jurisdictionem
1426 2235 1572 2312 aliquam
1594 2234 1642 2294 ihi
1664 2235 1792 2296 temere
1814 2233 1940 2294 audeat

324 2335 392 2408 Ego
412 2330 511 2393 Falco
530 2329 680 2392 notarius
695 2331 728 2392 et
748 2331 857 2392 scriba
873 2333 960 2393 sacri
975 2334 1083 2394 Bene-
1137 2347 1309 2410 usurpare.
1339 2333 1491 2394 Chrisma
1514 2349 1605 2405 rere,
1630 2331 1740 2394 oleum
1768 2333 1938 2399 sanctum,

284 2429 420 2491 rentani
435 2429 562 2507 palatii,
580 2429 642 2489 hoc
658 2428 827 2504 scriptum,
842 2429 921 2508 quia
933 2429 1080 2501 interlui,
1137 2431 1403 2493 consecrationes
1427 2431 1593 2502 altarium,
1615 2430 1844 2492 ordinationes
1865 2429 1940 2490 cle-

285 2528 416 2604 scripsi.
1137 2529 1293 2600 ricorum,
1309 2529 1367 2606 qui
1385 2528 1427 2590 ad
1441 2543 1555 2590 sacros
1568 2529 1702 2590 ordines
1717 2527 1845 2589 fuerint
1860 2543 1942 2602 pro-

326 2629 394 2700 Ego
409 2625 527 2686 Petrus
542 2628 743 2686 Serrncenus
758 2624 979 2688 senescalcus.
1138 2627 1301 2700 movendi,
1314 2641 1549 2704 aquocumque
1560 2626 1756 2697 malueritis,
1771 2624 1942 2700 suscipie-

325 2725 394 2798 Ego
409 2723 621 2783 Guiscardus.
1137 2725 1180 2788 tis
1199 2725 1357 2797 antistite,
1379 2725 1408 2786 si
1424 2723 1556 2801 qu1dem
1571 2724 1753 2786 catholicus
1774 2723 1889 2794 fuerit,
1908 2725 1941 2784 et

328 2823 396 2895 Ego
409 2821 528 2881 Petrus
542 2819 777 2880 Buticularius.
1139 2823 1401 2885 communionem
1421 2823 1641 2884 sacrosanctae
1661 2825 1820 2884 Romanae
1842 2821 1940 2880 Sedis

327 2920 395 2992 Ego
410 2916 600 2978 albertinus
613 2917 787 2978 ostiarius.
1139 2921 1302 2994 habuerit,
1319 2922 1352 2982 et
1366 2937 1406 2983 ea
1420 2921 1515 2983 vobis
1529 2920 1671 2982 voluerit
1683 2919 1756 2980 sine
1771 2919 1940 2995 pravitate

328 3015 396 3090 Ego
412 3013 565 3076 Albertus
578 3014 753 3075 ostiarius.
1139 3019 1251 3098 aliqua
1275 3018 1443 3081 exhihere.
1466 3019 1515 3080 Ad
1540 3019 1612 3080 lraec
1630 3016 1724 3079 vohis
1747 3019 1780 3078 et
1798 3032 1861 3094 per
1880 3033 1940 3078 ros

556 3184 563 3194 ,
1140 3118 1289 3180 ecclesiae
1304 3119 1435 3189 vestrae,
1449 3117 1620 3178 hominum
1630 3115 1779 3192 ejusdem
1792 3115 1896 3176 castri
1906 3117 1940 3175 et

327 3185 452 3246 Arercol.
468 3215 509 3229 -
524 3185 623 3244 Hrsce
638 3184 773 3246 accedat
792 3185 824 3246 et
845 3183 950 3245 altera
970 3183 1085 3248 charta
1140 3215 1373 3293 0333113‚qu⁰d
1398 3215 1544 3276 Lavadia
1565 3213 1749 3288 vulgariter
1763 3227 1940 3289 nuncupa,

287 3281 1085 3358 nondnmedita,complectensdonationemcastri
1139 3315 1203 3387 m„
1226 3313 1372 3376 decimas
1393 3313 1548 3374 duximus
1569 3309 1809 3382 concedendas,
1826 3311 1861 3370 et
1881 3325 1939 3370 eas

289 3380 454 3453 Losodica,
468 3395 566 3457 quarn
576 3379 655 3442 fecit
665 3380 737 3442 Otto
748 3380 789 3442 de
799 3383 919 3453 Rocca,
932 3381 1085 3460 princeps
1140 3411 1234 3473 vobis
1252 3410 1429 3486 legationis
1448 3408 1655 3480 auctoritate,
1672 3423 1738 3485 qua
1753 3407 1936 3482 fungimur,

287 3479 503 3550 Athenarum,
518 3479 653 3587 'sancta'
678 3479 835 3587 R0¹f¹³¹¹f³³
865 3479 1022 3540 E⁰⁰¹⁰⁵iae
1046 3494 1085 3539 ²¹⁰
1139 3509 1383 3582 confirmamus,
1395 3507 1429 3570 et
1442 3506 1616 3584 praesentis
1626 3505 1741 3582 scripti
1751 3504 1937 3581 patrocinio

286 3593 347 3654 pro
358 3591 396 3637 ea
413 3576 560 3651 Pelagro,
572 3575 752 3636 libanensi
764 3591 931 3652 episcopo,
945 3575 978 3638 et
991 3575 1085 3636 Sedis
1136 3607 1391 3670 communimus·
1408 3605 1501 3666 Nulli
1518 3619 1596 3680 ergo
1612 3603 1746 3664 omnino
1763 3602 1937 3663 hominum

287 3674 485 3751 Apostolicae
509 3673 618 3749 16113ῗο
639 3673 675 3734 ῘΠ
699 3673 844 3745 orient&
866 3673 952 3750 qu⁰d
973 3674 1084 3737 tamen
1139 3706 1239 3768 liceat
1261 3706 1349 3766 hanc
1367 3703 1523 3781 paginam
1548 3702 1671 3763 nostrae
1698 3700 1936 3772 concessionis,

287 3773 432 3834 castrum
448 3788 466 3832 e
481 3771 621 3846 vestigio
636 3771 742 3831 eidem
754 3769 910 3832 collatum
925 3771 975 3832 est
988 3769 1085 3831 titulo
1141 3801 1365 3879 protectionis,
1383 3799 1604 3871 inhibitionis,
1626 3799 1660 3861 et
1676 3797 1938 3859 confirmationis

288 3869 389 3940 feudi,
413 3869 590 3930 constituto
613 3881 715 3928 censu
736 3868 876 3975 {marum
898 3883 1085 3928 marcarum
1140 3899 1334 3976 infringere,
1350 3899 1404 3960 vel
1418 3899 1450 3959 ei
1465 3913 1550 3958 ausu
1563 3896 1743 3958 temerario
1757 3895 1936 3956 contraire.

288 3967 417 4042 argenti
431 3965 607 4042 quotannis
620 3964 777 4026 Ecclesiae
787 3965 944 4072 Romanae
957 3964 1087 4041 persol-
1141 3999 1177 4060 Si
1196 3998 1269 4075 quis
1288 3997 1399 4058 autem
1413 3996 1477 4058 hoc
1496 3996 1659 4059 attentare
1674 3993 1935 4070 praesumpserjl,

287 4063 405 4124 VOssdO·
442 4062 646 4171 Praefeffibat
679 4061 768 4164 hum,
802 4061 934 4122 ”mlum
970 4059 1085 4122 eadem
1139 4095 1401 4172 indignationem
1410 4091 1713 4170 omnipotentisDei
1723 4091 1936 4152 etbeatorum

288 4161 414 4269 charta,
428 4162 526 4220 ⁸¹⁰¹¹¹¹
537 4163 569 4220 et
580 4157 1087 4268 snbseque¹¹³‚ff³¹t⁰¹'³⁰⁰¹¹fifma'
1140 4193 1232 4256 Petri
1247 4196 1281 4257 et
1299 4192 1396 4256 Pauli
1409 4191 1640 4273 Apostolorum
1657 4191 1730 4266 ejus
1751 4203 1788 4250 se
1807 4189 1938 4249 nouerit

287 4259 385 4328 tona,
402 4271 483 4365 qrras
503 4270 521 4316 e
542 4256 675 4332 regesto
692 4257 805 4316 Cencu
823 4271 1000 4322 camerarn
1021 4256 1083 4319 de·
1140 4292 1363 4355 incursurum·

288 4369 445 4430 Pfflmpffl·
1179 4389 1297 4450 Datum
1311 4385 1504 4458 Scandahli,
1519 4388 1554 4448 ll
1573 4385 1734 4451 kalendas
1750 4386 1768 4446 J
1772 4384 1844 4455 ulii,
1861 4399 1937 4460 pon·

1138 4484 1283 4548 tilicatus
1304 4483 1430 4545 domini
1449 4481 1634 4546 innocentii
1653 4483 1754 4562 Papae
1776 4482 1833 4550 111,
1850 4495 1935 4540 anno

289 4545 418 4602 cellsus
449 4543 599 4601 deorsam
624 4554 827 4602 nazareorum
857 4543 995 4619 arpenti
1018 4557 1086 4618 pro
1139 4580 1448 4660 septimodecimo,

325 4640 441 4700 castro
462 4641 625 4699 Laccdtoe
649 4653 671 4698 a
693 4641 831 4701 domitto
854 4641 1082 4712 Athenarum,

326 4752 418 4799 ottilo
435 4737 523 4796 1214.
1140 4797 1366 4871 Confirmatio
1383 4796 1513 4856 dolatili
1537 4793 1731 4856 Intzoccntit
1752 4794 1811 4852 III
1829 4796 1935 4866 Peme

327 4887 482 4964 Pelagius
506 4887 720 4949 miseratione
744 4887 858 4949 divina
885 4886 1085 4948 albanensis
1178 4910 1286 4970 super
1298 4894 1515 4956 concessione
1528 4891 1636 4952 castri
1655 4893 1830 4957 Laccdioe,
1845 4891 1935 4963 sucta

286 4987 472 5064 episcopus,
484 4985 683 5062 apostoncae
695 4985 789 5046 sens
801 4983 1084 5060 locatus-dilectis
1176 5007 1243 5069 per
1264 4989 1614 5066 consentanearum
1635 4989 1773 5048 comen>
1787 4988 1936 5048 marlem-

285 5085 366 5145 llliis
379 5085 511 5145 clericis
528 5082 678 5145 ecclesiae
693 5083 794 5146 castri
810 5081 975 5154 Laradiae,
992 5080 1085 5144 salu·
1178 5087 1475 5161 rum,ann01215.

286 5185 353 5244 tem
368 5183 403 5242 in
418 5182 569 5243 Domino.

253 5286 257 5292 '
327 5283 432 5351 Quum
447 5279 568 5340 nobilis
583 5281 635 5341 vir
654 5280 727 5340 Otto
740 5277 781 5338 de
796 5279 916 5349 Rocca,
931 5275 1084 5338 dominus
1179 5267 1390 5330 Innocentius
1409 5265 1599 5342 episcopus,
1621 5277 1738 5323 8911115
1765 5277 1933 5322 servorum

255 5443 259 5448 ,
286 5378 501 5448 Athenarum,
523 5376 593 5438 zelo
613 5377 735 5436 divinae
757 5374 890 5452 pietatis
910 5389 1081 5446 accensus,
1139 5367 1210 5438 Dei,
1225 5364 1344 5427 dilecto
1358 5362 1426 5426 lilio
1441 5361 1543 5423 nobili
1555 5361 1627 5421 viro
1638 5360 1748 5422 Ottoni
1759 5359 1800 5420 de
1813 5361 1929 5429 Rocca,

289 5475 434 5535 castrum
449 5475 604 5536 Las-‘adies
616 5489 689 5535 cum
703 5471 912 5549 pertinentiis
927 5471 1008 5545 suis,
1023 5487 1085 5533 no-
1138 5465 1272 5527 domino
1285 5462 1501 5532 Athenarum,
1514 5459 1654 5520 salutem
1667 5457 1700 5518 et
1711 5457 1932 5534 apostolicam

288 5571 339 5634 bis
355 5572 488 5632 nomine
501 5575 658 5632 Romanae
673 5570 828 5631 Ecclesiae
841 5569 896 5646 pie
908 5569 1041 5633 duxerit
1053 5571 1085 5632 et
1138 5561 1413 5626 benedictionem.
