4076 6420
60 349 122 416 'tsi
442 349 486 411 ln
508 347 641 410 MEolo·
661 343 1016 421 QUADRAGESIME.
1038 344 1165 408 senil.
1185 341 1353 418 QUINTA.
1656 343 1721 404 782

60 509 206 577 Psalmo
240 529 250 572 ι
280 508 485 586 [siccitates
514 522 603 572 ntem
636 521 873 584 supergressae
924 503 1127 570 Malachiam
1140 503 1505 584 prophetamzAtortu
1518 503 1599 568 sotis
1611 516 1718 578 uscue

59 605 505 687 suntcaputmecm,(1³s.
525 621 657 680 xxxvn,
676 603 722 685 5),
745 603 873 667 scilicet
925 605 1151 675 cccccccccc,
1164 617 1329 680 mearum
1341 601 1395 664 est
1408 613 1533 662 nomen
1549 613 1667 662 mecm
1680 599 1719 662 tn

60 707 229 770 mentem.
260 704 351 778 Quod
366 705 487 768 dicitur
513 704 664 776 mortale,
679 701 756 781 quia
771 701 873 764 eflicit
924 701 1081 777 centrum
1096 697 1253 779 (Malach.
1266 713 1289 773 1,
1300 697 1363 778 11).
1377 696 1471 762 Unde
1481 695 1598 774 ipsein
1610 698 1722 758 Eran-

59 806 219 884 animam
239 804 375 882 dignam
401 816 506 865 morte
525 803 661 866 aeterna.
678 804 872 878 Quanquam
925 798 1012 875 gelio
1036 798 1078 859 ad
1102 797 1236 860 Judaeos
1253 812 1262 852 ε
1280 800 1368 858 Ecce
1389 794 1605 868 relinquetur
1627 795 1721 854 cocte

59 903 173 980 possit
188 901 263 962 dici
272 899 423 973 mortale,
440 899 517 979 quia
531 900 677 961 animam
691 897 798 976 ipsam
810 913 871 958 oc·
926 898 1046 958 domus
1059 896 1177 958 cestro
1188 894 1326 957 deserto
1336 891 1430 973 (Luc.
1441 907 1516 965 1111,
1530 890 1597 970 35).
1608 892 1649 951 Et
1661 905 1720 968 per

59 999 146 1064 cidit
160 998 197 1062 et
212 999 382 1062 mortuam
395 996 485 1060 iacit
502 999 587 1060 Nam
597 996 683 1059 sicut
697 995 808 1056 anima
820 994 873 1057 est
925 993 1103 1061 teremiam
1120 1014 1128 1054 ε
1143 994 1276 1068 necteus
1298 993 1437 1052 wmum
1456 1005 1582 1061 mecm,
1603 989 1722 1052 dimisi

57 1098 131 1160 vita
139 1097 314 1175 corporis,
325 1095 577 1174 eteascparata,
588 1108 706 1172 corpus
719 1092 870 1168 moritur,
925 1091 1164 1154 nereditatem
1177 1104 1292 1153 mecm
1306 1085 1442 1168 (ierem.
1457 1103 1518 1160 ιιι,
1540 1084 1587 1166 7).

58 1196 230 1268 sicDeus,
249 1193 305 1257 vel
323 1192 432 1270 gratia
450 1194 524 1272 ejus
538 1192 589 1254 est
608 1190 678 1254 vita
692 1189 823 1262 animae,
840 1189 873 1252 et
967 1187 1349 1265 SequiturzEttntractt
1361 1185 1718 1246 tndemcncsimonts.

58 1290 231 1371 quamdiu
246 1289 322 1369 ipse
343 1292 395 1356 est
416 1289 453 1353 in
480 1305 520 1352 ea
546 1304 605 1368 per
618 1288 772 1367 gratiam
788 1286 873 1348 vivit
925 1288 1048 1348 Domus
1063 1285 1207 1347 Simonis
1233 1285 1282 1347 est
1305 1284 1420 1345 sancta
1446 1282 1594 1344 Ecclesia
1622 1279 1719 1345 heato

58 1389 192 1454 anima.
210 1390 262 1451 Ec
276 1389 388 1450 autem
402 1387 567 1466 separato,
588 1385 700 1448 anima
718 1384 869 1456 moritur,
926 1385 1024 1446 Petro
1048 1383 1236 1455 commissa,
1263 1381 1395 1459 quando
1420 1379 1506 1443 (lixit
1528 1379 1584 1441 ei:
1606 1381 1655 1442 ru
1682 1393 1720 1441 es

59 1487 154 1566 quod
175 1486 217 1548 nt
244 1501 307 1564 per
327 1484 496 1564 quodlibet
520 1484 672 1548 mortale.
702 1482 780 1546 Sod'
794 1481 872 1560 quia
925 1482 1066 1550 Petrus,
1093 1481 1128 1558 et
1151 1494 1259 1555 super
1278 1483 1367 1542 lianc
1382 1479 1523 1554 petrem
1546 1477 1720 1548 aedificabo

58 1585 178 1664 justus
197 1584 243 1646 de
259 1583 324 1646 tide
338 1582 421 1646 vivit
435 1598 474 1646 eo
497 1582 584 1661 quod
602 1580 807 1660 impossihile
821 1580 872 1640 ost
924 1581 1115 1642 Ecclesiam
1140 1593 1256 1640 meam
1273 1573 1407 1655 (Matth.
1427 1591 1499 1648 xvr,
1523 1573 1588 1653 18).
1614 1576 1722 1652 Super

62 1683 140 1744 sine
156 1681 228 1744 ilde
242 1682 375 1760 placere
389 1683 469 1753 Deo,
496 1695 586 1742 mors
609 1679 729 1742 animae
750 1677 872 1740 dicitur
925 1676 1011 1738 hanc
1024 1677 1162 1755 petram,
1179 1674 1274 1747 idest,
1302 1689 1403 1750 supra
1413 1673 1512 1736 istam
1522 1671 1599 1734 fidei
1614 1670 1722 1732 tirmi-

59 1779 303 1852 incredulitas,
320 1793 380 1840 seu
393 1777 583 1852 infidelitas,
605 1776 692 1838 sicut
703 1777 785 1838 tides
802 1774 872 1837 vita
925 1774 1038 1846 tatem,
1053 1788 1117 1850 qua
1133 1771 1304 1834 consessus
1325 1787 1361 1833 es
1376 1785 1517 1834 maesse
1539 1769 1645 1832 tilium
1659 1767 1721 1832 Dei

60 1877 184 1954 ipsius,
201 1891 280 1954 quae
292 1875 403 1938 tamen
418 1876 490 1952 ipsa
510 1873 584 1936 sine
600 1873 754 1952 operibus
778 1887 872 1934 mor·
924 1871 1004 1944 vivi,
1033 1870 1111 1948 quia
1137 1885 1215 1932 caro
1244 1870 1277 1931 et
1303 1869 1441 1945 sanguis
1471 1883 1539 1930 non
1559 1865 1723 1929 revelavit

60 1973 120 2035 tua
149 1975 217 2035 est.
251 1972 291 2034 Et
316 1971 497 2034 secundum
530 1970 594 2034 hoc
619 1970 687 2031 alia
716 1969 871 2032 mortalia
924 1967 996 2040 tihi,
1013 1967 1071 2028 sed
1085 1968 1185 2030 Pater
1199 1982 1292 2028 meus
1307 1965 1363 2044 qui
1377 1966 1428 2027 est
1450 1965 1486 2026 in
1507 1963 1611 2026 coelis.
1631 1966 1720 2026 Caro

59 2070 209 2148 possunt
223 2068 368 2145 intelligi
381 2069 501 2129 animm
515 2067 735 2130 infirmitates.
925 2067 959 2128 et
979 2069 1133 2144 sanguis,
1147 2065 1243 2135 idest,
1265 2063 1416 2126 homines
1436 2061 1506 2123 nati
1520 2077 1563 2122 ex
1575 2075 1676 2122 carne
1688 2057 1724 2122 ct

103 2169 193 2229 Item
208 2189 217 2227 ι
234 2166 403 2228 surremit
421 2169 522 2228 Jcscs
534 2168 577 2228 cte
586 2179 761 2242 synagoga
775 2163 872 2227 citn—
926 2163 1088 2240 sanguine
1102 2177 1168 2223 non
1183 2159 1415 2222 revelaverunt
1430 2159 1501 2222 tibi.
1517 2158 1578 2220 Vel
1591 2171 1674 2219 caro
1686 2156 1721 2218 et

62 2264 243 2326 travitin
265 2266 404 2324 domum
426 2263 588 2325 sicconis.
611 2264 676 2324 Per
697 2262 760 2322 hoc
784 2259 871 2338 quod
925 2263 1078 2337 saecuta,
1094 2259 1180 2321 idest
1201 2255 1319 2320 scriba
1339 2257 1373 2318 et
1395 2256 1558 2319 Pharisaei
1578 2255 1619 2318 de
1637 2269 1723 2332 quo*

61 2360 221 2423 surrexit
246 2360 287 2422 de
306 2375 476 2438 synagoga
490 2361 524 2420 at
535 2357 673 2422 intrarit
687 2358 724 2418 in
738 2357 871 2419 domum
924 2371 998 2417 rum
1009 2370 1109 2417 carne
1122 2355 1154 2416 et
1168 2355 1330 2431 sanguine
1347 2357 1385 2417 tu
1398 2351 1604 2424 exiistivel,
1619 2365 1721 2429 super

65 2459 236 2530 Simonis,
253 2457 462 2535 significatur
482 2455 568 2534 quod
589 2453 726 2532 reliquit
736 2456 756 2518 J
759 2453 871 2516 udaeos
924 2452 1011 2514 hanc
1025 2452 1164 2530 petram,
1177 2452 1273 2526 idest,
1288 2470 1388 2532 super
1398 2469 1450 2514 me
1461 2452 1517 2530 qui
1528 2466 1600 2512 sum
1613 2453 1719 2527 petra,

62 2556 97 2616 et
110 2555 257 2617 transiit
269 2555 311 2616 ad
325 2554 483 2626 Gentiles,
499 2552 587 2614 sicut
598 2552 739 2628 legimus
753 2551 788 2612 in
800 2553 869 2614 Ac·
924 2548 1019 2624 idest,
1036 2549 1166 2612 stabilis
1178 2551 1211 2614 et
1225 2549 1331 2624 tortis,
1343 2552 1431 2614 sicut
1443 2551 1523 2611 dicit
1529 2546 1718 2626 Apostolum

61 2651 155 2714 tibus
166 2651 418 2728 Apostolorum,
432 2649 564 2728 quando
582 2647 691 2710 iudaei
704 2647 870 2726 persecuti
923 2647 1035 2710 Petra
1061 2649 1179 2710 autem
1206 2649 1285 2712 erat
1312 2650 1468 2714 curetas
1492 2645 1607 2727 (icor.
1622 2660 1657 2717 x,
1674 2642 1720 2724 1).

63 2750 143 2810 sunt
157 2747 352 2826 Apostolos,
369 2745 402 2808 et
424 2745 607 2808 credentes.
633 2746 704 2818 Quo
723 2743 870 2820 tempore
923 2745 1111 2817 AEotflcaco
1138 2749 1327 2808 Ecclesiam
1351 2761 1466 2809 mecm
1490 2745 1525 2808 ct
1552 2745 1612 2806 ttit
1636 2744 1722 2804 caio

63 2844 210 2920 scierunt
237 2842 388 2921 Apostoli
413 2841 587 2918 flagellati,
620 2842 653 2903 et
685 2841 870 2919 Stephanus
923 2847 1035 2904 cicccc
1048 2846 1338 2920 regntcoeiorum,
1353 2844 1388 2906 ct
1403 2846 1634 2918 quodcumque
1654 2843 1722 2901 sol*

63 2940 255 3018 lapidatus
270 2939 349 3002 tunc
372 2938 460 3001 iacta
474 2939 538 3001 luit
550 2939 736 3016 persecutio
748 2954 870 3016 magna
923 2943 1018 3002 veris
1042 2940 1112 3002 ertt
1135 2941 1296 3014 solatum,
1318 2941 1352 3004 et
1377 2944 1608 3015 quodcumque
1633 2941 1723 3014 ticc-

65 3039 102 3100 in
118 3036 275 3100 Ecclesia
299 3035 333 3098 et
353 3051 467 3097 omnes
490 3035 632 3113 dispersi
651 3036 797 3112 suntper
810 3051 869 3096 re·
923 3039 1019 3100 veris
1046 3037 1116 3098 ertt
1146 3038 1292 3113 ligatum
1317 3035 1449 3117 (liciti.
1476 3051 1545 3108 xvr,
1574 3036 1622 3108 18,
1653 3031 1719 3114 19).

66 3136 188 3211 gionm
203 3136 328 3210 praeter
350 3132 537 3210 Apostolos.
550 3136 642 3194 Tunc
655 3132 803 3209 Apostoli
818 3132 870 3193 di·
924 3135 1041 3196 Posset
1068 3133 1170 3195 etiam
1196 3133 1265 3195 dici
1285 3134 1372 3212 qued
1394 3135 1520 3208 Simon,
1536 3132 1594 3211 qui
1615 3132 1721 3195 inter-

68 3233 198 3294 xerunt
206 3229 387 3294 adiudaeos
400 3251 407 3290 ι
422 3233 519 3292 Vobis
528 3230 706 3316 oportebat
711 3233 871 3305 primum
923 3230 1074 3307 pretatur
1106 3229 1285 3306 obediens,
1316 3231 1484 3309 significat
1515 3229 1717 3302 Ecclesiam,

65 3333 159 3404 locut
171 3330 319 3390 cereum
339 3329 414 3399 Dei,
438 3329 499 3389 sed
523 3330 686 3404 queniam
705 3327 872 3402 repellitis
923 3327 1021 3402 idest,
1035 3329 1325 3404 congregationem
1340 3329 1498 3402 fidelium,
1510 3329 1625 3406 doque
1640 3326 1722 3395 dicit

66 3427 150 3488 illuc
186 3427 223 3488 et
251 3426 408 3502 indignos
439 3438 499 3485 vos
523 3425 692 3498 judicatis
728 3425 871 3486 aterne
924 3424 1165 3501 Evangelium:
1185 3427 1322 3488 unacco
1343 3427 1406 3487 cut
1420 3427 1494 3488 tres
1520 3424 1722 3502 concrescit

68 3522 161 3595 ottae,
185 3537 264 3585 ecce
284 3519 803 3596 convertrmcrccpectesmoc
820 3519 872 3581 est
923 3521 1056 3596 marici
1080 3523 1118 3582 in
1140 3525 1279 3583 nomine
1310 3537 1398 3594 meo,
1414 3526 1452 3584 tn
1465 3524 1576 3584 medio
1599 3535 1722 3587 eorum

68 3620 393 3684 surremitlesnsae
417 3630 593 3692 senopem
606 3616 641 3678 et
654 3614 872 3678 intracttcio-
923 3613 1339 3696 emplastraturus).
1356 3617 1397 3680 Et
1414 3616 1543 3689 merito,
1559 3614 1639 3694 quia
1653 3617 1720 3676 Ec·

68 3729 167 3778 mum
200 3718 373 3786 Simonis,
409 3711 489 3790 quia
513 3711 649 3791 reliquit
680 3712 813 3776 Judaecs
838 3715 871 3775 et
925 3712 1028 3775 clesia
1051 3711 1137 3774 bene
1150 3713 1203 3776 est
1225 3713 1383 3776 obediens
1406 3713 1556 3787 Domino,
1572 3712 1608 3776 et
1624 3727 1723 3776 man-

68 3811 208 3876 transiit
229 3811 271 3874 ad
297 3812 431 3890 Gentes,
452 3809 546 3872 Unde
567 3809 708 3886 legimus
729 3809 765 3870 in
784 3808 870 3872 libro
924 3809 1010 3872 datis
1026 3811 1232 3889 eiusservat.
1251 3811 1345 3875 Unde
1370 3798 1530 3876 Itominus
1550 3810 1586 3872 in
1610 3811 1727 3872 Euan·-
1847 3875 1851 3882 ,

69 3908 326 3988 iudicumquod
342 3907 476 3970 Gedeon
498 3906 610 3984 posuit
623 3906 732 3968 vellus
745 3906 870 3968 inarea
924 3905 1011 3984 gello
1032 3907 1162 3970 attasi
1186 3909 1328 3985 cuspites
1356 3924 1428 3982 nte,
1452 3907 1619 3971 mandate
1642 3921 1725 3970 meo

70 4009 103 4068 et
115 4009 215 4070 nocte
227 4006 286 4068 illa
297 4005 362 4070 suit
375 4020 431 4066 ros
447 4003 563 4066 inscio
577 4003 713 4076 vellere,
734 4004 767 4067 et
780 4003 871 4066 tarra
923 4004 1062 4066 emate
1075 4001 1184 4083 (toan.
1200 4019 1272 4078 xiv,
1290 4003 1355 4085 15).

71 4101 133 4165 ruit
156 4103 266 4166 arida.
291 4101 444 4164 Secunda
460 4103 557 4163 nocte
576 4099 639 4162 suit
652 4116 708 4162 ros
728 4101 870 4163 inomni
963 4101 1099 4178 Triplex
1110 4104 1161 4162 est
1174 4101 1439 4180 congregatione
1451 4117 1517 4181 qim
1533 4100 1723 4182 trequentes

70 4200 173 4274 terra,
188 4201 266 4264 etin
278 4199 402 4261 vellere
414 4197 477 4260 suit
486 4198 631 4260 siccitas.
640 4199 754 4260 vellus
765 4198 872 4275 signi·
924 4196 1070 4274 loquitur
1085 4200 1187 4260 Sacra
1203 4199 1384 4279 Scriptura.
1396 4200 1471 4262 Alia
1483 4198 1533 4263 ast
1545 4199 1634 4265 enim
1648 4215 1725 4262 con·

72 4297 151 4360 neat
175 4298 340 4368 iudaeam,
367 4311 447 4356 area
485 4295 556 4357 sire
588 4298 678 4357 terra
706 4295 872 4372 significat
924 4296 1074 4372 gregatio
1086 4296 1259 4369 malorum,
1272 4297 1340 4358 alia
1351 4297 1523 4371 honorum,
1536 4299 1604 4360 alia
1614 4297 1725 4360 beato·

73 4396 205 4459 Gentes.
248 4397 316 4456 Ros
348 4391 515 4469 significat
540 4393 683 4468 gratiam
711 4393 868 4456 divinam.
924 4407 1009 4453 rum.
1017 4393 1235 4456 Primaestad
1244 4395 1393 4470 mortem,
1403 4395 1548 4458 secunda
1557 4395 1721 4468 advitam,

74 4492 185 4554 Primo
208 4491 283 4554 fluit
302 4505 358 4552 ros
379 4489 414 4551 in
435 4491 574 4563 vellere,
603 4490 693 4552 terra
716 4493 871 4553 manente
923 4488 1022 4551 tertia
1031 4489 1230 4553 eritinvita.
1242 4492 1354 4553 Prima
1364 4492 1401 4554 iit
1414 4493 1448 4553 in
1459 4492 1565 4566 oeric,
1578 4491 1725 4558 secunda

75 4589 180 4664 arida,
194 4589 274 4668 quia
288 4587 404 4651 Judaea
424 4588 518 4665 prius
537 4587 654 4650 hahuit
676 4589 819 4665 gratiam
839 4593 872 4650 et
924 4586 960 4648 in
973 4587 1147 4660 via,tertia
1157 4587 1258 4650 tietin
1271 4588 1510 4666 patriaprima
1523 4589 1722 4662 iltinDcum,

75 4681 297 4762 cognitionem
311 4685 371 4747 Dei
386 4700 485 4764 quam
499 4687 628 4746 caeterae
647 4688 773 4762 gentes,
792 4686 870 4764 quia
925 4684 1071 4746 secunda
1112 4685 1149 4748 tlt
1175 4686 1243 4755 illi,
1270 4687 1371 4749 tertia
1400 4687 1441 4749 ad
1474 4688 1580 4750 illum.
1610 4689 1729 4752 Prima

76 4787 190 4860 gentes
205 4784 359 4847 colebant
378 4783 479 4855 idola,
496 4781 529 4844 et
552 4782 787 4844 sacrificabant
801 4784 872 4847 dae-
925 4781 1013 4845 iacta
1037 4783 1089 4846 est
1110 4781 1146 4845 in
1169 4783 1375 4857 contusione,
1391 4785 1537 4846 secunda
1551 4785 1587 4846 in
1601 4785 1721 4864 cogni·

76 4884 208 4955 moniis,
232 4882 319 4944 sicut
344 4881 466 4943 dicitur
491 4880 527 4941 in
540 4879 673 4942 Psalmo
687 4900 695 4941 ε
708 4883 820 4944 Notus
834 4886 872 4944 tn
926 4880 1029 4952 tione,
1051 4881 1151 4944 tertia
1174 4882 1238 4944 erit
1258 4881 1294 4943 in
1313 4881 1532 4946 consessione.
1549 4882 1662 4946 Prima
1676 4883 1726 4945 in·

76 4980 196 5042 sacca
216 4984 309 5043 Deus
334 4977 404 5061 (Ps.
425 4993 527 5050 cxxv,
543 4975 589 5056 2).
612 4977 709 5040 Modo
734 4981 784 5041 est
799 4980 873 5042 rel·
928 4978 1028 5056 coepit
1055 4978 1090 5040 in
1114 4979 1326 5056 Babylonica
1350 4980 1454 5044 turris
1481 4980 1634 5054 edificio,
1664 4997 1724 5044 sa-

77 5072 128 5136 lus
142 5078 278 5150 siccum,
296 5076 373 5154 quia
389 5075 497 5140 Judaei
517 5075 653 5138 alienati
668 5077 745 5137 sunt
759 5092 779 5140 a
793 5093 873 5154 gra-
929 5075 1037 5138 cunda
1067 5076 1103 5136 in
1135 5077 1256 5139 montis
1288 5077 1369 5143 Sion
1405 5077 1597 5153 coenaculo,
1626 5078 1727 5148 tertia

77 5171 133 5244 tia,
147 5177 181 5237 et
192 5191 247 5236 ros
258 5176 309 5237 est
322 5175 358 5236 in
379 5173 470 5236 omni
484 5174 584 5246 terra,
599 5173 677 5250 quia
691 5175 800 5251 gratia
812 5175 872 5237 Dei
929 5173 1119 5252 perficietur
1133 5173 1168 5236 in
1187 5175 1282 5236 coelo.
1305 5175 1456 5240 Primam
1466 5174 1638 5240 contundit
1655 5179 1726 5240 Do-

78 5271 126 5331 est
137 5271 173 5332 in
187 5271 352 5350 gentihus,
365 5270 443 5349 quia
471 5286 530 5350 per
553 5271 695 5348 gratiam
709 5272 769 5334 Dei
783 5272 871 5340 totus
929 5271 1040 5332 minus
1054 5271 1155 5333 Pater
1172 5270 1310 5334 dicens:
1333 5274 1466 5346 Vertite,
1477 5276 1729 5348 connectamus

79 5369 218 5432 mundus
233 5384 414 5432 conversus
428 5369 478 5429 est
500 5368 541 5428 ad
563 5367 661 5432 fidem
676 5369 798 5433 Christi
812 5386 872 5448 per
928 5372 1066 5445 linguas
1089 5383 1210 5432 cortem
1230 5367 1389 5449 (stenar,
1405 5372 1451 5450 7).
1475 5371 1662 5436 Secundam
1679 5371 1728 5434 il-

80 5466 346 5539 praedicationem
389 5465 633 5542 Apostolorum,
675 5467 762 5532 sicut
799 5469 871 5546 ipse
930 5465 1086 5529 lustrarit
1098 5466 1242 5544 Spiritus
1258 5467 1556 5545 Sanctus,.quando
1571 5468 1626 5530 die
1640 5471 1730 5532 Pen-

80 5563 247 5627 mandavit
275 5585 283 5625 ε
312 5565 365 5626 lte
402 5565 441 5624 tc
471 5566 676 5628 carcasum
704 5568 873 5628 munaum
932 5564 1073 5628 tecostes
1116 5565 1343 5642 apparuerunt
1382 5565 1565 5644 dispertita
1606 5565 1730 5644 lingme

83 5654 197 5736 (Marc.
209 5677 278 5736 xvr,
296 5659 359 5741 15).
382 5661 422 5723 Et
434 5659 520 5722 sicut
542 5661 701 5723 Dominus
719 5661 799 5726 dicit
813 5679 872 5741 per
932 5663 1092 5742 tanquam
1138 5661 1227 5741 ignis
1276 5677 1376 5741 super
1424 5663 1573 5742 singulos
1616 5681 1733 5732 sorum
