4106 6422
78 302 121 360 73
718 303 826 364 ottho
850 303 1061 364 ROMANUS.
1667 300 1705 356 ‘td

78 471 208 534 Pascha
222 472 256 535 et
269 473 304 534 tn
319 475 498 538 Nativitate
521 473 660 537 Domini.
684 473 866 549 Unicuique

78 570 325 643 panetariorum
348 571 412 630 duo
439 570 629 642 melechini,
657 570 690 631 et
722 584 866 645 pannum

78 677 176 738 quem
203 665 352 726 emerunt
372 680 430 741 pro
452 666 545 726 sesto.
569 664 752 741 Unicuique
774 662 865 725 buti-

78 757 280 819 culariorum
304 757 351 839 (1)
376 761 440 821 duo
463 761 648 832 melechini,
666 759 866 822 marescalco

78 869 238 930 equorum
258 853 407 916 alborum
427 856 494 917 tres
517 855 703 928 melechini,
726 856 759 918 et
782 871 865 916 nac-

77 965 172 1024 cum;
193 949 251 1010 alii
268 951 467 1012 marescalco
491 951 554 1012 duo
578 951 768 1026 melechini;
791 951 865 1012 sin-

78 1044 167 1119 gulis
190 1046 400 1107 ostiariorum
423 1047 547 1108 domini
562 1048 702 1124 quatuor
727 1047 863 1108 melech.

79 1139 262 1213 Scutileris,
277 1141 467 1218 capellanis,
479 1142 699 1214 subdiaconis,
716 1144 749 1205 et
759 1143 865 1220 acoly-

77 1233 146 1295 this
161 1235 201 1296 de
215 1237 340 1313 capella
362 1237 457 1299 dehet
472 1239 627 1300 comestio
649 1238 820 1315 duplicari,
834 1239 868 1300 et

76 1329 112 1390 in
135 1333 313 1395 Nativitate
326 1333 456 1395 Domini
471 1335 633 1407 similiter,
647 1335 757 1396 Priori
780 1349 865 1412 quo-

76 1443 142 1504 que
155 1428 428 1490 subdiaconorum
445 1446 544 1492 unam
563 1429 720 1507 pecudem
732 1431 767 1492 in
779 1433 866 1491 Pas-

75 1521 153 1595 cha,
175 1523 265 1584 etin
289 1524 469 1587 Nativitate
495 1527 711 1602 porcastrum.
739 1527 868 1588 Mares-

77 1617 178 1679 calcis
190 1635 268 1680 vero
279 1620 312 1682 et
321 1621 396 1681 aliis
408 1620 449 1682 de
460 1621 587 1682 familia
599 1622 654 1684 dat
665 1623 866 1684 camerarius

75 1727 137 1788 pro
158 1714 326 1776 voluntate
343 1732 414 1776 sua.
428 1717 659 1778 Verumtamen
674 1717 866 1778 marescalci

76 1807 196 1870 debent
218 1809 340 1872 hahere
363 1827 463 1871 unum
484 1827 629 1887 porcum,
644 1812 722 1872 etin
738 1813 866 1873 Pascha

76 1904 235 1980 pecudem
256 1921 366 1966 unam.
388 1905 576 1969 Notandum
596 1923 675 1968 vero
688 1908 773 1985 quod
794 1924 866 1969 ma·

75 1998 217 2060 rescalci
236 1998 364 2072 dehent,
385 2000 514 2077 quando
535 2001 659 2063 vadunt
674 2003 715 2062 ad
733 2002 863 2076 herhas,

74 2093 131 2154 vel
143 2094 266 2168 paleas,
280 2095 333 2156 vel
347 2095 388 2155 ad
401 2095 534 2168 foenum,
549 2095 670 2159 habere
687 2098 819 2160 mistum
834 2099 866 2161 et

74 2187 199 2250 furcas.
217 2189 391 2250 Sciendum
404 2207 532 2268 quoque
553 2192 638 2270 quod
657 2195 865 2256 cancellariae

76 2283 174 2345 debet
202 2283 363 2360 duplicari
391 2287 546 2350 comestio
574 2289 709 2350 inistis
739 2290 865 2354 duobus

75 2378 203 2450 diebus,
217 2381 297 2441 etin
307 2381 487 2444 Nativitate
499 2383 629 2446 Domini
641 2385 804 2448 similiter.

129 2555 274 2616 XXXIV.
289 2558 374 2622 oum
385 2559 502 2620 debeat
519 2563 643 2622 bebere
654 2561 688 2624 et
699 2562 815 2635 secere

270 2653 676 2727 moqtsterSeneseatces.

115 2778 165 2840 58.
181 2781 394 2843 senescalcus
411 2786 527 2861 major,
542 2785 598 2860 qui
614 2785 716 2848 servit
734 2785 866 2847 domino

74 2875 177 2950 Papae
188 2876 225 2935 in
239 2877 451 2938 coronatione
468 2879 584 2940 ultima
596 2881 632 2940 in
643 2880 771 2942 Pascha
785 2882 866 2944 etin

73 2969 258 3032 Nativitate
278 2972 420 3044 Domini,
435 2973 468 3034 et
487 2973 522 3034 in
543 2977 791 3038 consecratione
802 2976 865 3038 do-

74 3063 159 3124 mini
180 3068 290 3142 Papae,
309 3067 403 3128 debet
426 3067 547 3131 hahere
570 3085 670 3130 unam
696 3071 865 3134 scutellam

75 3160 266 3236 argenteam
282 3162 382 3224 trium
403 3179 588 3227 marcarum
611 3166 645 3229 et
666 3166 809 3230 dimidiae
829 3169 865 3230 in

75 3251 226 3330 singulis
245 3258 410 3333 praedictis
437 3259 689 3334 festivitatibus,
715 3264 865 3325 616616-

75 3351 192 3426 natur3
205 3353 239 3414 et
250 3353 345 3416 dehet
362 3356 509 3432 recipere
520 3357 678 3419 victualia
690 3373 749 3435 pro
762 3361 865 3436 quin-

75 3445 183 3508 decim
206 3448 393 3510 hominihus
416 3467 612 3530 unoquoque
640 3454 693 3516 die
720 3470 863 3516 corona-

75 3542 196 3618 tionis;
211 3546 244 3607 et
261 3545 357 3607 dehet
377 3548 547 3610 comedere
559 3550 595 3608 in
607 3549 778 3625 panetaria
790 3565 865 3611 cum

8 3699 12 3708 ,
74 3639 177 3698 666116
194 3641 274 3712 6616,
290 3643 465 3718 antequam
482 3643 633 3703 dominus
652 3646 742 3718 Papa
753 3645 866 3705 redeat

74 3749 96 3792 a
109 3733 229 3808 Missa;
246 3737 279 3796 et
294 3735 389 3796 dehet
404 3737 553 3812 recipere
564 3752 584 3796 a
596 3737 754 3813 pincerna
766 3753 865 3798 unam

74 3828 282 3906 aquariciam
300 3829 427 3901 clareti,
441 3830 473 3892 et
493 3845 593 3890 unam
613 3831 700 3908 vini;
721 3833 754 3894 et
771 3832 866 3895 debet

74 3921 200 3982 hahere
210 3923 252 3983 ad
262 3919 494 3985 domumsuam
504 3940 564 3986 sex
573 3926 681 4002 capita
691 3943 865 4003 porcorum

75 4017 204 4102 parata,
214 4018 539 4095 etsexaquariciolas
547 4020 661 4084 clareti
670 4038 865 4101 unoquoque

75 4113 131 4172 die
152 4114 394 4188 coronationis3
417 4115 450 4178 et
469 4115 565 4178 debet
587 4116 708 4179 habere
726 4119 762 4179 in
781 4136 867 4182 una-

76 4223 207 4285 quaque
225 4209 436 4272 coronatione
447 4211 654 4274 medietatem
674 4215 747 4291 cepi
766 4213 813 4295 (2)
833 4218 866 4278 et

76 4303 284 4366 medietatem
310 4305 350 4367 de
375 4306 526 4367 omnihus
549 4308 649 4368 coriis
672 4307 862 4386 bestiarum,

77 4413 152 4475 quae
174 4401 310 4462 veniunt
327 4395 363 4462 in
383 4417 497 4464 mensa
518 4401 643 4464 domini
659 4407 769 4482 Papae,
788 4407 865 4469 dum

77 4492 197 4556 festum
208 4495 385 4559 duraverit

145 4653 275 4718 XXXV.
292 4657 377 4721 Oete
390 4656 485 4718 dehet
495 4659 620 4720 bebere
630 4657 800 4738 maqtster‘

285 4753 474 4825 Ptnaerne,
488 4753 522 4814 et
532 4754 657 4825 faeere.

117 4879 168 4941 59.
189 4881 347 4957 Magister
362 4882 530 4958 pincerna,
544 4885 600 4960 qui
617 4883 748 4947 domino
767 4888 865 4964 Papae

919 473 952 535 et
963 473 1107 536 dimidiae
1119 471 1258 549 argenti.
1271 473 1345 548 Ipse
1353 483 1432 532 vero
1444 469 1600 546 pincerna
1612 470 1708 534 debet

920 569 1033 630 eadem
1052 569 1104 628 die
1125 569 1204 629 dare
1227 566 1433 628 buticulariis
1455 565 1706 641 quotidianariis

920 664 1043 727 domini
1062 667 1160 740 Papae
1172 679 1287 724 zonam
1304 679 1403 724 unam
1416 662 1455 722 de
1468 663 1573 724 serico
1586 683 1594 736 ;
1613 661 1709 724 dehet

920 759 1018 820 etiam
1038 759 1224 831 comedere,
1242 760 1417 835 antequam
1440 757 1591 818 dominus
1617 760 1708 834 Papa

919 855 1031 918 veniat
1053 854 1093 917 de
1117 856 1230 927 missa,
1244 870 1302 930 pro
1325 853 1510 932 quindecim
1532 854 1631 914 sociis
1650 869 1709 915 co-

919 952 1111 1013 mestionem
1131 951 1317 1028 accipiens;
1340 953 1372 1012 et
1393 949 1487 1012 debet
1505 950 1627 1010 habere
1648 965 1709 1010 sex

919 1048 1027 1124 capita
1038 1049 1174 1124 porcina
1186 1047 1308 1124 aptata,
1324 1047 1356 1108 et
1370 1062 1429 1107 sex
1441 1047 1628 1123 aquaricias
1644 1046 1708 1106 cla-

918 1141 992 1214 reti,
1009 1145 1082 1219 quae
1099 1143 1139 1204 ad
1153 1142 1284 1204 domum
1301 1157 1395 1202 suam
1409 1141 1610 1214 transmittit,
1626 1141 1708 1204 etin

920 1239 1117 1300 comestione
1129 1253 1190 1300 sna
1202 1251 1302 1298 unam
1320 1237 1523 1313 aquariciam
1536 1237 1661 1309 clareti,
1675 1237 1709 1298 et

919 1333 1019 1394 aliam
1037 1333 1125 1408 vini;
1145 1334 1178 1395 et
1198 1333 1234 1394 in
1254 1333 1308 1394 die
1329 1331 1476 1405 Paschae,
1497 1333 1530 1396 et
1548 1332 1601 1394 die
1619 1333 1707 1393 lunae

919 1429 993 1506 post
1024 1429 1162 1500 Pascha,
1188 1429 1261 1506 post
1288 1430 1451 1505 vesperas
1484 1428 1525 1488 ad
1558 1429 1707 1490 sanctum

918 1525 1255 1586 lohanneminFonte
1266 1523 1707 1599 unumharileplenumvino

920 1620 953 1680 et
964 1636 1063 1680 unam
1081 1620 1201 1681 bonam
1220 1619 1423 1696 aquariciam
1436 1619 1566 1695 plenam
1579 1619 1705 1691 clareti,

919 1715 956 1776 ut
966 1715 1021 1775 det
1032 1713 1163 1776 domino
1176 1718 1274 1791 Papae
1283 1714 1318 1775 at
1329 1713 1479 1776 omnibus
1490 1713 1707 1776 adstantibus.

957 1855 1102 1921 XXXVI.
1114 1856 1199 1920 Quid
1209 1854 1329 1916 debent
1336 1855 1521 1918 Senatores
1531 1857 1668 1916 hahere.

957 1969 1007 2028 60.
1023 1967 1209 2040 Senatores,
1229 1967 1359 2045 quando
1381 1968 1564 2038 comedunt,
1585 1967 1710 2028 habere

918 2061 1234 2142 debent(²)lavinam
1244 2063 1461 2127 mediamvini
1470 2060 1516 2141 (3)
1525 2064 1558 2123 et
1566 2063 1709 2122 mediam

919 2159 1034 2220 clareti
1046 2159 1081 2219 in
1093 2175 1289 2237 unaquaque
1306 2159 1360 2218 die
1376 2157 1609 2219 coronationis.
1629 2157 1706 2218 1116-

919 2254 993 2316 6616
1016 2255 1112 2315 datur
1129 2254 1248 2326 toalea,
1263 2252 1319 2314 uhi
1338 2253 1522 2326 comedunt,
1538 2253 1708 2331 apaneta-

918 2349 997 2425 riIs;
1030 2350 1063 2411 et
1093 2348 1299 2426 postmodum
1330 2348 1478 2410 redditur
1508 2348 1602 2426 ipsis.
1641 2351 1708 2408 Pro

919 2445 1136 2524 quadraginta
1149 2445 1382 2506 comestionem
1392 2443 1556 2521 reciplunt
1564 2459 1708 2520 unaqua-

919 2557 982 2620 que
995 2541 1048 2601 die
1060 2541 1293 2602 coronationis.

958 2674 1119 2735 XXXVII.
1133 2674 1218 2738 outo
1231 2672 1329 2734 dehet
1337 2673 1461 2734 babere
1476 2671 1669 2746 Praefectus

1257 2771 1364 2830 61616.

958 2899 1008 2960 61.
1030 2897 1208 2959 Praefectus
1229 2895 1321 2958 urbis
1340 2896 1435 2961 dehet
1448 2895 1571 2958 hahere
1592 2897 1626 2957 in
1646 2913 1706 2958 co-

919 2995 1078 3055 mestione
1106 3009 1165 3070 pro
1193 2993 1379 3070 quindecim
1406 2993 1521 3066 sociis,
1547 2993 1581 3055 et
1602 2992 1707 3054 barile

919 3105 1020 3151 unum
1032 3087 1190 3151 serratum
1203 3088 1329 3161 clareti,
1344 3089 1377 3151 et
1390 3089 1480 3149 aliud
1494 3089 1575 3150 vini.

917 3232 1094 3292 XXXVIII.
1111 3231 1196 3296 Quid
1209 3230 1303 3290 debet
1314 3231 1471 3291 dominus
1482 3234 1583 3304 Papo
1592 3231 1708 3304 [66616

1015 3329 1054 3388 tn
1062 3327 1199 3388 sabbato
1209 3326 1364 3400 sequenti
1372 3326 1451 3400 post
1461 3329 1606 3387 Pascha.

956 3459 1006 3518 62.
1021 3455 1163 3518 sabbato
1179 3457 1215 3517 in
1230 3451 1324 3518 Alhis
1338 3457 1436 3518 statio
1449 3457 1500 3518 est
1511 3457 1596 3534 apud
1609 3472 1708 3518 sanc-

917 3552 1178 3614 tumlohannem
1189 3551 1442 3613 lateranensem
1452 3551 1499 3630 (4)
1508 3553 1564 3612 uhi
1572 3552 1709 3612 cumdo-

919 3646 1027 3705 minus
1049 3649 1139 3720 Papa
1159 3645 1273 3705 eodem
1295 3645 1348 3704 die
1367 3645 1510 3706 celebrat
1531 3647 1707 3705 Missurum

919 3739 1101 3810 sollemnia,
1118 3739 1151 3800 et
1168 3741 1286 3814 Aones
1305 3742 1370 3800 Det
1392 3739 1544 3801 cantatur
1557 3755 1576 3800 a
1591 3741 1708 3818 primi-

919 3834 1706 3912 cerieetscholacantorum,ipsedominusPapa

919 3930 1085 3992 distribuit
1106 3945 1209 4005 agnos
1231 3930 1395 3992 contectos
1416 3931 1593 3993 chrismate
1605 3932 1638 3994 et
1651 3948 1708 3992 66-

917 4044 956 4088 ra
969 4025 1016 4106 (5)
1029 4041 1088 4105 per
1099 4027 1279 4102 episcopos,
1295 4026 1480 4088 cardinales
1492 4027 1525 4088 et
1536 4027 1630 4100 allos,
1639 4028 1707 4089 tam

918 4123 1067 4193 clericos,
1081 4137 1179 4198 quam
1195 4122 1313 4195 laicos,
1330 4121 1393 4184 hac
1407 4123 1534 4184 ratione
1549 4144 1556 4182 :
1572 4123 1608 4184 ut
1622 4124 1707 4185 sicut

918 4218 978 4279 tllii
1000 4218 1102 4278 lsrael
1121 4217 1156 4277 in
1176 4217 1319 4294 AEgypto
1340 4218 1438 4294 positi
1459 4219 1622 4295 praecepto
1641 4221 1708 4280 Do·

918 4315 999 4376 mini
1011 4314 1052 4375 de
1064 4313 1225 4388 sanguine
1244 4313 1447 4375 immaculati
1466 4314 1544 4389 agni
1561 4315 1596 4374 in
1612 4313 1705 4374 limi-

918 4409 1015 4471 nibus
1027 4409 1198 4470 domorum
1219 4407 1422 4485 scripserunt
1441 4409 1504 4470 hoo
1524 4409 1654 4485 signum
1668 4413 1704 4486 T,

918 4521 960 4567 ne
974 4505 1015 4566 ab
1033 4503 1159 4579 angelo
1179 4504 1449 4580 percuterentur:
1469 4505 1567 4568 itaet
1587 4521 1647 4567 nos
1666 4505 1707 4566 de

919 4600 1079 4676 sanguine
1119 4599 1283 4676 passionis
1317 4599 1350 4661 et
1385 4599 1587 4662 immaculati
1620 4601 1706 4677 Agni

919 4695 1040 4758 Christi
1052 4693 1206 4756 debemus
1224 4694 1287 4756 hoc
1306 4695 1436 4772 signum
1453 4695 1597 4757 scribere
1612 4696 1648 4756 in
1663 4695 1707 4755 li-

918 4793 1007 4854 mine
1026 4791 1196 4872 domorum
1219 4789 1405 4851 nostrarum
1423 4805 1482 4866 per
1499 4789 1607 4864 fidem,
1623 4805 1665 4852 ne
1686 4806 1705 4850 a

919 4887 1048 4949 diabolo
1058 4887 1117 4948 eta
1125 4885 1215 4946 vitiis
1225 4884 1459 4961 percutiamur,
1469 4885 1502 4946 et
1513 4901 1533 4946 a
1545 4883 1705 4962 potestate

78 4977 114 5036 in
129 4975 182 5037 die
200 4978 422 5039 coronationis
443 4994 511 5042 suae
532 4979 573 5039 ad
592 4995 738 5040 mensam
752 4985 863 5056 servit,
918 4981 1041 5044 diaboli
1061 4980 1240 5040 liberemur
1252 5001 1260 5039 ε
1273 4980 1326 5041 vel
1340 4979 1626 5056 propterinlantes
1644 4995 1706 5040 no-

78 5071 305 5135 dehethabere
317 5089 457 5151 cuppam
466 5091 565 5136 unam
575 5075 675 5137 trium
684 5079 865 5140 marcatum
918 5079 1004 5142 viter
1018 5075 1198 5154 baptizatos
1211 5075 1246 5135 in
1262 5075 1413 5148 ecclesia,
1428 5075 1627 5153 deponentes
1642 5091 1703 5136 ve-

120 5199 162 5272 (ll
172 5202 357 5262 Douteillicrs.
918 5205 1071 5266 66616616
1077 5219 1128 5278 per
1135 5201 1704 5276 16166661661666161616661666616166.

119 5275 149 5342 (2
172 5273 277 5344 Cepnm
291 5287 342 5344 pro
354 5269 464 5344 sebum;
479 5274 548 5345 seis.
967 5276 995 5348 1)
1009 5277 1126 5333 St-Iean
1152 5273 1187 5330 de
1209 5275 1311 5331 Latran
1338 5281 1382 5330 est
1401 5287 1505 5330 encore
1528 5271 1705 5346 aujourd'hui

118 5341 302 5426 (6106611166
315 5341 434 5398 reddidit
442 5345 582 5412 psalmom
595 5357 647 5426 666
667 5344 796 5429 salntem,
810 5361 866 5419 quo
919 5345 956 5420 eg
967 5348 1010 5404 ise
1024 5344 1172 5403 stationale
1185 5358 1255 5416 pour
1268 5358 1301 5400 66
1316 5345 1409 5399 meme
1418 5343 1492 5414 jour.

79 5426 197 5470 nomme
209 5425 309 5484 sagma
324 5425 375 5468 666
395 5425 468 5467 onus
490 5425 524 5468 ac
538 5427 649 5471 sarcina
673 5429 738 5488 equi
758 5418 866 5474 aliusve

80 5483 213 5542 unimam
228 5479 360 5538 666666
375 5480 542 5608 intelligitur
954 5415 994 5488 (ὅ)
1006 5416 1045 5472 ne
1057 5416 1133 5486 ⁹³⁹0
1147 5428 1182 5470 ¹¹³
1194 5413 1272 5470 ¹³5³ssst
1289 5412 1351 5484 l¹¹¹⁸
1371 5413 1413 5468 ¹0⁸
1432 5412 1530 5481 Atili
1542 5412 1594 5468 Dei
1608 5429 1662 5485 que
1676 5417 1703 5473 la

920 5483 1059 5558 premiere
1078 5482 1169 5543 66666
1187 5482 1223 5539 de
1237 5497 1289 5539 son
1302 5480 1402 5554 regne,
1418 5487 1446 5539 et
1460 5481 1570 5540 ensuite
1584 5491 1647 5542 tous
1661 5485 1703 5544 los

124 5552 165 5628 (3)
174 5552 290 5624 161166,
298 5564 456 5625 synonyme
482 5550 865 5634 elavaulhlo,paraitdevoir
919 5562 983 5632 sept
996 5568 1058 5612 ans.
1643 5587 1648 5599 ›
