4084 6428
300 306 361 368 967
768 295 944 360 ΗΟΝΟΒΙΙ
967 297 1012 357 111
1033 294 1182 357 OPERA.
1200 327 1238 342 ···
1255 295 1487 364 subitonus.
1899 301 1961 367 968

302 465 394 540 Ignis
412 463 473 524 iste
490 459 632 538 Spiritus
651 459 793 520 Sanctus
808 459 869 528 331,
883 457 1001 535 dequo
1016 456 1102 520 dici·
1153 455 1254 520 bilem
1267 457 1308 520 ad
1322 459 1578 522 illuminandum
1593 459 1647 521 bis
1668 461 1726 539 qui
1746 460 1783 523 irl
1807 461 1958 526 tenebris

303 566 358 624 tur
381 563 416 622 in
437 558 694 621 Deuteronomio
718 558 796 634 quia
818 559 968 618 :cuens
988 555 1102 616 noster
1154 556 1281 629 sedent,
1297 557 1398 620 hodie
1418 558 1558 619 decorus
1580 559 1745 635 apparuit.
1770 562 1876 622 Lucet
1898 578 1959 639 per

236 691 239 698 <
303 661 391 734 iguis
404 673 601 720 consumens
617 657 667 717 est
682 654 790 734 (Deut.
806 671 854 727 rx,
867 650 1098 733 3),>›scilicet,
1154 655 1392 716 miraculorum
1431 655 1661 732 splendorem
1698 656 1832 732 fulgura
1868 661 1958 720 enim

302 757 459 820 vitiorum
481 753 668 830 rubiginem
692 769 752 830 per
775 752 885 828 ignem
912 751 1097 813 3133113113.
1154 751 1397 828 multiplicavit,
1424 753 1458 814 31
1491 753 1702 816 conturbavit
1726 769 1795 828 eos,
1822 757 1958 832 quando

303 859 350 917 De
378 855 441 916 boc
473 853 551 928 igne
578 851 738 912 Dominus
766 850 813 911 311
838 872 846 910 :
870 853 993 926 133333
1020 851 1101 910 3331
1154 863 1214 925 333
1253 849 1507 912 admirationem
1543 851 1720 929 stupefacti
1761 851 1919 915 dicebant
1948 875 1956 916 ε

302 955 442 1015 mittere
467 954 505 1012 ta
528 952 679 1022 terrum,
702 949 736 1010 ct
761 949 1038 1022 quittanciarum
1061 945 1099 1006 ut
1153 947 1302 1008 «Nonne
1324 965 1438 1009 omnes
1459 949 1515 1010 isti
1540 949 1597 1026 qui
1620 949 1805 1026 loquuntur
1826 951 1959 1013 aalilaei

302 1050 529 1121 cracatonno.
546 1063 607 1116 xu,
623 1045 698 1124 49)1
1153 1045 1250 1106 33311
1273 1047 1313 1106 m
1336 1047 1500 1125 quomodo
1519 1046 1709 1110 audivimus
1725 1049 1958 1126 unusquisque

342 1147 431 1224 Ignis
454 1147 542 1208 enim
561 1161 622 1222 per
636 1143 844 1221 splendorem
867 1142 1023 1214 illustrat,
1040 1155 1099 1219 per
1153 1143 1301 1218 linguam
1331 1143 1495 1216 nostram,
1525 1145 1561 1205 13
1587 1161 1653 1222 qua
1679 1145 1749 1208 nati
1778 1149 1957 1207 sumust»

302 1248 446 1308 calorem
465 1243 629 1322 purificat.
646 1243 685 1302 Et
701 1241 843 1318 Spiritus
859 1242 1001 1302 Sanctus
1014 1239 1098 1300 lllu-
1154 1238 1239 1320 (Act.
1253 1254 1290 1310 11,
1306 1243 1336 1311 7,
1351 1240 1397 1321 8).
1422 1242 1497 1304 Urit
1517 1242 1743 1305 consumendo
1767 1243 1898 1319 lignum
1923 1245 1956 1305 31

301 1345 407 1406 minat
437 1344 580 1404 mentem
615 1355 673 1417 per
703 1339 920 1417 sapientiam
945 1336 1100 1414 purificat
1153 1339 1287 1413 itanum,
1304 1341 1338 1403 31
1352 1339 1508 1417 stipulam
1521 1342 1732 1418 peccatorum
1748 1342 1956 1414 nostrorum,

301 1444 411 1504 autem
433 1457 491 1518 per
510 1438 706 1501 charitatem
721 1437 809 1509 illos,
826 1452 967 1514 quorum
987 1436 1099 1496 anima
1149 1438 1246 1514 juxta
1261 1437 1344 1498 illud
1360 1455 1402 1498 :a
1419 1440 1506 1499 Deus
1521 1441 1636 1500 noster
1650 1439 1737 1514 13313
1753 1453 1957 1502 consumens

301 1538 497 1615 baptizatur,
521 1535 616 1604 idest,
642 1533 887 1611 purificaturin
902 1531 1022 1610 spiritu
1041 1547 1099 1609 per
1152 1535 1213 1596 est.
1239 1552 1257 1596 t
1282 1534 1427 1597 Roborat
1456 1536 1573 1597 testam
1598 1535 1790 1612 tragilitatis
1818 1539 1956 1610 nostrae,

301 1635 498 1712 sapientiam
514 1650 533 1693 a
547 1632 693 1694 tenebris
710 1631 919 1708 ignorantiae,
936 1646 996 1708 per
1017 1629 1098 1691 cha·
1148 1633 1246 1709 juxta
1269 1633 1351 1694 illud
1378 1655 1385 1692 ε
1408 1650 1427 1694 a
1451 1632 1622 1696 Fortitudo
1644 1649 1728 1706 mea,
1752 1634 1786 1695 et
1804 1633 1957 1696 laudatio

301 1734 433 1794 ritatem
449 1748 468 1792 a
487 1731 626 1792 maculis
639 1729 755 1805 culpae.
774 1730 859 1790 Nam
873 1728 1099 1804 apparuerunt
1152 1747 1227 1792 mea
1254 1732 1413 1792 Dominus
1440 1730 1549 1810 »(Ps.
1578 1733 1651 1804 117,
1678 1731 1742 1812 14).
1770 1733 1811 1794 nt
1836 1732 1921 1793 alibi
1946 1754 1956 1792 =

300 1831 368 1892 11113
392 1828 575 1906 dispertitae
590 1827 724 1904 linguae,
740 1827 897 1902 tanquam
911 1825 1009 1901 13313.
1027 1827 1098 1886 Duo
1152 1831 1958 1906 33333333333333333333.33333133

301 1929 391 1998 dicit,
417 1927 504 2003 ignis
530 1927 563 1987 et
585 1925 793 2000 113333;333
814 1922 962 1984 visibiles
975 1922 1098 1983 formas
1152 1927 1347 2002 patientiam
1369 1928 1516 1988 nostram
1528 1928 1626 2004 13313
1641 1926 1723 1988 11131
1738 1949 1746 1988 :
1763 1931 1955 2002 romaum

300 2024 486 2088 invisibiles
502 2024 629 2102 species
644 2021 872 2099 repraesentat.
896 2021 985 2096 ignis
1008 2021 1098 2081 enim
1151 2038 1280 2084 aarum
1290 2027 1326 2084 tu
1335 2025 1477 2096 fornace
1484 2025 1643 2099 probavit
1654 2023 1955 2086 electosDtmrtuue

299 2119 851 2196 313111333113,11333313333113
866 2118 942 2179 udo.
957 2119 1097 2194 Etignis
1153 2119 1244 2197 (Sap.
1268 2135 1319 2193 111,
1344 2119 1390 2200 6).
1412 2120 1500 2182 Alibi
1531 2120 1632 2182 etiam
1656 2141 1663 2180 ε
1687 2138 1706 2180 c
1730 2121 1770 2182 nt
1795 2122 1954 2197 purgavit

300 2221 432 2300 quidem
454 2220 651 2282 charitatem
675 2217 858 2294 significat3
885 2216 1000 2292 113333
1018 2231 1098 2278 vero
1152 2218 1238 2279 filios
1258 2219 1349 2280 Levi.
1374 2235 1394 2278 3
1415 2218 1566 2280 Desiccat
1592 2218 1766 2280 humorem
1794 2219 1953 2280 vitiorum

299 2319 458 2396 exprimit
483 2317 693 2396 sapientiam.
720 2318 767 2377 De
790 2314 964 2378 charitatis
979 2313 1098 2376 ardore
1152 2317 1463 2393 3331333333,)3313
1484 2315 1564 2374 illud
1589 2332 1632 2376 :t
1658 2317 1739 2376 Cum
1763 2315 1954 2376 immundus

302 2419 459 2479 Salomon
474 2415 582 2493 inquit
602 2415 637 2475 in
652 2413 798 2476 canticis
814 2435 823 2473 z
839 2416 970 2491 «1333
985 2412 1097 2473 multae
1151 2431 1171 2474 ‹
1192 2414 1328 2491 spiritus
1349 2413 1471 2474 exierit
1485 2411 1526 2473 ab
1542 2411 1687 2486 homine,
1704 2412 1882 2474 ambulans
1895 2428 1954 2490 per

300 2531 366 2577 non
389 2513 567 2592 potuerunt
581 2512 776 2587 extinguere
791 2510 999 2572 charitatem.
1017 2513 1097 2570 »De
1152 2527 1170 2571 3
1191 2512 1264 2573 1333
1284 2510 1379 2572 33113
1398 2512 1431 2572 31
1451 2511 1614 2588 inaquosa
1629 2525 1782 2587 quaerens
1803 2511 1953 2588 requiem

300 2615 438 2674 humore
454 2611 625 2690 sapientiae
640 2609 728 2671 idem
746 2609 891 2686 loquitur
905 2608 940 2670 in
961 2612 1099 2668 Prover-
1152 2625 1170 2668 ‹
1191 2609 1224 2670 et
1244 2624 1309 2670 non
1324 2609 1497 2670 inveniens
1513 2625 1532 2668 u
1548 2607 1641 2686 (Luc.
1655 2623 1703 2680 xr,
1717 2606 1784 2688 24).
1801 2610 1868 2669 Ρ33
1881 2608 1952 2669 1333

298 2711 363 2772 1113
381 2733 388 2772 :
405 2715 531 2789 «Aqua
547 2708 709 2786 protunda
728 2706 831 2768 verba
846 2722 959 2768 exere
973 2707 1049 2778 viri,
1066 2705 1099 2766 et
1152 2706 1262 2778 arida,
1287 2706 1464 2777 desiccata,
1484 2706 1621 2778 scilicet,
1646 2705 1713 2766 hoc
1741 2706 1820 2781 igne
1843 2705 1885 2766 ab
1908 2706 1952 2765 lm

299 2813 431 2871 torrens
468 2807 634 2868 inundans
670 2806 721 2867 est
756 2804 828 2866 lons
862 2805 1047 2881 sapientia.
1079 2822 1098 2865 ›
1152 2801 1951 2881 33331113133331331133131311383133133

299 2909 391 2969 13133
404 2907 544 2968 31313133
563 2905 710 2966 31331133
726 2905 775 2965 331
789 2902 970 2980 precipua,
989 2905 1021 2964 et
1039 2903 1096 2963 in·
1152 2917 1170 2962 ‹
1192 2901 1313 2962 dormit
1331 2901 1366 2962 in
1382 2901 1509 2964 secreto
1530 2899 1670 2963 thalami
1686 2902 1719 2963 et
1732 2901 1768 2961 in
1783 2902 1868 2962 locis
1889 2902 1952 2962 nu-

300 3007 351 3067 ter
365 3005 451 3064 dona
473 3004 580 3079 prima
601 3003 652 3063 est
672 3001 846 3077 sapientia.
868 3002 915 3061 De
938 3001 996 3061 illa
1018 3001 1099 3063 dicit
1152 2998 1356 3060 «mentibus
1378 3015 1396 3059 t
1423 2997 1510 3078 (Job.
1545 3013 1600 3069 xn,
1632 2995 1697 3078 16).
1729 2999 1892 3076 Decoquit
1920 3000 1951 3061 31

299 3101 474 3178 Apostolus
491 3121 499 3159 ε
515 3099 763 3170 umbrantem
776 3103 901 3159 borum
915 3099 967 3159 331
981 3103 1098 3160 31331-
1152 3095 1291 3172 depurat
1320 3096 1430 3156 cibum
1464 3096 1541 3156 fidei
1576 3099 1716 3168 nostra,
1741 3100 1842 3174 juxta
1872 3096 1951 3158 illud

301 3200 354 3261 133
368 3195 397 3276 (l
410 3198 482 3257 Cor.
501 3211 575 3267 xrrr,
594 3192 657 3272 13).
674 3195 720 3254 De
732 3193 797 3254 ista
811 3193 892 3255 dicit
905 3195 1070 3270 Propheta
1087 3213 1095 3250 ε
1152 3194 1275 3256 Exodi:
1287 3195 1392 3256 «Non
1407 3193 1693 3256 comedetisexeo
1706 3195 1846 3255 crudum
1862 3195 1949 3272 quid,

300 3295 499 3369 [requiescet
520 3307 627 3366 33333
648 3307 728 3352 erim
750 3291 896 3365 33131133
917 3295 1099 3367 raptentur
1151 3291 1204 3353 vel
1220 3293 1349 3353 coctum
1370 3307 1468 3370 aqua,
1483 3291 1540 3354 sed
1558 3306 1672 3352 assum
1695 3293 1825 3354 tantum
1844 3293 1953 3369 igni»

300 3394 336 3455 ct
352 3393 539 3454 1313133133
554 3388 610 3468 (13.
626 3405 674 3461 x1,
690 3387 736 3466 2).
1154 3389 1270 3470 (11331.
1296 3405 1357 3462 xri,
1381 3389 1426 3470 9).
1449 3389 1607 3452 Calefacit
1631 3389 1822 3467 repellendo
1845 3390 1953 3466 frigus

339 3493 406 3552 1133
421 3505 500 3566 3333
516 3488 609 3561 1333,
625 3487 765 3564 primam
780 3487 945 3561 videlicet,
966 3489 999 3552 31
1011 3505 1099 3566 prae-
1152 3487 1368 3561 infidelitatis,
1380 3487 1477 3565 juxta
1491 3486 1574 3548 illud
1596 3505 1637 3549 :«
1653 3490 1768 3564 Surge,
1783 3488 1954 3564 aquilon

299 3591 431 3666 cipuaru
448 3588 602 3664 infigura
618 3586 706 3663 13313
728 3587 762 3648 31
782 3585 904 3661 linguae
916 3603 976 3664 333
991 3587 1099 3664 Spiri-
1152 3587 1271 3649 ventus
1293 3585 1421 3648 scilicet
1439 3585 1592 3661 frigidus,
1614 3585 1647 3648 31
1664 3603 1683 3646 3
1697 3585 1773 3646 3331
1788 3585 1954 3658 1133133»

298 3688 366 3749 tum
393 3688 550 3747 Sanctum
565 3685 726 3746 hodierna
744 3684 797 3744 die
813 3684 963 3748 Christus
979 3685 1099 3747 inludit
1153 3685 1240 3761 ignis
1262 3685 1405 3762 Spiritus
1428 3683 1551 3755 Sancti,
1569 3698 1633 3760 quo
1652 3683 1829 3760 repellitur
1847 3682 1952 3760 frigus

298 3785 475 3862 apostolis,
497 3799 579 3860 quos
595 3782 757 3842 missurus
778 3781 850 3842 erat
869 3782 904 3843 in
922 3783 1045 3854 orbem,
1063 3785 1099 3844 ut
1153 3781 1371 3844 infidelitatis.

299 3883 520 3962 praedicarent
550 3879 768 3955 Evangelium
802 3879 891 3941 omni
923 3883 1097 3942 creaturae.
1193 3881 1293 3944 Luxit
1314 3881 1414 3943 etiam
1432 3880 1466 3942 13
1480 3879 1657 3956 apostolis,
1674 3878 1806 3958 quando
1822 3878 1950 3957 33311-

300 3983 337 4042 13
352 3981 416 4042 133
430 3981 503 4041 loco
510 3979 696 4056 junguntur
715 3977 803 4052 13313
822 3979 855 4038 31
873 3977 999 4054 113333,
1016 3994 1100 4056 quo·
1154 3982 1315 4042 caverunt
1340 3978 1478 4056 ubique,
1510 3977 1651 4039 Domino
1672 3979 1898 4055 cooperante,
1919 3979 1952 4041 31

300 4079 391 4163 niam
417 4075 642 4154 apparuerunt
669 4075 737 4135 illis
764 4074 944 4152 dispertitae
964 4076 1097 4153 linguae,
1154 4093 1342 4138 sermonem
1355 4076 1582 4147 conflrmante,
1602 4075 1817 4152 sequentibus
1833 4077 1949 4153 signis.

299 4179 458 4252 tanquam
482 4173 582 4249 ignis.
608 4173 699 4248 13313
723 4173 849 4244 autem,
875 4173 1011 4246 fratres,
1036 4175 1099 4236 3131
1154 4178 1234 4237 Cum
1258 4174 1443 4235 illuxerunt
1464 4173 1705 4248 fulgurationes
1736 4187 1853 4235 eorum
1877 4174 1950 4236 orbi

302 4273 422 4334 multas
438 4271 560 4332 lrabeat
574 4270 804 4346 proprietates,
817 4269 878 4330 has
897 4272 1008 4332 tamen
1024 4287 1101 4348 sep-
1153 4277 1263 4346 terrae,
1277 4271 1361 4335 vidit
1373 4274 1406 4334 et
1421 4273 1584 4334 commota
1603 4273 1654 4333 est
1670 4274 1772 4333 terra.
1788 4273 1951 4336 Exustio·

300 4371 367 4431 tem
377 4367 509 4430 videtur
521 4366 644 4428 hahere
654 4365 816 4428 notabiles
827 4370 925 4446 atque
935 4370 1095 4447 insignes.
1153 4387 1229 4434 nem
1253 4370 1409 4448 operatus
1436 4369 1543 4431 33113
1571 4368 1714 4446 Saphira
1737 4370 1771 4433 31
1796 4371 1949 4444 anania,

302 4467 392 4544 13313
416 4466 504 4527 enim
528 4463 626 4539 lucet,
641 4465 719 4538 urit,
739 4465 882 4539 roborat,
897 4470 1100 4546 33333113-
1154 4467 1732 4548 3333333133311333113183131131
1746 4469 1954 4531 833313113-

303 4565 421 4636 siccat,
451 4563 613 4640 decoquit,
648 4564 682 4625 31
713 4563 876 4626 calefacit.
911 4568 1014 4630 Lucet
1039 4585 1100 4645 333
1153 4567 1284 4630 boravit
1307 4568 1340 4628 31
1366 4565 1521 4627 solidavit
1544 4564 1697 4637 Paulum,
1723 4565 1764 4626 de
1788 4581 1853 4643 quo
1881 4567 1951 4630 ait:

303 4661 522 4740 splendorem,
545 4661 613 4724 urit
636 4677 695 4738 per
721 4665 1017 4740 consumptionem,
1043 4682 1100 4727 ro·
1159 4669 1224 4728 Vae
1245 4666 1418 4727 3133113313
1431 4664 1582 4725 mtbtcst
1598 4664 1674 4736 1313,
1691 4663 1730 4725 ut
1746 4665 1865 4738 portet
1885 4679 1952 4727 ao-

302 4761 399 4822 13331
418 4759 635 4821 ministrando
651 4761 750 4832 vires,
764 4763 885 4836 purgat
898 4764 1098 4826 removendo
1153 4779 1233 4825 utcu
1245 4762 1452 4824 morimonte
1462 4775 1563 4836 33333
1579 4761 1613 4822 31
1628 4759 1893 4840 33331133(131.
1903 4777 1950 4836 11,

304 4860 430 4930 sordes,
445 4859 589 4919 desiccat
608 4859 817 4934 reprimendo
840 4858 1023 4932 humorem,
1040 4861 1100 4923 de·
1156 4857 1218 4940 15).
1236 4859 1398 4936 Purgavit
1421 4860 1453 4919 et
1476 4857 1681 4919 examinavit
1701 4858 1878 4935 martyres,
1895 4861 1953 4937 qui

303 4958 416 5036 coquit
441 4955 659 5034 praeparando
686 4956 788 5029 cibos,
813 4957 965 5020 calefacit
985 4961 1098 5036 repel·
1155 4959 1285 5021 dicunt:
1307 4974 1325 5018 3
1350 4958 1429 5033 1333
1452 4970 1506 5016 me
1530 4955 1730 5016 examinasti
1753 4959 1787 5018 et
1812 4959 1954 5019 nonest

304 5055 402 5118 leudo
422 5054 539 5129 frigus.
552 5056 638 5130 Ergo
652 5053 741 5115 lucet
753 5054 790 5114 13
805 5054 1015 5131 3331313133,
1033 5057 1100 5120 3311
1154 5057 1288 5120 1333313
1313 5055 1348 5117 13
1374 5070 1426 5115 me
1450 5051 1651 5132 1313311331»
1670 5051 1740 5132 (Ρ3.
1764 5055 1812 5125 16,
1831 5055 1878 5133 3),
1896 5056 1954 5132 qui

304 5155 446 5232 paleam,
463 5151 598 5213 roborat
615 5153 745 5224 testam,
756 5154 876 5228 purgat
890 5168 1020 5230 331333,
1040 5155 1100 5216 13-
1154 5156 1253 5219 etiam
1268 5153 1303 5214 13
1318 5151 1426 5214 medio
1442 5151 1529 5228 13313
1546 5167 1613 5212 333
1636 5151 1715 5212 3331
1727 5152 1873 5212 33313311.
1888 5155 1955 5214 De·

304 5252 407 5314 siccat
432 5265 594 5329 pannum,
620 5249 773 5328 decoquit
798 5249 919 5325 cibum,
947 5253 1100 5316 calefacit
1154 5253 1293 5316 siccavit
1315 5251 1442 5312 fluxum
1464 5249 1721 5321 Hemorroissae,
1735 5250 1869 5325 quando
1886 5267 1955 5312 non

304 5351 440 5412 nudum.
1154 5352 1307 5414 naturam
1321 5349 1374 5409 vel
1396 5347 1576 5418 hominem,
1589 5346 1646 5408 sed
1665 5346 1747 5408 vitia
1762 5347 1795 5409 et
1816 5351 1955 5426 peccata

341 5447 389 5510 Ad
415 5448 502 5508 hunc
530 5444 663 5508 modum
686 5445 775 5522 13313
799 5447 873 5518 1313,
896 5449 954 5527 qui
978 5448 1020 5511 de
1040 5449 1098 5511 illa
1153 5447 1335 5512 restrinxit.
1359 5445 1511 5507 Desiccat
1531 5444 1631 5506 etiam
1655 5431 1829 5506 humorem
1852 5445 1958 5508 luxu-

303 5563 402 5622 super
417 5543 543 5607 coelesti
557 5545 705 5618 3331333,
723 5543 780 5605 311
798 5545 854 5606 1113
869 5546 904 5607 13
922 5563 986 5624 quo
1001 5549 1097 5610 tene·
1153 5551 1213 5611 riae
1234 5549 1270 5608 in
1283 5543 1482 5621 virginibus,
1506 5543 1547 5604 de
1568 5543 1707 5621 quibus:
1728 5547 1776 5605 Ht
1788 5547 1873 5605 sunt
1896 5551 1957 5621 qui

302 5645 450 5706 1333333
465 5641 1100 5712 33313113,133331311131133333331-
1153 5663 1232 5712 cum
1265 5645 1465 5708 utultertbua
1497 5655 1567 5704 nou
1593 5643 1954 5717 333133133313311...
