4084 6428
299 311 361 372 963
764 311 941 373 IIONORII
963 311 1008 372 111
1030 311 1178 372 OPERA.
1195 341 1233 355 -
1250 311 1485 374 SERMONES.
1899 318 1962 380 964

299 473 381 545 lior,
406 471 442 534 tu
467 471 537 534 sola
557 471 752 550 jucundior,
780 472 817 534 tu
845 471 917 534 sola
944 472 1096 548 suavior:
1153 475 1303 536 mortem
1321 476 1477 535 mrlmcm
1494 487 1607 545 suam,
1627 474 1663 536 ct
1681 489 1759 536 cum
1778 479 1962 540 sceleratis
2026 453 2027 484 ³

300 569 471 650 plenitudo
499 569 662 648 siquidem
694 569 778 647 legis
808 570 858 632 θεῖ
886 567 1034 640 dilectio,
1059 585 1099 634 eo
1153 571 1337 646 deputatus
1351 573 1420 644 est,
1444 572 1479 633 et
1501 573 1575 646 lpse
1596 573 1740 647 peccata
1766 577 1961 638 multonem

300 669 387 750 quod
404 669 512 732 omnis
530 668 638 730 lexin
654 668 756 730 verbo
774 669 947 731 charitatis
964 669 1098 730 instau-
1154 667 1391 748 tulit(ls.n111,
1408 667 1472 748 12),
1489 669 1523 730 et
1536 685 1597 747 pro
1612 670 1870 734 crucifixoribus
1887 675 1959 734 suis

300 770 405 841 ratur,
422 768 455 829 θῖ
473 768 542 830 tota
556 767 612 829 lex
631 782 691 844 per
708 783 782 828 eam
797 767 963 844 impletur.
1153 765 1279 840 oravit,
1302 767 1417 829 dicens
1437 789 1445 829 ε
1466 768 1588 840 Pater,
1611 771 1749 843 ῖθεθεθθ
1769 773 1856 842 illis,
1876 777 1960 846 quic

339 866 422 940 Quid
443 881 522 942 ergo
542 865 676 942 expedit
699 865 834 928 diversa
858 881 1020 943 quaerere,
1041 866 1099 928 ubi
1152 864 1860 947 aesmuntpaidsaclaut(Luc.nx111,34).

299 965 408 1026 omnis
426 963 722 1026 consummationis
744 963 835 1026 videt
854 963 928 1041 quis
950 964 1048 1024 linem
1066 965 1099 1026 et
1193 963 1277 1035 Quid
1293 963 1434 1026 dicimus
1448 964 1491 1025 de
1503 965 1753 1042 perseverantia
1765 967 1778 1026 i
1791 968 1962 1029 Perseve-

299 1061 566 1139 completionem,
594 1061 737 1133 scilicet,
766 1061 870 1124 latum
904 1062 1098 1124 mandatum
1153 1061 1296 1122 rentiam
1332 1062 1495 1139 siquidem
1530 1063 1692 1124 Dominus
1725 1079 1784 1126 ore
1817 1066 1958 1142 proprio

299 1160 471 1223 charitatis
484 1159 603 1220 nimis?
622 1160 656 1220 Si
671 1159 803 1236 quidem
824 1159 853 1220 si
867 1160 971 1221 totam
990 1158 1098 1236 legem
1154 1159 1414 1233 commendavit,
1445 1159 1582 1222 dicens:
1608 1164 1688 1224 Non
1716 1165 1775 1236 θεῖ
1797 1165 1958 1238 coepcrit,

299 1259 373 1336 θεῖε
386 1258 580 1330 servaverit,
595 1256 743 1319 offendat
751 1256 863 1319 autem
876 1257 911 1318 in
924 1273 991 1320 uuo
1002 1273 1100 1318 man-
1152 1260 1212 1319 sed
1225 1260 1284 1332 qui
1293 1260 1577 1334 perseveraverit
1591 1273 1699 1334 ascrae
1712 1263 1751 1322 ln
1762 1261 1880 1333 linem,
1902 1264 1959 1323 liic

299 1357 375 1419 dato
401 1355 590 1433 charitatis,
620 1353 727 1418 factus
754 1355 804 1417 est
830 1357 979 1417 omnium
1006 1371 1096 1428 reus,
1152 1361 1268 1418 salvas
1281 1353 1959 1437 erv't(Matth.x,22).Perseverantiaduo

298 1471 372 1518 cum
389 1471 454 1533 qua
475 1471 542 1516 uon
556 1455 665 1532 potest
680 1453 801 1532 aliquis
821 1456 889 1516 Deo
906 1452 1097 1532 displicere,
1153 1452 1246 1514 notat
1275 1475 1284 1515 :
1312 1454 1622 1527 continuationem,
1667 1455 1701 1517 et
1740 1471 1962 1518 consumma-

299 1554 377 1632 quia
392 1552 540 1616 charitas
560 1552 668 1630 operit
682 1551 927 1615 multitudinem
942 1553 1099 1629 peccato·
1152 1550 1301 1627 donem:
1335 1551 1631 1627 continuationem,
1650 1553 1833 1616 secundum
1871 1553 1956 1615 illud

299 1667 385 1724 rum,
402 1653 434 1712 et
449 1651 522 1712 sine
537 1666 602 1728 qua
616 1665 683 1712 non
698 1649 808 1726 potest
821 1649 854 1711 ei
866 1649 988 1728 aliquis
1002 1666 1098 1712 com·
1153 1647 1305 1711 Isidori:
1342 1666 1360 1710 s
1398 1651 1474 1712 Non
1510 1650 1746 1713 inchoantibus
1777 1651 1958 1730 praemium

299 1749 443 1826 placere.
464 1748 561 1818 Nam,
578 1735 609 1808 'si
631 1747 838 1810 distribuerit
855 1748 931 1825 θεῖε
950 1747 986 1810 in
1007 1747 1098 1810 cibos
1153 1747 1377 1825 promittitur,
1418 1747 1475 1809 sed
1511 1748 1803 1825 perseverantibus
1843 1750 1957 1812 datur.

299 1859 482 1924 pauperum
498 1861 611 1906 omnes
625 1844 800 1906 facultates
814 1861 903 1918 suas,
920 1844 953 1909 et
967 1844 1097 1906 habue—
1153 1844 1330 1906 Multoram
1345 1846 1434 1907 euim
1448 1846 1500 1909 θεῖ
1514 1846 1674 1924 incipere,
1695 1847 1754 1908 sed
1768 1863 1955 1925 paucorum

299 1943 343 2005 rit
366 1957 497 2004 omnem
519 1942 617 2003 tidem
641 1941 703 2014 ita,
730 1943 875 2015 scilicet,
906 1943 943 2004 ut
969 1945 1097 2006 montes
1153 1958 1379 2019 perseverare.
1401 1944 1461 2004 llle
1475 1943 1562 2006 bene
1579 1945 1742 2018 immolat,
1759 1945 1815 2022 θεῖ
1841 1946 1957 2009 sacri·

301 2039 490 2112 transierat,
514 2040 547 2103 et
569 2039 744 2102 tradiderit
763 2055 882 2118 corpus
907 2056 1004 2102 suum
1028 2041 1098 2117 igni
1153 2040 1265 2102 tioium
1288 2041 1368 2102 boni
1387 2043 1497 2120 operis
1519 2043 1682 2120 usquein
1710 2043 1810 2105 duem
1834 2043 1957 2105 debitae

298 2140 345 2201 ita
361 2139 397 2200 ut
411 2139 536 2212 ardeat,
554 2137 750 2200 charitatem
763 2139 953 2202 autemnon
968 2138 1097 2200 hahue-
1153 2138 1304 2216 perducit
1326 2141 1479 2202 actionis.
1505 2157 1524 2202 s
1553 2142 1593 2203 nt
1620 2140 1790 2202 isidorus:
1817 2158 1838 2200 ε
1864 2144 1958 2203 lunc
2026 2211 2027 2216 ,

297 2237 352 2310 rit,
376 2237 423 2298 nil
441 2235 472 2298 ei
487 2234 634 2316 prodest,
650 2235 791 2306 scilicet,
809 2236 852 2298 ad
872 2237 975 2300 vitam
995 2239 1098 2298 aeter·
1154 2237 1241 2299 enim
1265 2238 1374 2316 placet
1392 2241 1459 2301 Deo
1482 2239 1598 2300 nostra
1627 2239 1802 2301 conversio
1821 2239 1957 2316 θεθεεῖο

297 2351 386 2398 uam.
1152 2334 1274 2396 bonum
1292 2334 1378 2412 quod
1393 2335 1600 2407 inchoamus,
1620 2335 1877 2412 perseveranter
1891 2335 1957 2396 tine

339 2430 490 2496 Secundo
517 2431 592 2493 loco
613 2431 748 2510 ponitur
770 2431 812 2494 de
833 2428 1034 2502 obedientia,
1057 2432 1099 2494 de
1153 2430 1366 2508 complemus.
1385 2435 1546 2494 »Bonum
1569 2447 1734 2509 ergeuen
1757 2432 1954 2510 incoepissc,

299 2547 364 2609 qua
374 2530 533 2593 Dominus
545 2529 593 2592 ait
607 2551 614 2590 :
630 2533 709 2594 Non
723 2533 804 2592 ocal
811 2531 927 2606 facere
939 2530 1099 2592 columc-
1154 2529 1211 2590 sed
1230 2529 1411 2607 perfecisse
1434 2530 1542 2592 virtus
1563 2531 1624 2593 θεῖ.
1655 2533 1794 2608 Semper
1819 2531 1857 2591 in
1885 2531 1953 2592 vita

299 2631 368 2692 teat
382 2643 509 2702 θῖθαεε,
523 2631 583 2690 sed
599 2629 810 2692 θοῖεεῖθῖθεε
825 2631 913 2702 ejus,
925 2631 984 2702 θεῖ
1002 2628 1098 2690 ratolt
1152 2627 1299 2688 hominis
1327 2627 1403 2688 tinis
1432 2629 1631 2706 quaerendus
1656 2629 1718 2700 est,
1748 2629 1840 2706 quia,
1872 2629 1956 2692 sicut

297 2743 353 2790 ecc
369 2725 400 2806 (J
404 2743 480 2788 can.
494 2742 542 2799 vr,
555 2723 620 2806 38).
634 2726 672 2788 ut
685 2725 863 2804 Apostolus
880 2746 887 2786 ε
903 2725 1033 2788 Factus
1046 2726 1098 2786 cst
1153 2725 1234 2790 dicit
1248 2725 1423 2788 Dominus:
1433 2727 1521 2788 «Ubi
1532 2729 1566 2789 te
1576 2725 1806 2800 invenero,ibi
1818 2727 1853 2790 te
1863 2726 1955 2805 judi-

299 2829 457 2888 obcdtcits
466 2839 573 2898 usqae
587 2827 632 2888 ad
643 2823 805 2896 acortcm,
821 2822 1099 2886 mortemactem
1153 2823 1247 2887 cabo.
1270 2827 1353 2885 »Ex
1367 2824 1433 2884 tine
1459 2825 1548 2886 enim
1563 2839 1623 2886 suo
1645 2825 1877 2902 εεεεθεῖεθεθ
1898 2824 1954 2886 θεῖ

298 2921 560 3000 θνεθῖε(Ρῖῖῖῖῖθ.
577 2937 613 2994 11,
628 2919 796 3000 8).0mnls
808 2921 1097 2982 homoexratione
1149 2921 1364 3000 justificatur,
1379 2922 1437 2983 aut
1459 2922 1711 2984 condemnatur.
1733 2923 1955 2984 consumma-

298 3019 396 3082 dehet
413 3036 510 3080 suum
522 3021 712 3081 Creatorem
726 3033 919 3094 agnoscere,
941 3018 974 3080 et
993 3017 1098 3095 ipsius
1153 3021 1278 3082 tionem
1288 3019 1399 3081 autem
1414 3020 1623 3082 commendat
1638 3020 1815 3082 Salomon:
1830 3023 1953 3083 Melior

297 3117 472 3196 praeceptis
487 3115 659 3178 humiliter
671 3115 816 3187 obedire,
835 3115 913 3191 quia
927 3131 1025 3178 nemo
1038 3131 1100 3191 po-
1153 3119 1205 3179 θεῖ
1216 3119 1298 3191 finis
1314 3119 1493 3191 orationis,
1508 3133 1612 3192 quam
1626 3121 1839 3194 principiam
1854 3118 1952 3194 (Eccl.

297 3215 363 3277 lest
379 3215 429 3274 ire
441 3213 482 3275 ad
497 3212 640 3290 patriam
662 3211 727 3273 nisi
746 3211 909 3290 perviam
924 3201 1099 3273 mandato-
1152 3229 1210 3286 vu,
1227 3212 1272 3293 9).
1283 3215 1359 3276 Non
1372 3216 1566 3293 quaeruutur
1580 3215 1615 3275 iu
1629 3213 1830 3277 Christianis
1845 3216 1953 3285 initia,

298 3329 384 3381 rum,
399 3312 462 3374 hoc
474 3311 538 3384 est,
552 3309 784 3382 obedientiam,
799 3324 860 3372 nec
873 3309 981 3386 potest
996 3325 1016 3370 a
1030 3311 1098 3372 Deo
1154 3310 1211 3372 sed
1234 3311 1321 3372 linis.
1337 3313 1423 3373 Nam
1439 3312 1542 3376 Judas
1556 3312 1641 3374 bene
1665 3313 1775 3390 coepit,
1788 3311 1847 3374 sed
1867 3313 1954 3376 male

299 3410 448 3486 recipere
467 3407 639 3485 praemium
659 3407 716 3484 θεῖ
735 3409 869 3470 recusat
891 3408 964 3484 ejus
986 3405 1097 3468 servi·
1153 3408 1272 3478 linivit,
1293 3407 1371 3488 quia
1390 3409 1539 3472 vendidit
1560 3413 1593 3472 et
1610 3409 1747 3472 tradidit
1770 3409 1952 3483 Christum,
2026 3441 2027 3470 ;

299 3507 394 3569 tium.
412 3505 506 3568 Unde
519 3504 637 3577 David,
658 3507 695 3567 ut
707 3508 819 3582 posset
832 3505 1002 3566 coelestem
1020 3503 1098 3580 glo·
1153 3507 1186 3570 et
1204 3508 1324 3583 laqueo
1348 3523 1384 3568 se
1403 3507 1586 3584 suspendit.
1613 3508 1738 3570 Paulus
1761 3522 1841 3570 vero
1866 3509 1957 3570 malo

299 3605 385 3667 riam
418 3605 490 3666 sine
525 3603 591 3664 ilne
623 3603 806 3680 percipere,
840 3601 992 3664 studebat
1023 3617 1098 3663 cum
1153 3605 1263 3683 coepit,
1278 3605 1336 3666 sed
1350 3604 1436 3668 bene
1450 3605 1569 3668 finivit.
1592 3605 1687 3668 Unde
1708 3605 1766 3666 ille
1780 3607 1956 3683 evangeli-

300 3702 462 3766 charitate
484 3703 551 3764 Deo
570 3701 696 3762 servire
715 3700 853 3762 dicens:
881 3704 977 3762 Viam
994 3714 1098 3762 maa·
1153 3719 1213 3765 cus
1238 3703 1290 3765 est
1326 3719 1347 3764 a
1381 3703 1521 3765 Domino
1553 3703 1702 3780 graviter
1737 3703 1953 3780 redargutae,

299 3801 462 3862 datorum
475 3799 614 3860 laomim
628 3804 770 3860 caccerrl
784 3796 853 3877 (Ρε.
871 3798 939 3870 118,
953 3795 1019 3875 32).
1035 3797 1098 3858 Via
1154 3801 1232 3879 quia
1247 3800 1347 3877 coepit
1361 3798 1539 3873 aedificare,
1555 3801 1589 3862 et
1600 3813 1667 3862 non
1680 3801 1787 3878 potuit
1799 3815 1956 3863 consum·

299 3899 531 3962 mandatorum
551 3897 674 3958 dicitur
689 3896 893 3972 obedientia3
915 3895 994 3973 θεῖε
1013 3893 1100 3956 εῖθεῖ
1153 3911 1256 3958 mare.
1279 3897 1389 3972 Magis
1408 3911 1488 3959 vero
1512 3896 1723 3973 gaudendum
1736 3899 1788 3959 est
1803 3897 1847 3959 de
1865 3912 1950 3960 con-

300 3995 398 4060 homo
421 3994 593 4073 perviam
615 3993 770 4057 vaditad
794 3995 948 4071 patriam,
971 3993 1018 4054 ita
1039 4006 1099 4070 per
1153 3995 1384 4058 summationis
1408 4009 1521 4072 opere,
1550 4010 1650 4072 quam
1673 3993 1715 4056 de
1738 3994 1952 4072 incoeptione.

300 4092 522 4155 obedientiam
545 4092 637 4154 vadit
655 4089 696 4153 ad
716 4091 868 4168 gloriam.
889 4093 930 4154 Et
945 4090 1020 4152 ideo
1042 4091 1098 4167 qui
1154 4093 1248 4154 Unde
1262 4092 1399 4154 decimae
1414 4089 1583 4168 digniores
1601 4093 1690 4166 sunt,
1705 4091 1739 4152 et
1752 4092 1861 4168 magis
1876 4091 1953 4169 pla·

301 4192 352 4252 est
365 4189 560 4252 extrariam
568 4189 810 4262 mandatorum,
823 4204 890 4250 nou
903 4189 1010 4266 potest
1021 4203 1099 4265 per·
1154 4191 1229 4251 cent
1250 4191 1318 4251 Dec
1338 4205 1437 4267 quam
1451 4187 1619 4266 primitiae.
1643 4189 1730 4250 Nam
1749 4187 1890 4250 decimae
1913 4187 1954 4250 si·

300 4287 416 4349 venire
435 4286 476 4346 ad
496 4302 635 4363 regnum
656 4286 827 4358 coelorum,
853 4285 911 4347 sed
934 4285 1099 4363 perhanc
1153 4286 1314 4363 gnificaut
1341 4285 1679 4357 consummationem,
1706 4285 1864 4362 primitiae
1893 4301 1955 4348 au-

299 4385 388 4447 riam
404 4382 524 4447 debent
534 4383 616 4461 justi
632 4383 1050 4456 currere,idest,velociter
1064 4383 1099 4446 in
1152 4385 1220 4446 tem
1232 4383 1377 4446 initium.
1393 4382 1487 4446 Unde
1499 4398 1574 4446 oum
1589 4397 1703 4444 omnes
1717 4382 1861 4445 virtutes
1876 4397 1955 4444 θεε-

300 4483 455 4546 omnibus
472 4481 622 4554 obedire,
644 4481 677 4546 et
698 4481 815 4544 tollere
837 4495 969 4543 erucem
990 4497 1096 4554 suam,
1153 4481 1230 4544 rant
1245 4481 1287 4544 ad
1308 4481 1472 4554 bravium,
1496 4480 1568 4544 sola
1587 4481 1840 4559 perseverantia
1856 4495 1956 4543 coro-

299 4583 333 4644 et
347 4581 441 4660 εθθεῖ
458 4580 638 4643 Christum.
657 4580 742 4652 Quia
762 4594 841 4657 ergo
856 4579 1008 4642 Christus
1027 4579 1099 4643 lac-
1153 4580 1262 4642 natur.

299 4681 352 4744 tus
375 4682 425 4742 θεῖ
443 4677 602 4742 obediens
624 4693 729 4756 usque
750 4677 792 4740 ad
816 4679 956 4740 mortem
976 4677 1098 4752 crucis,
1193 4677 1383 4742 Notandum
1421 4679 1481 4749 est,
1511 4675 1599 4756 quod
1628 4676 1678 4739 θεῖ
1701 4677 1954 4754 perseverantia

300 4781 337 4841 ut
351 4793 437 4840 unus
452 4793 512 4855 pro
523 4776 676 4842 omnibus
691 4775 855 4853 gustando
867 4777 1017 4849 mortem,
1033 4792 1100 4838 om·
1153 4775 1243 4849 boni,
1262 4778 1296 4838 et
1316 4775 1565 4852 perseverantia
1577 4773 1669 4848 mali,
1689 4773 1857 4848 videlicet,
1878 4774 1957 4852 J'us-

298 4893 359 4940 nes
387 4891 407 4938 a
435 4878 542 4937 morte
563 4874 722 4952 perpetua
750 4874 918 4946 liberaret,
945 4874 978 4936 et
1000 4873 1098 4936 nobis
1152 4875 1264 4937 torum
1287 4875 1320 4936 et
1346 4872 1574 4951 reproborum.
1600 4873 1856 4934 Perseverantia
1875 4871 1955 4934 honi

201 4973 202 4978 ’
300 4991 392 5054 spem
420 4973 678 5036 resurrectionis
703 4973 737 5034 et
763 4972 881 5048 gloriae
906 4971 1097 5048 largiretur.
1153 4973 1204 5034 est
1217 4973 1340 5048 virtus:
1354 4971 1605 5049 perseverantia
1619 4969 1851 5044 mali,ritium.
1867 4973 1955 5034 Per·

299 5076 461 5152 Majorem
490 5070 711 5134 obedientiam
739 5085 837 5134 nemo
862 5071 935 5148 ipso
966 5069 1096 5142 habuit,
1154 5070 1343 5133 severantia
1365 5071 1532 5148 justorum
1559 5069 1610 5132 est
1632 5084 1768 5130 carnem
1793 5068 1954 5142 vincere,

300 5172 357 5251 θεῖ
378 5172 525 5233 animam
550 5185 645 5231 suam
664 5169 776 5247 posuit
795 5185 855 5247 pro
876 5168 994 5230 amicis
1015 5167 1097 5238 suis,
1154 5168 1306 5246 proprias
1322 5167 1512 5231 voluntates
1525 5167 1580 5231 vel
1599 5166 1789 5246 voluptates
1806 5166 1955 5240 calcare,

300 5270 390 5348 quia,
406 5285 482 5332 cum
501 5283 650 5332 essemus
669 5267 793 5329 mortui
811 5267 847 5328 in
868 5265 1023 5344 peccatis,
1044 5265 1100 5330 vi·
1153 5264 1409 5329 delectationem
1432 5265 1511 5328 vitae
1535 5265 1711 5344 presentis
1738 5264 1956 5341 extinguere,

299 5367 448 5430 vidcavit
462 5383 523 5430 nos
535 5381 595 5445 per
607 5365 745 5429 mortem
761 5381 856 5426 suam
870 5365 995 5437 delens,
1012 5363 1098 5441 quod
1154 5365 1256 5443 hujus
1280 5364 1394 5426 mundi
1416 5379 1535 5442 aspera
1560 5379 1622 5442 pro
1647 5362 1781 5426 aeternis
1799 5364 1955 5441 praemiis

301 5466 461 5528 adversus
485 5480 546 5526 nos
571 5467 655 5538 erat,
679 5462 938 5541 chirographum
961 5463 1097 5536 decreti,
1154 5479 1279 5536 amare,
1296 5462 1527 5541 prosperitatis
1545 5461 1772 5524 blandimenta
1796 5461 1956 5524 contem·-
2026 5453 2027 5456 ’

301 5564 428 5642 peccati
442 5561 607 5635 videlicet,
626 5563 660 5626 et
678 5561 804 5634 mortis,
826 5561 911 5639 quod
927 5561 1000 5622 erat
1014 5576 1098 5624 con·
1155 5577 1247 5632 nere,
1272 5561 1491 5624 adversitates
1511 5561 1546 5623 in
1572 5559 1672 5624 corde
1695 5558 1854 5622 tolerare.
1876 5563 1957 5623 Haec

301 5661 442 5748 trarium
461 5660 567 5724 nobis.
594 5659 688 5724 Unde
717 5659 854 5722 isaias:
883 5658 1037 5724 Tradidit
1062 5661 1099 5722 ta
1155 5659 1405 5738 perseverantia
1415 5659 1488 5724 erat
1497 5659 1533 5721 in
1541 5658 1709 5738 apostolo,
1717 5667 1793 5720 cum
1804 5657 1955 5721 dicebat:
