4076 6420
89 343 151 402 777
454 336 499 399 ΙΝ
520 335 650 400 Manio
673 334 1027 410 QUADRAGDSIMAE.
1050 335 1177 399 rema
1198 335 1368 411 QUINTA.
1673 337 1733 398 778

86 512 206 568 mones
227 494 265 558 in
287 492 485 568 Beelzebub,
509 493 623 559 tenent
643 494 784 574 liguram
809 495 888 559 illo-
940 511 1029 572 eam,
1049 495 1084 560 er
1103 496 1188 573 sacti
1202 495 1285 560 suot
1298 495 1475 560 ettotmtct
1488 491 1623 576 (ibren.
1638 495 1667 574 i,
1683 493 1730 577 2).

88 612 165 658 rum
193 595 250 672 qui
276 593 364 654 bona
389 593 585 656 convertunt
603 594 639 656 in
663 595 762 656 mala.
784 593 885 657 Verbi
940 595 1060 668 Gbari,
1087 593 1190 667 idest,
1217 594 1318 656 amici
1348 593 1468 655 animae
1490 593 1635 654 bominis
1656 597 1734 655 sunt

87 693 211 770 gratia,
234 691 264 752 si
279 691 394 753 vident
416 691 583 752 bominem
601 691 814 768 religiosum,
834 692 887 752 di-
939 691 1026 754 beati
1050 693 1179 768 Angeli,
1203 693 1344 769 quinon
1364 691 1580 752 consolantur
1602 705 1675 752 eam
1698 690 1733 751 in

12 839 15 845 r
88 791 170 851 eunt
193 805 267 851 esse
288 788 515 866 hypocritam3
541 789 570 848 si
588 788 702 851 vident
718 789 886 851 hominem
940 790 1045 851 morte
1060 806 1130 862 sua,
1147 789 1224 868 quia
1239 789 1275 850 in
1289 788 1352 850 boc
1369 789 1491 850 mundo
1508 803 1574 849 non
1592 787 1733 850 vultri-
1846 804 1847 808 ¹

85 887 308 964 jejunantem,
324 885 438 948 dicunt
461 902 535 948 esse
553 901 691 950 avarum
717 886 750 950 et
773 887 822 949 sic
845 885 886 949 de
939 903 1018 950 vere
1032 888 1133 959 caste,
1156 887 1189 949 et
1211 887 1379 963 religiose.
1406 887 1491 948 Nam
1513 886 1547 947 in
1569 885 1633 948 hac
1654 901 1734 963 pro-

88 983 234 1046 caeteris.
706 1059 708 1063 ,
940 984 1052 1062 pbetia
1070 983 1200 1063 plangit
1222 983 1395 1057 ieremias,
1415 983 1597 1045 secundum
1621 983 1733 1045 bisto-

581 1152 584 1164 ‚
939 1082 1035 1156 riam,
1053 1081 1311 1145 destructionem
1330 1081 1528 1151 Jerusalem,
1551 1079 1734 1143 secundum

432 1177 546 1266 XVII
798 1241 802 1247 ,
940 1180 1134 1256 allegoriam
1150 1179 1406 1242 destructionem
1426 1179 1594 1252 Ecclesiae,
1619 1178 1652 1241 et
1680 1193 1735 1240 se·

940 1278 1084 1341 cundum
1098 1277 1319 1340 moralitatem
1329 1275 1586 1338 destructionem
1599 1275 1732 1349 animae,

164 1409 216 1472 IN
243 1409 392 1472 MEDIO
420 1409 814 1483 QUADRAGESIMAE
940 1391 1014 1454 quae
1026 1375 1207 1438 destruitur
1218 1389 1277 1454 pel*
1288 1373 1471 1452 mercatum,
1488 1374 1521 1435 Ot
1533 1373 1664 1451 quando
1677 1373 1735 1433 du-

941 1473 1028 1536 citur
1041 1473 1083 1534 ad
1101 1471 1279 1534 internum.
1301 1471 1388 1533 Dicit
1404 1485 1503 1546 ergo:
1519 1473 1599 1534 Non
1612 1470 1734 1544 estqui

211 1571 212 1575 ’
341 1581 465 1632 snam
488 1583 640 1642 ournrn
940 1571 1133 1634 consoletur
1159 1585 1238 1632 eom
1258 1583 1305 1631 eor
1322 1571 1479 1631 omnibus
1503 1570 1620 1630 ebone
1643 1569 1730 1640 ejus,

940 1666 1036 1740 idest,
1047 1667 1158 1729 nullus
1171 1682 1215 1728 ex
1224 1664 1359 1742 Angelis
1365 1664 1611 1727 vultconsolari
1617 1679 1691 1725 eam
1697 1664 1733 1726 in

128 1765 285 1840 Serpens
302 1765 406 1826 Jesus
423 1766 465 1826 de
478 1778 665 1842 synogoga,
684 1763 832 1826 intravit
849 1767 888 1826 to
941 1765 1046 1827 morte
1069 1779 1140 1826 sua.
1162 1766 1283 1826 Omnes
1298 1761 1397 1825 amici
1416 1761 1625 1836 spreverunt
1644 1775 1732 1823 eam.

87 1865 231 1923 mum
257 1863 419 1924 Statores.
446 1863 573 1923 soemo
597 1863 715 1924 autom
736 1863 887 1924 Simontr
941 1862 1025 1925 Fioti
1039 1861 1111 1923 sire
1126 1859 1202 1922 salsi
1214 1859 1313 1922 amici
1327 1859 1448 1921 anime
1464 1859 1541 1920 sunt
1555 1857 1733 1929 daemones,

89 1959 272 2020 tenebatur
283 1961 421 2036 mappis
434 1961 595 2034 scombris,
620 1959 654 2021 et
667 1959 764 2020 stans
781 1973 888 2034 super
942 1959 998 2038 qui
1012 1959 1054 2020 ad
1068 1959 1132 2021 boo
1151 1957 1296 2034 diligunt
1303 1971 1392 2028 eam,
1409 1956 1445 2017 ut
1458 1953 1602 2016 habeant
1614 1955 1649 2015 in
1663 1954 1735 2015 tor-

88 2058 204 2130 suam,
230 2058 418 2132 imperavit
443 2059 543 2133 febri,
575 2057 609 2120 ct
633 2057 766 2120 dimoti
793 2060 887 2120 tttom
941 2057 1061 2118 mentis
1084 2055 1220 2118 sociam.
1253 2055 1293 2115 st
1320 2053 1385 2131 ipsi
1409 2051 1618 2128 spreverunt
1642 2066 1733 2121 eom,

89 2150 187 2232 (Luc.
198 2169 243 2226 iv,
259 2151 330 2233 32).
941 2153 1020 2232 quia
1034 2152 1262 2229 improperant
1274 2151 1305 2211 ei
1321 2149 1408 2210 mala
1421 2165 1494 2226 quae
1507 2148 1596 2210 iecit.
1616 2149 1656 2212 Et
1667 2147 1737 2210 tue·
1860 2145 1862 2150 ’

130 2251 206 2312 Non
227 2251 337 2312 solum
356 2265 488 2312 socrum
516 2250 660 2314 Simonis
683 2250 842 2313 Dominus
867 2264 886 2310 a
940 2251 1019 2313 runt
1044 2253 1078 2313 et
1103 2251 1253 2320 inimici,
1281 2247 1360 2325 quia
1385 2245 1540 2323 affligunt
1562 2261 1638 2308 eam
1663 2245 1738 2307 tor-

89 2346 239 2408 iebribus
257 2347 402 2418 sanavit,
423 2347 531 2409 sedet
556 2349 677 2411 multos
689 2347 773 2409 alios
792 2363 813 2409 a
835 2346 889 2406 di·
941 2347 1059 2409 mentis
1077 2346 1202 2418 multis,
1221 2361 1320 2423 quam
1343 2343 1510 2406 delectare
1524 2343 1675 2406 iecerunt
1697 2342 1734 2404 in

87 2445 199 2506 versis
223 2443 255 2506 et
268 2443 373 2506 variis
385 2444 600 2521 languoribus
616 2444 780 2507 liberavit.
800 2444 894 2506 Nam'
941 2443 1103 2524 peccatis.
1119 2443 1219 2506 Unde
1235 2441 1358 2504 David:
1386 2445 1450 2508 <lut
1475 2441 1640 2504 trtbtdoot
1665 2453 1733 2512 me,

88 2556 197 2602 caecos
210 2540 437 2614 illuminabat,
450 2541 600 2618 leprosos
615 2541 805 2614 mundabat,
824 2541 888 2603 dae-
941 2541 1207 2614 marmerei·
1219 2540 1334 2603 motus
1346 2541 1512 2614 fitero.....
1539 2536 1607 2618 (Ps.
1621 2537 1671 2610 12,
1687 2534 1733 2617 5).

88 2653 213 2700 mones
242 2637 283 2700 ab
316 2637 461 2699 obsessis
492 2637 686 2714 corporibus
721 2637 891 2715 ejiciebat.
941 2641 1076 2701 Daemon
1085 2637 1338 2701 semianimem
1347 2630 1738 2712 damrrablliter,quando

91 2734 189 2796 Unde
202 2734 460 2811 aliasscriptum
480 2736 551 2796 est:
571 2736 617 2796 Et
635 2739 693 2810 gut
709 2728 893 2797 veroman—
941 2735 1123 2798 duciteam
1147 2750 1207 2813 per
1226 2733 1390 2796 tormenta
1411 2732 1546 2795 interni.
1571 2732 1666 2795 Unde
1678 2735 1739 2796 Je-

90 2832 153 2894 ior
180 2846 203 2892 a
229 2832 410 2904 spiritibus
436 2833 644 2904 immoratis,
673 2833 889 2894 curabantur
941 2832 1083 2896 remias:
1105 2834 1229 2895 mones
1246 2831 1511 2908 persecutorum
1526 2833 1737 2920 clusopprc-

89 2926 188 3008 (Luc.
204 2943 252 3000 vr,
270 2927 333 3006 18).
353 2928 500 3000 Quatuor
520 2928 626 2990 modis
644 2929 808 2992 vexantur
822 2929 887 2990 bo·
940 2931 1134 2994 tenderunt
1148 2945 1227 2992 eam
1246 2930 1532 3006 toteroooosttas
1545 2924 1692 3006 (Threm.
1710 2941 1734 2999 r,

89 3025 232 3095 minesa
247 3024 419 3102 spiritibus
434 3024 623 3099 immundis,
637 3026 803 3098 videlicet,
812 3041 889 3088 eor-
941 3026 986 3108 3).
1010 3027 1244 3090 Persecutores
1273 3027 1394 3088 animae
1413 3025 1491 3086 sunt
1508 3025 1647 3102 spiritus
1669 3024 1737 3085 im-

89 3122 263 3201 poraliter,
278 3121 509 3199 spiritualiter,
523 3122 738 3197 horribiliter,
752 3123 786 3186 et
799 3122 888 3186 dam·
941 3125 1067 3198 mundi,
1095 3125 1151 3203 qui
1178 3123 1422 3203 persequuntur
1447 3122 1593 3184 animam
1618 3121 1655 3184 in
1678 3120 1736 3182 in-

90 3218 260 3281 nabiliter.
299 3220 552 3296 corporaliter,
590 3221 721 3298 quando
756 3221 886 3283 daemon
941 3222 1047 3297 ierno,
1072 3222 1226 3286 vexando
1239 3237 1313 3284 eam
1330 3220 1473 3284 diversis
1487 3219 1673 3283 tormentis.
1697 3217 1737 3282 at

91 3317 194 3378 vexat
206 3317 481 3394 corpusbominis
495 3317 682 3380 visibiliter.
701 3318 794 3380 Unde
807 3319 887 3396 legi·
941 3321 1006 3399 ipsi
1030 3319 1322 3399 apprehenderunt
1347 3334 1421 3380 eam
1441 3318 1530 3396 inter
1550 3315 1734 3394 angustias,

92 3429 167 3475 mus
179 3415 215 3475 in
229 3415 421 3492 Evangelio,
440 3414 526 3492 quod
546 3415 676 3476 daemon
690 3416 888 3493 projiciebat
941 3419 1037 3491 idest,
1054 3417 1142 3480 inter
1156 3416 1356 3478 afflictiones
1366 3413 1502 3476 interni.

93 3511 405 3588 pueruminignem,
418 3512 495 3574 etin
511 3527 642 3588 apuam.
658 3513 749 3584 Quod
759 3513 888 3575 italae-
982 3513 1136 3590 Legimus
1151 3513 1186 3573 in
1208 3511 1359 3590 physica,
1375 3511 1462 3589 quod
1480 3525 1602 3587 corpus
1615 3509 1741 3572 buma-

93 3611 164 3672 tum
179 3609 366 3671 inveritate
379 3608 556 3671 credimus.
569 3611 693 3671 Tamen
706 3609 887 3671 secundum
942 3627 1020 3672 num
1035 3626 1079 3672 ex
1088 3609 1229 3688 quatuor
1239 3603 1413 3672 elementis
1423 3607 1743 3686 principaliter-con·

95 3705 302 3782 spiritualem
314 3705 581 3782 intelligentiam,
598 3721 658 3783 per
670 3705 889 3782 ignemdesi-
943 3707 1048 3784 sistit;
1072 3705 1229 3770 videlicet
1243 3707 1345 3779 terra,
1366 3721 1464 3783 aqua,
1487 3720 1565 3767 aere
1588 3706 1622 3768 et
1646 3705 1742 3781 igne,

91 3804 215 3879 gnatur
228 3803 292 3876 ira,
313 3803 451 3872 invidia,
471 3803 505 3865 et
525 3802 600 3865 alia
615 3817 752 3894 quoque·
766 3803 888 3864 mentis
942 3803 1027 3866 idest
1039 3803 1074 3865 in
1086 3804 1229 3881 quatuor
1242 3803 1438 3866 humoribus
1453 3801 1743 3880 naturaliter-per·

92 3899 195 3976 ritia;
209 3915 270 3978 per
281 3915 401 3978 aquam
417 3899 610 3977 designatur
624 3899 758 3962 luxuria
774 3899 806 3962 et
820 3900 888 3964 alia
943 3902 1064 3974 manet,
1087 3901 1254 3974 videlicet,
1271 3899 1469 3974 melancolia
1486 3915 1560 3977 quas
1580 3899 1743 3960 similitu-

91 3997 175 4058 vitia
201 3998 325 4059 carnis.
356 4001 491 4060 Daemon
517 3997 652 4076 projicit
682 4013 820 4076 puerum
852 3999 889 4060 in
943 3998 1053 4060 dinem
1068 3998 1255 4060 nabetcum
1270 3999 1373 4070 terra,
1391 3996 1630 4075 flegmatequae
1650 3997 1740 4058 assi-

93 4094 216 4170 ignem,
231 4095 361 4172 quando
383 4093 463 4158 iacit
483 4095 652 4157 bominem
675 4111 815 4173 peecare
829 4111 889 4173 per
944 4093 1079 4158 milatur
1093 4095 1371 4174 aquae,sanguine
1381 4095 1439 4173 qui
1462 4093 1573 4156 altinis
1588 4095 1638 4156 est
1652 4094 1736 4168 aeri,

93 4193 191 4264 iram,
206 4193 264 4254 aut
278 4192 454 4254 avaritiam
473 4193 507 4254 et
527 4191 731 4270 hujusmodi.
751 4193 891 4270 Projicit
943 4193 1079 4255 cholera
1099 4209 1172 4272 quae
1192 4192 1320 4255 accedit
1341 4192 1383 4254 ad
1404 4193 1527 4270 ignem.
1553 4193 1593 4255 Et
1606 4193 1655 4254 sic
1668 4193 1741 4256 tra-

93 4290 132 4351 in
153 4283 283 4368 aquam,
309 4288 440 4368 quando
459 4288 539 4351 lacit
557 4289 725 4352 bominem
750 4306 889 4369 peccare
944 4290 1025 4355 dunt
1045 4292 1079 4354 et
1097 4291 1244 4354 tractant
1259 4290 1296 4362 ii,
1322 4305 1404 4368 quos
1423 4289 1529 4368 agitat
1549 4289 1741 4364 istelabor,
1783 4323 1787 4330 -

94 4403 155 4465 per
173 4387 352 4459 luxuriam,
376 4386 409 4448 et
422 4385 624 4464 hujusmodi.
641 4389 776 4450 Daemon
791 4390 890 4451 vexat
944 4389 1030 4467 quod
1048 4388 1207 4467 quamdiu
1227 4388 1385 4450 humores
1404 4389 1461 4450 isti
1475 4389 1511 4451 in
1531 4404 1593 4451 suo
1604 4389 1693 4452 statu
1707 4389 1748 4450 et.

94 4484 265 4547 bominem
284 4484 503 4562 spiritualiter
515 4484 647 4562 quando
661 4485 800 4562 instigat
813 4501 889 4548 eum
943 4487 1164 4564 temperantia
1185 4501 1225 4548 ac
1242 4486 1435 4562 integritate
1454 4485 1647 4562 perdurant,
1664 4502 1749 4549 cor--

94 4581 137 4644 ad
149 4582 281 4644 diversa
292 4581 385 4644 vitia.
395 4582 489 4643 Unde
499 4581 641 4657 legimus
649 4583 686 4642 in
695 4583 887 4661 Evangelio,
944 4600 1006 4662 pus
1020 4583 1202 4646 humanum
1218 4583 1254 4644 in
1274 4583 1417 4646 sanitate
1431 4581 1562 4659 integra
1577 4599 1739 4661 perseve-

93 4679 182 4757 quod
202 4681 343 4743 Satanas
364 4679 517 4742 introivit
537 4679 573 4741 in
588 4679 719 4741 ⁸ludam
742 4681 777 4742 et
799 4679 891 4742 misit
944 4683 1007 4744 rat.
1030 4681 1094 4744 Sed
1114 4697 1159 4743 ex
1177 4680 1390 4758 corruptione
1409 4679 1550 4742 istorum
1562 4681 1747 4743 humorum

93 4779 131 4840 in
153 4793 210 4839 cor
233 4780 324 4855 ejus,
345 4777 381 4840 ut
403 4777 551 4839 traderet
575 4777 699 4839 lesum.
730 4778 784 4839 Sic
810 4776 891 4841 iacit
945 4780 1003 4840 aut
1017 4778 1160 4857 alicujus
1175 4793 1302 4850 eorum,
1318 4777 1460 4839 diversae
1474 4777 1673 4853 perveniunt
1686 4777 1751 4840 im·¹

94 4876 196 4937 bodie
213 4875 337 4944 multis,
362 4875 494 4954 quando
515 4873 653 4951 instigat
666 4883 724 4936 eos
739 4875 780 4936 ad
797 4875 891 4954 rapi·
945 4875 1126 4940 firmitates.
1150 4877 1237 4938 Etsi
1260 4875 1335 4954 quis
1353 4875 1454 4936 vellet
1473 4875 1536 4936 boc
1551 4891 1618 4936 non
1630 4875 1749 4938 miuus.

94 4989 174 5035 nam
185 4974 219 5035 et
235 4988 376 5050 pugnae,
391 4972 433 5033 ad
447 4973 522 5034 lites
535 4972 568 5036 et
581 4971 783 5048 hujusmodi.
798 4975 889 5034 Hor·
945 4974 1076 5036 curiose
1097 4989 1197 5051 quam
1222 4972 1365 5035 sollicite
1391 4973 1423 5034 et
1452 4971 1619 5036 subtiliter
1642 4973 1747 5037 inda-

93 5071 238 5134 ribiliter
251 5071 381 5132 daemon
399 5070 500 5133 vexat
520 5069 688 5132 bominem
702 5069 738 5131 in
753 5086 891 5148 egressu
944 5087 1036 5149 gare,
1059 5070 1172 5148 posset
1194 5069 1349 5132 fortassis
1364 5071 1397 5133 et
1411 5069 1446 5132 in
1462 5071 1574 5132 anima
1593 5071 1747 5132 infirmi-

94 5169 216 5231 animae
245 5169 286 5230 de
312 5184 461 5246 corpore,
492 5167 571 5247 quia
591 5168 672 5229 tunc
692 5168 822 5232 reducit
848 5169 890 5231 ad
944 5171 1029 5233 tates
1043 5168 1156 5232 varias
1174 5168 1336 5241 invenire,
1359 5184 1498 5247 quarum
1513 5168 1614 5230 aliam
1631 5170 1747 5246 posset

93 5259 290 5329 memoriam
304 5269 377 5345 ejus
393 5266 504 5328 omnia
514 5267 649 5343 peccata
665 5282 738 5343 quae
755 5267 844 5340 iecit,
858 5268 892 5329 et
945 5267 1103 5345 adaptare
1115 5265 1200 5327 febri
1215 5267 1398 5344 quartanae,
1415 5265 1520 5328 aliam⁴
1529 5265 1694 5339 tertianae,
1708 5269 1742 5330 et

94 5368 176 5429 tunc
200 5365 332 5427 videtur
355 5364 483 5426 daemon
503 5379 576 5425 esse
602 5362 785 5436 horribilis,
813 5364 891 5442 quia
945 5365 1046 5428 aliam
1070 5363 1284 5442 quotidianae,
1306 5361 1339 5425 et
1358 5363 1407 5425 sic
1425 5363 1461 5425 in
1484 5364 1625 5426 caeteris.
1655 5365 1745 5428 Nam

93 5463 197 5527 vocat
208 5463 354 5524 animam
365 5461 406 5523 ad
417 5460 591 5538 supplicia.
606 5460 701 5523 Unde
709 5465 727 5524 J
730 5461 888 5523 eremias:
945 5464 1031 5525 sicut
1043 5477 1164 5539 corpus
1179 5461 1331 5524 consistit
1342 5471 1386 5522 ex
1399 5461 1542 5539 quatuor
1555 5463 1738 5538 elementis,

92 5565 175 5626 Non
200 5563 251 5623 est
275 5563 332 5635 out
354 5559 549 5622 consoletur
566 5573 644 5621 cam
662 5551 712 5622 eo'
736 5549 908 5622 omnibus
946 5561 1028 5624 etin
1048 5560 1191 5638 quatuor
1213 5558 1419 5632 humoribus,
1445 5559 1492 5621 ita
1517 5560 1550 5622 et
1571 5561 1640 5623 tres
1664 5563 1745 5626 sunt

94 5662 191 5724 corto
211 5661 296 5732 ejus.
310 5659 447 5724 ‘mones
462 5657 567 5720 ambi
589 5659 665 5730 citer
683 5659 891 5733 spreverunt
946 5658 1118 5721 naturales
1137 5657 1298 5720 viresaut
1309 5657 1465 5736 potentiae
1481 5657 1601 5720 animae
1617 5658 1651 5721 in
1667 5660 1743 5738 quia·
