4078 6442
36 311 109 373 553

83 475 129 533 111
147 473 357 553 episcopatu
373 473 555 536 Arusiense
571 471 779 552 :Episcopus
794 473 869 552 ipse
891 473 904 496 ⁹

35 571 61 630 2
77 586 236 634 marcas
251 572 393 649 singulis
408 571 518 633 annis.

87 670 133 730 In
151 669 359 749 episcopatu
375 671 609 745 straganense.

86 768 131 828 In
150 767 358 846 episcopatu
371 767 784 845 Lincopense:Episoopus
799 769 870 845 ipse

40 865 83 925 11
100 880 265 939 marcas,
284 867 318 928 et
337 866 378 928 de
393 863 534 942 singulis
558 865 656 926 annis
675 865 717 928 ad
740 866 869 944 pondus

40 961 330 1026 coloniensium.

87 1063 131 1122 In
147 1061 356 1141 episcopatu
371 1065 538 1127 scarensi.

86 1160 312 1231 Notandum,
324 1160 411 1240 qnod
435 1163 576 1241 singulae
601 1163 720 1226 domus
740 1161 868 1225 sueciae

39 1256 217 1334 singulos
260 1259 340 1323 dant
379 1259 534 1325 denarios
577 1260 719 1324 monetae
762 1260 869 1338 ipsius

41 1353 170 1416 terrae.

369 1493 567 1556 SGOTIA.

88 1651 131 1710 In
149 1648 355 1729 episcopatu
369 1651 483 1715 Sancti
501 1652 654 1726 Andreae,
669 1654 725 1732 qui
738 1653 788 1714 θεῖ
803 1653 867 1715 do-

44 1747 137 1808 mini
155 1749 267 1825 Papae
281 1749 447 1812 :Ecclesia
462 1751 574 1814 Sancti
586 1749 721 1814 rhomae
735 1751 867 1830 Marty-

45 1845 99 1905 ris
113 1845 160 1906 de
176 1845 411 1918 Abheruthoe,
424 1847 626 1911 2bisantios.

89 1943 250 2006 Abbatia
265 1943 306 2006 de
318 1945 499 2016 Londores,
512 1946 716 2018 2lrisantios.

89 2038 250 2103 Abbatia
271 2042 311 2103 de
344 2044 484 2118 Kaelko,
502 2059 605 2106 unum
634 2059 783 2118 aureum,
813 2045 866 2108 uel

48 2137 140 2200 duos
158 2139 293 2202 solidos
303 2140 550 2218 sterlingorum.
567 2142 607 2205 Et
621 2127 791 2206 sciendum
805 2145 864 2216 est,

48 2237 144 2316 qnod
174 2253 303 2301 census
322 2238 396 2312 iste,
416 2241 454 2302 13
468 2255 556 2302 anno
572 2239 784 2318 pontificatus
807 2241 868 2303 do-

50 2335 142 2397 mini
160 2335 352 2399 Innocentii
365 2339 411 2401 111
421 2341 521 2416 Papae
535 2338 652 2400 auctus
667 2339 727 2412 est,
747 2339 780 2400 et
792 2355 867 2400 mu-

48 2433 145 2494 tatus
163 2432 202 2494 in
223 2449 477 2497 unammaroam
492 2435 738 2514 sterlingorum,
758 2436 867 2498 ecole-

51 2527 115 2589 siae
142 2531 312 2590 Romanae
326 2529 424 2591 annis
444 2529 585 2607 singulis
600 2531 863 2609 persolvendam,

52 2641 117 2702 per
145 2627 328 2703 Hugonem
342 2627 553 2700 monachum,
570 2629 603 2691 et
621 2627 773 2691 nuntium
791 2645 865 2691 mo-

52 2723 209 2786 nasterii
220 2723 383 2802 praedicti,
391 2724 471 2786 tunc
482 2725 569 2801 apud
585 2725 704 2788 Sedem
717 2727 864 2804 Aposto-

52 2820 402 2883 licamconstilutum.

97 2921 140 2978 in
157 2917 354 2996 episcopatu
369 2905 576 2992 oleronensi,
593 2920 648 2999 qui
674 2921 726 2983 est
739 2921 864 2984 domini

53 3019 165 3094 Papae
179 3037 188 3076 :
204 3017 280 3093 Ipsa
306 3015 449 3078 ecclesia
463 3017 604 3094 singulis
619 3017 748 3080 annisa
769 3036 863 3081 mar-

55 3129 129 3174 cas.
352 3167 356 3174 .

100 3210 250 3274 Abbatia
266 3212 397 3275 Sanctae
423 3211 539 3276 Mariae
552 3199 593 3276 de
606 3213 777 3278 Jedewrth
792 3215 864 3278 sin-

55 3309 149 3384 gulis
176 3308 277 3371 annis
303 3325 407 3372 unum
418 3311 678 3386 marabotinum,
704 3312 736 3376 et
760 3331 863 3376 unum

57 3405 270 3484 canipulum.

98 3506 137 3565 In
154 3505 352 3582 episcopatu
363 3507 519 3567 Candidas
533 3507 637 3580 Casae,
654 3508 710 3586 qui
733 3509 784 3570 est
803 3509 864 3571 do-

58 3601 146 3662 mini
160 3605 274 3679 Papae.
365 3601 368 3606 ’

99 3701 138 3760 In
155 3699 351 3776 episcopatu
365 3698 646 3774 Dumioheldensi,
661 3701 718 3778 qui
737 3704 788 3764 est
802 3703 864 3766 do-

56 3795 145 3857 mini
159 3799 273 3872 Papae.

100 3897 139 3955 In
154 3893 348 3971 episcopatu
373 3893 636 3970 Dumblaniensi,
653 3897 710 3974 qui
733 3898 783 3960 est
798 3897 861 3960 do·

58 3990 146 4052 mini
164 3994 277 4068 Papae.

100 4091 140 4149 in
157 4088 351 4167 episcopatu
363 4089 593 4166 Brachmanai,
602 4092 661 4171 qul
674 4094 724 4156 est
737 4094 861 4158 domini

61 4189 177 4265 Papae.

102 4287 140 4345 In
156 4284 350 4364 episcopatu
373 4284 617 4359 Aberdonensl‚
648 4289 704 4366 qui
731 4291 781 4353 θεῖ
803 4291 863 4353 do-

61 4382 145 4443 mini
158 4386 276 4460 Papae:
293 4383 472 4445 Willicrist
487 4401 597 4447 eomes
612 4385 652 4447 de
665 4389 749 4456 Mar,
765 4391 785 4450 2
802 4407 861 4452 so-

62 4479 147 4541 lidos
163 4481 409 4557 sterlingorum,
431 4497 513 4558 quos
540 4481 636 4545 debet
650 4484 782 4549 mittere
803 4504 863 4566 per

63 4578 306 4656 Hospitalarios
320 4579 361 4642 de
382 4580 538 4643 mandato
553 4582 717 4645 iohannis
737 4583 777 4647 de
796 4589 861 4649 Sa-

64 4675 158 4738 lerno
174 4677 368 4739 cardinalis.

102 4774 252 4836 Ecclesia
279 4775 410 4838 Sanctae
441 4775 558 4839 Mariae
583 4777 623 4840 de
649 4778 860 4857 Munmusch,

63 4873 83 4931 2
97 4872 221 4934 solidos
233 4873 478 4950 sterlingorum.

105 4972 141 5030 ln
154 4969 347 5048 episcopatu
360 4972 567 5046 Murenensi,
585 4973 642 5051 qui
661 4975 713 5036 θεῖ
736 4974 861 5039 domini

67 5068 174 5144 Papae.

105 5166 141 5226 In
176 5166 369 5244 episcopatu
395 5168 701 5245 Rosmarohinensi‚
730 5172 788 5249 qui
811 5173 862 5236 est

67 5260 188 5324 domini
204 5267 315 5341 Papae.

105 5361 141 5420 ln
156 5359 348 5439 episcopatu
362 5362 551 5432 catanensi,
574 5363 631 5442 qui
659 5365 709 5428 θεῖ
733 5365 859 5428 domini

70 5457 175 5535 Papae.

105 5556 141 5616 ln
156 5555 348 5635 episcopatu
363 5556 597 5636 deAregartel,
609 5561 858 5640 quiestdomini

72 5652 176 5729 Papae.

717 314 840 376 LIBER
861 312 1072 373 CENSUUM.

1186 499 1462 562 HIBERNIA

964 705 1125 781 Tempore
1139 703 1265 766 domini
1284 702 1425 780 Eugenil
1447 702 1493 764 ΙΙΙ
1508 705 1620 780 Papae,
1637 702 1724 766 facta

924 801 974 864 θεῖ
982 801 1204 864 divisioistius
1216 801 1387 864 Hiberniae
1397 801 1431 862 in
1444 801 1586 879 quatuor
1599 801 1725 863 metro-

924 899 1027 977 poles
1042 915 1102 977 per
1112 899 1300 963 iohannem
1315 901 1536 978 Paperonum,
1552 898 1725 977 presbyte-

924 1012 998 1058 rum
1022 997 1226 1060 cardinalem
1249 997 1347 1060 titolo
1363 997 1477 1059 Sancti
1493 997 1665 1058 Laurentii
1688 997 1722 1057 in

924 1096 1077 1170 Damaso,
1093 1095 1293 1173 Apostolicae
1317 1094 1412 1158 Sedis
1438 1095 1595 1172 legatum,
1611 1095 1647 1157 ut
1669 1095 1724 1156 in-

923 1190 1027 1254 ferius
1048 1193 1236 1256 adnotatur.

963 1297 1001 1362 111
1015 1300 1306 1378 archiepiscopatu
1319 1299 1519 1375 Armachiae,
1527 1300 1584 1380 qni
1595 1301 1645 1363 θεῖ
1656 1301 1721 1380 prl-

787 1459 790 1466 ,
923 1415 995 1461 mas
1010 1399 1112 1463 totius
1126 1397 1307 1462 Hiberniae.

964 1509 1001 1568 ln
1014 1506 1207 1585 episcopatu
1219 1505 1474 1568 connerinensi.

962 1616 1001 1675 In
1012 1614 1204 1693 episcopatu
1218 1611 1259 1673 de
1270 1611 1537 1688 Dundalechglas
1550 1634 1558 1672 ε
1572 1611 1721 1674 Ecclesia

924 1711 1038 1774 Sancti
1060 1709 1192 1774 Patritii
1213 1710 1255 1773 de
1276 1711 1382 1782 nuno,
1400 1708 1570 1771 dimidiam
1588 1711 1721 1772 unciam

922 1825 1008 1871 aum.

961 1919 999 1978 In
1023 1914 1218 1993 episcopatu
1237 1913 1528 1991 Lungundunensi
1544 1931 1551 1970 ε
1568 1913 1716 1976 Ecclesia

925 2013 1056 2076 Sanctae
1071 2012 1187 2075 Marias
1202 2012 1242 2074 de
1252 2011 1403 2086 Eudone,
1419 2014 1460 2074 20
1478 2011 1602 2074 solidos
1624 2011 1713 2074 ster-

922 2111 1102 2188 lingonum.

961 2220 999 2279 In
1013 2215 1206 2295 episcopatu
1220 2216 1442 2278 Cluaniraird.

961 2316 999 2376 ln
1011 2314 1204 2393 episcopatu
1214 2313 1255 2376 de
1267 2316 1454 2376 Germanas.

960 2415 998 2474 In
1013 2411 1207 2491 episcopatu
1221 2411 1263 2474 de
1274 2411 1461 2474 ardachad.

961 2513 997 2572 In
1011 2509 1203 2587 episcopatu
1215 2510 1256 2571 de
1270 2508 1448 2573 Rathboth.

960 2610 997 2670 In
1007 2608 1199 2686 episcopatu
1210 2608 1251 2670 de
1266 2607 1452 2683 Rathlarig.

960 2709 998 2767 ln
1014 2705 1207 2783 episcopatu
1217 2706 1258 2767 de
1270 2703 1454 2782 Damliagg.

960 2807 997 2865 Iu
1013 2803 1204 2881 episcopatu
1218 2803 1259 2864 de
1274 2803 1406 2866 Darrilr.

959 2902 997 2961 In
1013 2901 1205 2978 episcopatu
1219 2899 1427 2962 Dublinensi.

959 3002 996 3060 In
1009 2999 1202 3076 episcopatu
1214 2999 1255 3060 de
1265 2998 1492 3060 clendalachl.

958 3099 996 3158 In
1011 3097 1203 3174 episcopatu
1218 3096 1258 3158 de
1271 3098 1369 3158 Eern.

958 3197 996 3256 In
1012 3195 1206 3274 episcopatu
1216 3195 1258 3256 de
1274 3194 1402 3256 Cainic.

957 3295 995 3354 In
1008 3293 1201 3370 episcopatu
1216 3293 1256 3354 de
1272 3293 1365 3355 Glen.

958 3393 996 3453 In
1011 3391 1204 3468 episcopatu
1219 3389 1259 3451 de
1272 3388 1465 3468 beldarac.

958 3490 995 3548 ln
1011 3487 1202 3564 episcopatu
1218 3487 1475 3548 cassellenensi.

957 3587 995 3645 In
1010 3584 1203 3660 episcopatu
1217 3584 1258 3646 de
1273 3583 1533 3645 dendalvereno.

958 3684 995 3742 In
1009 3680 1204 3758 episcopatu
1216 3680 1256 3743 de
1269 3680 1452 3742 Luninech.

957 3790 995 3848 ln
1011 3785 1203 3864 episcopatu
1224 3786 1265 3849 de
1288 3787 1402 3848 Insula
1422 3787 1550 3865 Gathay
1567 3809 1574 3848 :
1592 3790 1716 3866 Hospi-

916 3887 984 3949 talc
1006 3884 1112 3946 sancti
1128 3883 1292 3947 iohannis
1316 3883 1540 3972 Dublinensis,
1556 3887 1714 3948 2s01id0s

917 3984 1167 4060 sterlingorum.

957 4094 995 4154 In
1010 4090 1204 4168 episcopatu
1218 4091 1258 4152 de
1267 4090 1530 4154 Cellumabrach.

956 4191 994 4251 In
1009 4188 1203 4266 episcopatu
1215 4187 1256 4250 de
1270 4188 1420 4251 leech.

951 4289 990 4348 In
1004 4286 1198 4365 episcopatu
1211 4286 1461 4350 Deroscreensi.

957 4387 994 4446 In
1009 4385 1202 4464 episcopatu
1216 4384 1256 4448 de
1268 4384 1537 4450 Waltilordiano.

956 4482 1404 4561 inepiscopatudeLismor.
1469 4471 1474 4478 ’

957 4583 994 4642 In
1009 4579 1203 4659 episcopatu
1216 4581 1257 4643 de
1266 4581 1469 4646 cluanvana.

958 4680 996 4740 In
1011 4679 1203 4757 episcopatu
1218 4679 1258 4742 de
1272 4680 1425 4758 Foroaja.

957 4779 995 4839 In
1007 4775 1200 4854 episcopatu
1209 4764 1469 4841 de'ltosailithir.

955 4878 993 4937 In
1008 4874 1201 4954 episcopatu
1212 4873 1253 4936 de
1267 4873 1410 4937 ardfert.

955 4975 993 5034 ln
1007 4971 1200 5051 episcopatu
1218 4972 1408 5036 Tuamensi.

956 5074 994 5132 In
1008 5069 1202 5148 episcopatu
1215 5069 1257 5132 de
1277 5072 1408 5148 Mageo.

955 5171 993 5230 In
1006 5168 1198 5248 episcopatu
1213 5166 1386 5231 cellalaid.

955 5269 993 5328 In
1008 5266 1201 5345 episcopatu
1215 5266 1460 5330 deRescomon.

954 5367 992 5426 In
1008 5364 1201 5444 episcopatu
1215 5365 1257 5428 de
1269 5363 1472 5432 culvanfert.

955 5465 993 5524 In
1007 5462 1201 5542 episcopatu
1213 5463 1254 5526 de
1264 5463 1389 5528 Achad.

955 5563 992 5623 In
1007 5560 1198 5639 episcopatu
1213 5561 1254 5624 de
1265 5561 1409 5624 Conairi.

872 5719 876 5726 .
958 5662 996 5719 In
1008 5659 1200 5737 episcopatu
1215 5658 1255 5722 de
1271 5659 1529 5723 celmunduach.
