4108 6418
297 273 358 332 243
905 271 1079 332 HONORlI
1102 269 1146 330 itt
1168 265 1316 328 OPERA.
1902 258 1969 316 214

295 430 478 492 memorati.
503 430 633 508 Adjacit
658 430 756 492 etiam
788 429 936 506 ejusdem
960 430 1088 491 comitis
1145 428 1238 489 tanta
1245 417 1841 503 juriscontrarietateproponentium
1854 417 1970 477 nobis

295 528 499 605 procurator,
515 527 600 605 quod
617 527 812 604 saepedictus
826 529 878 588 W.
895 527 1089 589 auctoritate
1145 525 1185 584 de
1198 517 1651 590 veritatononeanstat,disc.
1665 533 1696 576 v.
1708 533 1751 576 m.
1769 517 1967 592 quatenus,

290 628 363 704 jam
380 625 459 686 dicti
474 625 727 701 praedecessoris
752 626 856 686 nostri
875 625 943 686 alia
964 627 1014 686 est
1030 641 1091 686 ex·-
1145 623 1174 682 si
1190 619 1385 698 procurator
1400 616 1549 693 praedicti
1564 617 1617 674 W.
1629 613 1717 676 inira
1731 615 1800 676 tres
1817 629 1968 674 menses

296 722 593 784 communicatione
608 723 741 798 ligatus,
758 722 797 782 de
822 739 888 800 qua
914 723 950 782 in
971 722 1090 784 litteris
1145 721 1219 796 post
1231 718 1376 795 primum
1387 713 1565 775 terminum
1580 711 1644 773 sibi
1657 727 1757 788 super
1765 711 1832 772 boc
1847 711 1968 784 assig-

297 820 338 880 ad
349 823 419 897 jam
433 820 554 882 dictum
570 819 721 882 abbatem
737 821 849 881 Sancti
866 821 1035 882 Laurentii
1059 821 1092 881 et
1146 817 1260 878 natum
1283 829 1303 874 a
1319 813 1426 884 nobie,
1445 810 1586 888 probare
1612 809 1756 886 potuerit
1776 809 1968 884 except-io-

297 917 486 995 conjudices
499 921 570 995 ejus
584 919 719 980 directis
732 917 858 979 nullam
873 917 951 978 lecit
961 917 1091 994 penitus
1147 930 1217 986 nee,
1244 927 1327 989 quas
1355 925 1468 972 coram
1496 907 1746 984 archiepiscopo
1775 907 1965 982 proposuit

298 1015 521 1076 mentionem:
541 1031 643 1092 quare
665 1015 759 1092 petiit
773 1015 942 1093 saepedicti
962 1014 1091 1076 comitis
1147 1010 1340 1087 saepedicto;
1363 1006 1519 1068 videlicet
1539 1004 1730 1066 mandatum
1753 1019 1791 1064 re
1816 1005 1963 1076 integra

297 1111 502 1188 procurator,
517 1113 552 1173 ut
567 1127 636 1182 eas,
650 1112 691 1172 ab
707 1128 825 1173 causas
838 1111 1091 1189 praedictasde-
1147 1107 1348 1184 exspirasse,
1358 1104 1410 1166 vel
1426 1120 1462 1165 se
1472 1104 1507 1164 in
1520 1117 1655 1164 causam
1666 1101 1755 1164 trahi
1766 1101 1859 1162 ultra
1869 1100 1963 1160 duas

298 1223 508 1269 cerneremus
523 1209 636 1270 irritas
655 1211 687 1270 et
708 1210 837 1270 inanes.
855 1211 938 1282 Quia
959 1225 1039 1272 vero
1056 1208 1091 1268 in
1147 1205 1263 1268 diaetas
1277 1203 1393 1266 cantra
1406 1200 1676 1263 constitutionem
1691 1198 1834 1260 concilii
1848 1213 1964 1273 gene-

297 1392 454 1451 bardreeht
467 1401 495 1452 et
510 1393 545 1452 ad
564 1394 760 1470 mardingen,
774 1403 804 1453 et
817 1396 853 1453 ad
871 1395 988 1464 Ledam,
1007 1403 1036 1453 et
1056 1395 1092 1452 ad
1149 1387 1261 1458 tuerint,
1272 1387 1349 1461 quod
1363 1387 1498 1446 daminus
1510 1385 1675 1446 willelmus
1689 1397 1774 1457 passe
1786 1397 1875 1442 suum
1889 1382 1961 1439 inde

297 1481 403 1552 Artem,
416 1488 446 1538 at
462 1482 497 1540 ad
512 1499 685 1556 quamquain
700 1485 811 1542 illarum
836 1484 920 1541 debet
941 1483 1091 1550 mandare,
1148 1493 1203 1536 nan
1224 1478 1332 1546 lecerit,
1348 1475 1482 1534 dominus
1497 1473 1624 1535 marchio
1639 1472 1848 1532 Namurceusis
1866 1471 1958 1528 debet

297 1575 326 1626 at
337 1571 504 1628 siamanere
514 1570 645 1629 homines
660 1573 878 1630 amnasvialuas
888 1581 916 1628 et
926 1571 1092 1645 adjacentes
1147 1581 1213 1625 eum
1230 1580 1335 1638 cogere
1354 1571 1383 1622 et
1396 1563 1517 1637 ostagiis
1533 1563 1642 1635 positis,
1656 1568 1684 1619 et
1698 1561 1834 1620 omnibus
1856 1559 1957 1616 modis

298 1658 337 1714 illi
351 1659 435 1728 villae,
451 1666 479 1715 et
494 1659 647 1731 praecipere
662 1660 714 1730 eis,
729 1667 760 1718 ut
771 1661 868 1717 comiti
883 1659 917 1717 de
933 1663 989 1718 Las
1004 1660 1094 1717 homi-
1148 1664 1178 1713 ut
1188 1652 1376 1723 aamreddat;
1389 1653 1413 1710 si
1423 1658 1517 1709 autem
1530 1651 1671 1709 testificati
1682 1649 1785 1707 luerint
1795 1649 1876 1722 quod
1889 1648 1959 1705 inde

299 1747 378 1802 nium
393 1745 498 1803 iaciant
512 1753 540 1804 et
554 1747 727 1817 fidelitatem,
741 1755 769 1805 et
786 1747 919 1806 daminus
933 1749 1094 1807 willelmus
1148 1743 1281 1802 daminus
1295 1742 1456 1800 willalmus
1475 1755 1560 1813 posse
1579 1755 1662 1796 suurn
1676 1738 1784 1808 lecerit,
1799 1739 1876 1795 liber
1889 1737 1959 1793 inde

298 1849 401 1892 amnas
414 1833 547 1892 homines
560 1836 622 1892 illas
637 1851 652 1892 a
665 1835 809 1906 fidelitate,
829 1851 914 1908 quam
927 1837 953 1892 ei
969 1835 1094 1893 lacerant
1148 1840 1177 1890 at
1198 1832 1310 1903 quietus
1333 1828 1418 1886 dabat
1442 1841 1608 1898 remanere;
1631 1825 1765 1884 daminus
1787 1827 1959 1886 willelmus

298 1922 529 1980 amninaliberas
542 1931 570 1982 et
585 1924 729 1982 absolutas
743 1925 913 1983 clamabitet
927 1925 1094 1993 dimittot‚et
1149 1920 1282 1976 homines
1305 1933 1373 1976 suos
1389 1917 1423 1974 da
1439 1917 1589 1974 llallandia
1613 1923 1642 1973 et
1666 1915 1702 1974 de
1724 1915 1846 1974 scandis
1869 1916 1959 1974 debet

297 2011 322 2068 si
337 2011 384 2084 qui
399 2011 518 2070 rebelles
532 2011 634 2070 luerint
648 2012 779 2070 daminus
795 2014 954 2072 Willalmus
970 2013 1006 2070 ad
1019 2029 1095 2070 sum·
1150 2008 1218 2066 dare
1231 2007 1355 2076 absidas,
1372 2015 1400 2063 et
1415 2005 1509 2063 lacere
1521 2005 1617 2078 iurare
1631 2003 1740 2077 quodsi
1756 2004 1784 2061 in
1800 2005 1957 2078 supradie-

299 2099 466 2157 missianem
478 2099 701 2159 camitisdebas
715 2102 799 2159 debat
813 2117 879 2160 eum
889 2101 1096 2176 juvaresemel
1150 2097 1186 2154 tis
1207 2093 1462 2169 compositionibus
1490 2101 1519 2152 et
1538 2093 1777 2151 conventionibus
1804 2092 1957 2164 deficeret,

300 2186 336 2244 ad
355 2188 417 2244 illas
432 2187 619 2246 destruendos
639 2196 668 2247 et
682 2189 834 2264 fugandos,
855 2205 909 2248 nec
930 2207 980 2247 aas
1002 2197 1095 2264 potest
1150 2185 1283 2243 homines
1297 2184 1336 2246 itti
1351 2190 1449 2241 essent
1463 2183 1490 2240 ai
1511 2183 1540 2240 in
1553 2189 1768 2252 nocumentum,
1784 2189 1814 2239 et
1833 2181 1958 2239 damino

299 2275 432 2332 daminus
449 2277 609 2334 Willelmus
623 2279 744 2336 retinere
765 2281 809 2335 vel
820 2279 932 2352 juvare,
946 2293 1095 2352 quousque
1152 2273 1309 2331 marchioni
1342 2273 1531 2330 Namurcensi
1562 2271 1591 2328 iu
1616 2271 1768 2341 auxilium,
1802 2286 1957 2343 quousque

300 2363 336 2420 ad
352 2363 515 2422 fidelitatem
530 2371 558 2422 et
578 2365 737 2424 hominium
760 2369 873 2425 comitis
895 2367 930 2424 de
946 2369 1002 2424 Las
1016 2372 1046 2424 et
1060 2366 1096 2423 de
1151 2360 1334 2420 emendatum
1349 2367 1424 2418 esset
1439 2361 1559 2418 consilia
1580 2360 1667 2417 auriae
1683 2359 1879 2417 Flandrensis.
1896 2361 1955 2418 lte-

300 2451 448 2510 Hollandia
463 2454 603 2523 venerint,
619 2463 648 2512 et
660 2455 715 2513 hae
725 2457 836 2530 pepigit
845 2455 979 2513 daminus
991 2455 1097 2514 Willal-
1151 2452 1266 2524 signata
1281 2450 1387 2523 quippo
1400 2448 1522 2523 (videtur
1538 2449 1680 2520 bammum
1696 2447 1821 2520 quaque)
1836 2448 1926 2505 leudo
1941 2465 1955 2505 a

300 2553 364 2598 mus
385 2541 481 2598 comiti
503 2540 539 2599 de
560 2544 615 2600 Las
634 2543 708 2600 bana
729 2543 794 2601 nde.
814 2545 953 2602 Dominus
967 2543 1097 2601 marahIo
1151 2540 1256 2596 comite
1270 2536 1305 2596 de
1328 2541 1383 2596 Las
1405 2539 1434 2594 ia
1453 2551 1570 2618 manum
1592 2535 1702 2593 damini
1724 2535 1847 2610 Philippi
1873 2553 1953 2593 mar-

299 2629 502 2687 Namurceusis
516 2630 600 2688 debet
615 2632 725 2689 mittere
745 2634 860 2690 nuntias
878 2649 946 2692 suas
965 2647 1031 2690 curn
1050 2631 1098 2690 do·
1152 2627 1263 2686 chionis
1277 2627 1491 2694 Namurceusis,
1506 2625 1593 2700 bajuli
1609 2623 1758 2694 Flandrise,
1768 2624 1844 2698 quod
1857 2625 1950 2684 Thro-

300 2718 378 2774 mina
391 2719 544 2788 willelma,
558 2727 586 2777 et
600 2735 665 2778 cum
680 2722 785 2778 comite
805 2720 840 2779 de
860 2725 916 2779 Las
938 2721 973 2778 ad
987 2721 1096 2778 curiam
1152 2716 1265 2774 doricus
1279 2729 1376 2773 comes
1396 2713 1553 2772 Hailandiae
1571 2713 1678 2772 ultimis
1697 2713 1878 2771 diebusvitae
1894 2730 1954 2772 sum

299 2804 406 2862 damini
426 2807 553 2880 episcopi
568 2808 768 2881 trajectensis,
784 2809 864 2867 etad
886 2811 997 2866 curiam
1017 2809 1099 2866 ducis
1155 2805 1243 2862 tenuit
1258 2817 1273 2862 a
1288 2803 1405 2861 domina
1420 2803 1523 2860 comite
1535 2801 1684 2872 Flaudrise,
1695 2809 1724 2859 et
1739 2801 1805 2859 inde
1819 2801 1950 2860 adhaere·

302 2893 498 2964 Lavaniensis,
514 2897 584 2952 etin
600 2896 793 2966 Haliandiam,
806 2905 834 2954 et
853 2912 952 2954 earum
970 2899 1097 2955 testima-

302 2977 350 3036 nia
360 2981 480 3053 quisque
496 2981 579 3040 debet
596 2991 653 3041 tam
669 2999 767 3042 eomes
780 2984 815 3041 de
829 2986 893 3055 Las,
911 3001 996 3056 quam
1012 2984 1101 3043 dami-

303 3081 357 3125 nus
378 3068 538 3127 Willalmus
558 3069 620 3128 hac
648 3073 838 3144 quantocitius
865 3074 988 3145 patuerit
1008 3073 1099 3131 adlm-

303 3155 390 3228 plere.
407 3156 545 3230 Praecepit
559 3173 672 3231 quaque
687 3159 821 3218 daminus
834 3161 962 3218 marchia
976 3163 1098 3220 Namur-

243 3281 246 3288 «
303 3243 398 3302 censis
411 3245 479 3317 ipsis
494 3247 601 3304 nundls
612 3247 640 3304 in
654 3245 788 3306 tidelitate
801 3257 830 3306 et
842 3249 1004 3324 J‘uramento
1026 3250 1100 3323 quad

303 3333 346 3389 eia
368 3330 504 3404 lacerant,
526 3335 602 3408 quod
627 3336 689 3394 haee
709 3337 784 3394 baua
808 3337 863 3396 ilde
885 3338 1023 3411 perficere
1046 3347 1102 3397 stu·

304 3419 390 3478 deant
404 3421 433 3478 in
450 3423 584 3482 amnibus
594 3439 679 3498 supra
690 3423 750 3500 jam
763 3425 855 3484 dictis.
869 3426 913 3484 Ad
927 3427 1101 3500 perficienda

303 3523 368 3581 quaa
382 3509 536 3569 dictasunt
550 3511 600 3570 ibit
613 3527 712 3572 comes
721 3513 757 3571 de
770 3516 825 3573 Las
839 3515 893 3573 sub
902 3516 1045 3575 conductu
1055 3517 1102 3575 da

304 3597 374 3656 mini
386 3598 532 3671 willelmi,
543 3607 571 3658 et
581 3599 714 3659 daminus
724 3603 885 3662 willelmus
896 3604 949 3662 sub
959 3605 1102 3664 conductu

303 3685 417 3744 comitis
429 3685 465 3745 de
478 3689 548 3760 Las;
568 3689 604 3747 iis
619 3705 732 3763 quaque
748 3695 871 3765 peractis
886 3693 1042 3752 secundum
1057 3711 1101 3752 re·

303 3773 439 3833 lationem
452 3783 480 3833 et
488 3777 886 3839 reeordatianamauatiarum
892 3781 953 3854 jam
961 3783 1101 3840 dictarum

303 3861 437 3921 daminus
448 3865 608 3924 willelmus
623 3864 738 3924 absides
753 3869 861 3942 positas
876 3868 1022 3928 rehabebit
1035 3871 1102 3930 libe·

304 3964 362 4008 ras.
378 3952 447 4010 llaee
459 3953 555 4012 omnis
566 3969 664 4013 comes
679 3955 714 4013 de
730 3957 796 4025 Las,
808 3964 836 4014 et
845 3957 979 4016 daminus
989 3960 1099 4018 Wiltet·

304 4053 369 4094 mus
381 4039 456 4098 bana
476 4039 542 4113 lide,
555 4051 584 4101 et
602 4043 664 4100 sine
681 4045 757 4101 mala
774 4045 893 4118 ingenia
907 4044 1013 4104 debent
1026 4061 1102 4106 eam·

304 4126 1100 4209 plerellaminusWillelmusdebetmittereinAngliam

304 4214 419 4270 nuntias
431 4231 498 4273 suas
514 4216 549 4274 ad
558 4217 754 4277 rehabeudum
767 4227 882 4292 neptem
893 4235 985 4290 suam,
998 4229 1026 4279 et
1035 4238 1100 4280 eam

304 4300 479 4360 reddendam
497 4305 595 4363 comiti
615 4305 651 4364 de
666 4309 732 4377 Las,
749 4315 776 4366 et
791 4309 881 4380 siper
899 4310 1012 4368 nuntias
1032 4326 1101 4369 suas

303 4403 369 4446 eam
380 4390 516 4450 rehabere
529 4406 585 4451 nan
601 4395 731 4468 potuerit,
745 4396 837 4454 nuntii
852 4396 1006 4456 illidebant
1020 4401 1046 4457 ei
1057 4415 1101 4458 ac·

305 4477 419 4549 quirere
430 4479 612 4552 conductum,
628 4490 659 4541 ut
673 4484 735 4557 ipse
754 4485 820 4544 illua
839 4487 881 4543 ire
896 4486 986 4560 possit
1001 4505 1008 4545 :
1025 4488 1100 4561 quad

303 4565 329 4623 si
345 4581 402 4624 nau
417 4571 569 4641 patuerint,
585 4571 718 4630 dominus
735 4572 882 4649 Philippus
899 4575 1028 4634 marchia
1040 4578 1098 4635 Na·

304 4657 463 4715 mercensis
479 4657 563 4716 debet
576 4658 602 4716 ei
617 4659 788 4720 conductum
803 4663 881 4721 illum
898 4665 1055 4738 acquirere,
1072 4672 1101 4722 et

276 4785 278 4790 .
303 4743 328 4800 si
343 4743 404 4815 ipae
417 4741 551 4804 daminus
562 4747 722 4806 willelmus
733 4749 762 4807 in
775 4751 888 4823 propria
903 4766 1024 4825 persana
1035 4768 1100 4811 eam

304 4844 362 4888 nan
372 4830 546 4905 rehabuerit,
562 4843 590 4894 et
604 4835 738 4896 daminus
755 4838 883 4896 marchia
896 4841 1101 4898 Namurceusis

303 4921 350 4978 vel
370 4935 421 4994 per
439 4922 546 4981 litteras
570 4926 648 5000 regis
667 4927 791 5001 Angliee,
806 4943 857 4986 seu
879 4943 931 5001 per
951 4927 1101 4988 credibiles

303 5010 418 5068 nuntios
437 5011 511 5070 scire
532 5015 664 5086 patuerit,
687 5013 763 5088 quad
786 5015 920 5074 daminus
940 5017 1100 5076 willelmus

303 5113 387 5170 passe
402 5115 484 5157 suum
498 5101 564 5158 inde
577 5117 633 5160 nan
650 5102 757 5173 lecerit,
772 5111 800 5162 et
814 5103 890 5176 quad
905 5105 1044 5177 patuisset
1063 5107 1097 5165 il-

301 5186 358 5243 lam
375 5186 542 5248 rehabuisse
561 5192 586 5248 si
600 5192 746 5257 valuisset,
757 5195 859 5249 iterum
872 5191 956 5250 debet
966 5193 1101 5253 daminus

303 5275 461 5334 Willalmus
482 5286 509 5336 et
521 5279 654 5337 daminus
669 5280 797 5338 marchia
811 5281 1016 5338 Namurceusis
1033 5297 1099 5340 cum

302 5377 337 5420 ea
362 5365 474 5423 mittere
494 5367 567 5425 duas
586 5368 690 5440 probos
712 5368 788 5425 viras
810 5383 860 5440 per
876 5368 1050 5442 juramenta,
1071 5379 1101 5430 et

302 5466 391 5509 unum
408 5451 538 5512 abbatem
562 5456 764 5516 inobedientia
779 5457 929 5528 monitum,
944 5466 973 5516 ut
986 5459 1101 5519 videant

303 5547 332 5596 et
346 5541 490 5613 inquirant
505 5544 529 5601 si
552 5544 686 5603 daminus
706 5545 868 5604 Willalmus
888 5546 924 5604 de
945 5547 991 5604 illa
1014 5548 1097 5607 reba·

303 5625 396 5686 banda
413 5627 511 5690 lecerit
524 5647 607 5705 possa
622 5647 704 5692 suum
720 5651 726 5690 :
743 5633 767 5691 si
783 5635 874 5692 nuntii
899 5635 937 5692 illi
959 5635 1101 5696 testificati

1155 2893 1242 2952 ditata
1274 2892 1390 2951 domina
1418 2892 1576 2960 willelma,
1606 2892 1771 2949 testimonia
1800 2891 1952 2948 bominum

1155 2981 1294 3040 Flandriae
1315 2995 1401 3055 super
1419 2979 1551 3054 praedicta
1567 2993 1636 3052 pace
1652 2987 1679 3036 et
1694 2981 1886 3037 conventione
1907 2989 1947 3037 te-

1156 3069 1248 3128 nenda
1261 3068 1437 3144 hostagiaria
1453 3067 1605 3127 Lodauvie.
1621 3084 1720 3126 camos
1739 3067 1774 3126 de
1789 3070 1845 3127 Las
1869 3075 1899 3126 et
1917 3069 1952 3127 de

1157 3159 1305 3217 llallandia
1326 3159 1492 3227 concesssit,
1508 3163 1536 3216 et
1557 3158 1668 3230 pepigit
1687 3157 1803 3214 damino
1819 3157 1950 3230 Philippa

1156 3247 1314 3306 marchioni
1328 3249 1353 3306 N
1356 3247 1516 3304 amaraensi
1530 3243 1565 3303 ad
1577 3246 1639 3318 ejus
1651 3245 1756 3304 dictum
1768 3254 1796 3304 et
1804 3245 1950 3304 arbitrium

1156 3343 1184 3393 et
1197 3337 1309 3393 consilii
1330 3336 1373 3394 sui
1393 3335 1429 3393 de
1443 3336 1633 3392 conventione
1653 3335 1836 3408 interipsum
1858 3343 1887 3392 at
1901 3335 1950 3392 do·

1156 3425 1265 3482 minum
1277 3424 1451 3483 willelmum
1466 3423 1589 3482 tenenda
1605 3439 1686 3497 pace,
1704 3431 1731 3480 et
1747 3423 1825 3480 amni
1840 3439 1951 3496 canipe

1155 3513 1259 3570 sitione
1275 3511 1344 3572 dare
1359 3511 1566 3586 hostagiarism
1585 3519 1613 3570 et
1636 3511 1836 3582 securitatem
1857 3512 1951 3568 videli-

1156 3601 1302 3674 estquod
1323 3615 1420 3658 earam
1440 3601 1575 3674 episcopo
1598 3600 1773 3673 trajectensi
1793 3608 1880 3673 pauet
1894 3607 1948 3658 tar·

1156 3705 1217 3748 ram
1234 3689 1392 3748 hollandiae
1403 3690 1432 3746 in
1443 3687 1649 3762 hostagiariam
1663 3706 1671 3746 :
1687 3687 1762 3762 quad
1776 3687 1802 3746 si
1813 3687 1950 3760 praedictis

1155 3778 1409 3853 compositionibus
1425 3785 1453 3835 at
1467 3777 1704 3835 conventionibus
1718 3775 1861 3846 deiiceret,
1878 3785 1949 3834 terra

1156 3871 1202 3927 illa
1217 3873 1378 3926 remaneret
1397 3867 1427 3924 iu
1443 3881 1529 3924 mauu
1550 3866 1639 3939 ipsius
1662 3865 1800 3940 episcopi,
1817 3866 1855 3922 ita
1877 3865 1948 3938 quad

1155 3971 1253 4016 comas
1263 3955 1298 4012 de
1313 3957 1368 4013 Las
1383 3954 1453 4012 nibil
1471 3955 1610 4029 reciperat
1626 3954 1738 4011 interim
1759 3955 1877 4012 interra
1893 3955 1947 4024 illa,

1155 4059 1303 4118 quousque
1325 4043 1508 4102 emendatum
1528 4050 1605 4102 esset
1619 4043 1739 4100 consilia
1760 4043 1847 4100 euriae
1866 4043 1945 4101 Flan-

1155 4133 1276 4203 drensis,
1294 4139 1322 4190 et
1336 4132 1445 4191 litteras
1467 4139 1596 4205 patentes
1620 4132 1709 4204 ipsius
1724 4131 1850 4204 episcopi
1869 4131 1948 4204 debet

1155 4236 1254 4280 carnes
1267 4221 1303 4280 de
1318 4223 1374 4280 Las
1387 4221 1490 4279 exinde
1504 4220 1598 4278 lacere
1610 4219 1716 4278 habere
1730 4219 1860 4293 Philippo
1872 4236 1943 4278 niar-

1155 4310 1251 4369 chiani
1266 4311 1463 4378 Namurceusi,
1475 4317 1651 4383 quatuorque
1666 4309 1774 4366 insulas
1792 4324 1882 4383 supra
1895 4325 1942 4366 ua·

1156 4401 1279 4457 arinates
1306 4399 1507 4472 Saarpenesse,
1532 4399 1682 4468 Duvelant,
1712 4398 1892 4468 Stavanesse,
1919 4405 1945 4455 et

1156 4485 1318 4556 brisebare,
1332 4493 1362 4544 at
1379 4485 1527 4544 castellum
1542 4485 1577 4544 de
1593 4485 1669 4544 Leda
1684 4501 1749 4542 aum
1761 4486 1827 4542 villa
1843 4493 1943 4544 etcum

1156 4583 1214 4633 tota
1230 4575 1343 4645 allodio,
1353 4573 1428 4648 quad
1441 4582 1484 4633 est
1497 4575 1525 4631 in
1536 4573 1698 4632 castellania
1711 4575 1768 4643 illa,
1777 4590 1841 4646 quae
1853 4577 1943 4632 anania

1156 4663 1191 4722 ad
1205 4663 1361 4722 dominium
1372 4662 1522 4721 etloudum
1536 4661 1675 4719 Flaadriae
1682 4660 1758 4719 dedit
1769 4661 1843 4720 idem
1854 4678 1944 4720 comes

1155 4753 1191 4811 de
1206 4753 1262 4810 Los
1276 4759 1304 4810 et
1317 4751 1353 4810 de
1369 4749 1528 4810 llallandia.
1543 4750 1641 4808 Posuit
1657 4751 1745 4808 etiam
1761 4752 1790 4807 in
1805 4750 1943 4825 hostagia·

1156 4843 1238 4911 riam,
1254 4840 1329 4914 quad
1348 4841 1373 4898 si
1387 4839 1541 4897 deficerent
1558 4839 1586 4895 in
1602 4839 1744 4912 predictis
1765 4841 1941 4912 compositio·

1155 4929 1239 4987 nibus
1253 4937 1281 4987 et
1290 4927 1537 4997 conventionibus,
1548 4927 1682 4984 daminus
1695 4925 1823 4984 marchia
1833 4929 1944 4985 Namur-

1155 5018 1250 5076 eansis
1278 5031 1394 5075 manum
1423 5016 1547 5074 mitteret
1573 5015 1609 5073 ad
1642 5014 1773 5084 laudum,
1803 5031 1943 5090 quousque

1155 5105 1337 5165 emendatum
1351 5112 1428 5164 esset
1441 5104 1560 5162 consilia
1575 5104 1661 5162 curie
1676 5103 1858 5162 Flandrensis
1872 5123 1878 5163 :
1894 5105 1940 5163 ho·

1155 5196 1368 5268 minasquaque
1377 5192 1534 5252 llallaudiae
1544 5199 1571 5251 et
1582 5193 1739 5250 insularum
1750 5191 1940 5265 praedictarum

1155 5292 1242 5357 pauet
1255 5283 1370 5341 absides
1390 5297 1488 5340 carnes
1507 5281 1542 5340 da
1558 5283 1622 5352 Las,
1641 5281 1678 5338 ita
1698 5281 1773 5354 quad
1794 5281 1876 5339 saciet
1895 5299 1940 5340 eas

1152 5373 1258 5445 jurare,
1272 5372 1347 5444 quod
1362 5371 1385 5430 sl
1401 5370 1534 5429 deiiceret
1547 5371 1575 5427 in
1591 5369 1744 5442 predictis,
1754 5369 1809 5441 ipsi
1820 5368 1941 5427 homines

1155 5467 1251 5518 essent
1265 5461 1362 5517 comiti
1383 5458 1419 5517 de
1438 5462 1493 5518 Las
1515 5459 1544 5516 ln
1562 5453 1777 5526 nocumentum,
1793 5465 1823 5514 et
1836 5455 1940 5516 domina

1155 5548 1343 5607 Namurcensi
1366 5549 1395 5604 in
1420 5549 1568 5618 auxilium,
1593 5561 1740 5620 quousque
1768 5546 1940 5604 amandatum

1155 5645 1231 5695 esset
1252 5637 1371 5694 consilio
1393 5639 1477 5696 aurite
1503 5635 1693 5695 Flandransis.
1720 5637 1809 5692 Ponet
1838 5652 1937 5708 qnoque
