4090 6426
288 239 347 298 an
910 222 1086 284 uonoau
1108 219 1154 282 111
1175 213 1313 280 ornan
1881 216 1943 276 aas
2002 175 2003 200 ¹

287 396 433 460 vestram
456 387 627 454 redimatis
654 401 712 464 per
737 383 942 460 diligentiam
967 381 1084 443 subse-
1137 377 1311 454 pervenire
1325 389 1391 436 non
1405 373 1533 451 possint
1549 395 1556 433 ε
1573 387 1673 450 quum
1689 373 1786 449 longe
1801 373 1945 450 sitgra-
2003 367 2004 376 ’

288 493 454 573 quantem,
482 503 581 565 quarn
608 487 767 562 majorem
798 481 895 543 solito
925 479 1083 540 adhibere
1136 475 1211 534 rius
1227 473 1395 543 aeternam,
1412 487 1511 548 quam
1534 471 1753 547 temporalem
1767 471 1943 532 offendere

289 591 422 661 curetis,
453 601 494 648 ne
519 582 692 648 christiani
717 580 860 642 nominis
885 577 1083 640 contumelia
1138 569 1355 648 magestatem.
1373 568 1434 640 Qui
1454 569 1563 628 antem
1579 567 1705 629 inuenti
1720 568 1846 629 luerint
1868 569 1943 630 sola

288 691 324 752 in
336 705 395 750 vos
411 685 529 748 cadere
546 679 769 757 dignoscatur,
784 679 817 738 et
837 693 897 739 nos
912 675 1083 752 peccatum
1138 667 1327 745 suspicione
1340 665 1514 736 notabiles,
1532 664 1597 726 nisi
1613 664 1654 725 ad
1670 664 1863 733 mandatum
1878 669 1944 726 Ec-

288 781 479 864 hujusmodi
504 777 715 856 negligentiae
747 777 815 836 tam
850 771 1081 842 intolerabilis,
1138 764 1249 826 clesiae
1271 765 1369 840 juxta
1396 761 1694 824 considerationem
1723 763 1940 838 suspicionis,

289 900 362 961 qua
378 877 534 958 quamsit
549 876 651 937 nimia
667 873 773 950 culpa
792 869 1004 932 adnumerari
1018 883 1082 945 po·
1138 860 1398 938 qualitatemque
1414 874 1576 936 pomona,
1588 858 1757 934 propriam
1771 859 1942 920 innocen-

287 981 364 1051 test,
376 992 443 1038 non
453 988 611 1050 cogamur
620 971 735 1032 durius
751 967 972 1046 exprobrare:
990 965 1083 1026 netas
1137 957 1217 1019 tiam
1253 971 1399 1032 congrua
1438 955 1634 1032 purgatione
1667 957 1940 1027 monstraverint,

288 1079 340 1140 est
353 1076 502 1146 enim,ut
514 1071 601 1132 sacri
611 1067 818 1144 baptismatis
834 1065 922 1126 unda
935 1063 1081 1130 renatus,
1137 1057 1296 1131 tanquam
1320 1053 1477 1124 infames,
1505 1052 1538 1113 et
1563 1052 1693 1112 banniti
1718 1051 1760 1112 ab
1785 1053 1941 1114 omnibus

287 1172 470 1236 infidelium
486 1170 564 1240 ritu,
587 1166 639 1227 vel
664 1163 916 1226 conversatione
931 1160 1081 1230 tendetur,
1137 1151 1344 1218 habeantur:
1361 1151 1407 1212 ita
1424 1150 1508 1227 quod
1524 1150 1553 1209 si
1569 1149 1617 1210 sic
1641 1164 1840 1226 perannum
1863 1167 1943 1227 per-

227 1246 231 1252 ¹
287 1271 346 1332 aut
371 1266 489 1342 religio
512 1262 700 1324 Christiana
722 1259 870 1337 sanecta
894 1255 1082 1318 infidelibus
1137 1248 1336 1320 manserint,
1366 1264 1410 1310 ex
1441 1249 1519 1308 tune
1551 1262 1608 1308 eos
1641 1245 1729 1308 sicut
1762 1247 1942 1308 haereticos

288 1365 467 1446 polluatur,
482 1378 541 1424 seu
560 1359 771 1436 blasphemus
791 1355 908 1433 ipsius,
931 1354 1085 1430 redemp-
1138 1347 1407 1408 condemnamus.
1433 1344 1614 1406 statuimus
1629 1344 1729 1404 etiam
1745 1344 1807 1406 hoc
1831 1345 1942 1406 edicto

287 1467 355 1528 tum
372 1461 535 1537 sanguine
550 1456 671 1518 Christi
684 1454 815 1516 Domini
831 1451 1010 1514 obnoxium
1025 1451 1084 1512 de-
1137 1445 1173 1504 in
1194 1445 1389 1521 perpetuum
1417 1442 1573 1513 valituro,
1603 1442 1639 1503 ut
1666 1442 1856 1518 potestates
1888 1443 1943 1504 sel

288 1561 393 1624 lineat
407 1555 570 1620 seruituti.
1139 1541 1383 1612 conculcasse
1402 1541 1559 1612 rectores,
1582 1538 1842 1616 quibuscumque
1863 1539 1944 1600 sun·

1137 1639 1258 1714 gantur
1279 1638 1407 1710 officiis,
1438 1653 1498 1714 pro
1522 1636 1714 1698 defensione
1736 1637 1813 1698 tidei
1833 1653 1942 1714 praes-

1136 1736 1208 1797 tent
1230 1735 1363 1812 publice
1384 1733 1623 1812 jurameutum,
1657 1733 1744 1810 quod
1769 1734 1809 1794 de
1837 1736 1939 1796 terris

513 1793 752 1882 TITULUS
797 1793 858 1878 IV
1138 1849 1207 1894 suae
1216 1831 1444 1909 jurisdictioni
1459 1830 1617 1908 subjectis
1633 1831 1808 1892 universos
1827 1830 1940 1892 haere-

553 1987 596 2034 ΒΕ
618 1985 816 2032 HAERETICIS·
1137 1929 1220 1990 ticos
1237 1929 1278 1990 ab
1299 1929 1448 1990 Ecclesia
1470 1928 1652 2000 denotatos,
1675 1927 1761 1990 bona
1785 1928 1861 2000 fide,
1878 1945 1939 2006 pro

1137 2026 1264 2086 viribus
1278 2027 1502 2087 exterminare
1518 2024 1710 2100 studebunt3
1727 2026 1774 2086 ita
1786 2027 1940 2102 quando-

473 2109 681 2168 Ft'ssilssi'l'fflti
695 2103 897 2178 intimam·
1138 2138 1278 2202 cumque
1299 2124 1374 2200 quis
1389 2122 1537 2184 fueritin
1553 2123 1750 2199 potestatem
1773 2123 1844 2184 sive
1859 2139 1940 2200 per-

1139 2221 1280 2299 petuam,
1315 2221 1366 2282 vel
1396 2220 1610 2296 temporalem
1638 2220 1837 2296 assumptus,
1874 2221 1938 2282 hoc

589 2293 725 2354 CAPUT
751 2291 775 2352 Ῑ·
1137 2319 1290 2380 teneatur
1304 2317 1484 2394 capitulum
1491 2317 1680 2395 Juramento
1690 2317 1939 2393 tirmare3alie-

328 2432 398 2491 Hac
426 2426 571 2498 edictali,
595 2426 629 2488 et
650 2428 755 2500 iissre.
781 2423 952 2494 cathamo,
978 2421 1082 2483 Pata·
1138 2417 1217 2492 quin
1233 2431 1294 2476 neo
1311 2431 1371 2492 pro
1396 2415 1624 2492 potestatibus,
1640 2431 1702 2476 nec
1730 2431 1790 2491 pro
1814 2431 1939 2478 consu-

288 2528 391 2597 riuos,
408 2524 591 2595 LeonistaS,
619 2521 838 2599 Speronistas,
863 2519 1080 2590 arnaldistas,
1138 2513 1225 2573 libus
1249 2513 1447 2581 habeantur,
1470 2528 1650 2589 eorumque
1675 2513 1855 2574 sententias
1878 2513 1938 2574 de-

210 2613 212 2620 '
289 2623 519 2694 circumcisos,
536 2622 569 2683 et
589 2635 703 2681 omues
717 2618 892 2680 haereticos
912 2617 1083 2694 utriusque
1138 2611 1305 2671 ceruimus
1321 2626 1362 2671 en
1377 2611 1456 2670 tunc
1470 2609 1584 2670 irritas
1606 2609 1638 2670 et
1660 2609 1788 2670 inanes.
1805 2610 1840 2670 si
1854 2627 1936 2672 uero

290 2737 401 2792 senus,
425 2731 630 2795 quocumque
652 2715 785 2776 nomine
808 2713 1006 2776 censeantur
1032 2710 1082 2792 (a)
1138 2707 1289 2768 domiuus
1303 2706 1495 2783 temporalis
1507 2707 1686 2783 requisitus
1701 2707 1733 2767 et
1746 2707 1936 2768 admonitus

289 2818 448 2896 perpetua
463 2816 657 2876 damnamus
668 2811 816 2883 infamia,
832 2809 879 2890 (b)
892 2811 1081 2883 ditildimus,
1138 2805 1179 2866 ab
1195 2805 1342 2866 Ecclesia
1352 2806 1475 2865 terram
1491 2819 1584 2864 suam
1598 2819 1739 2880 purgare
1750 2804 1937 2880 neglexerit

289 2917 387 2992 atque
402 2913 593 2984 bannimus3
611 2911 783 2971 censentes
807 2909 844 2970 ui
865 2907 952 2968 bona
966 2908 1083 2968 talium
1138 2901 1179 2962 ab
1203 2899 1360 2962 haeretica
1377 2901 1549 2978 pravitate,
1574 2903 1646 2978 post
1667 2917 1791 2961 annum
1811 2917 1830 2962 a
1850 2903 1936 2962 tem·

289 3011 521 3080 confiscentur,
537 3023 598 3070 nec
617 3007 660 3068 ad
681 3021 738 3068 ees
753 3006 892 3067 ulterius
906 3006 1082 3066 revertan-
1124 3015 1217 3077 ·pore
1252 2998 1443 3060 monitionis
1474 2998 1633 3074 elapsum,
1669 2999 1793 3059 terram
1827 2999 1934 3076 ipsius

289 3111 355 3181 tur,
375 3107 422 3170 ita
446 3105 532 3181 quod
555 3104 615 3165 tilii
636 3103 677 3164 ad
702 3103 945 3164 successionem
969 3117 1082 3164 eorum
1138 3097 1334 3174 exponimus
1349 3095 1521 3156 catholicis
1532 3095 1835 3173 occupandam,qui
1847 3112 1931 3170 eam,

290 3345 351 3402 redi
367 3342 592 3418 praedecessores
607 3341 650 3400 sui
671 3343 699 3400 in
718 3357 781 3415 cap.
804 3341 846 3412 13,
860 3341 907 3399 lib.
924 3341 989 3410 llll,
1012 3349 1039 3399 et
1054 3341 1082 3399 in
1169 3335 1215 3420 ¹(ci
1239 3337 1378 3418 l’erpetnn
1398 3336 1572 3420 muniemus·
1590 3335 1723 3408 infamio,
1740 3335 1819 3418 Alias
1831 3335 1934 3394 dicitur

290 3417 353 3473 aliis
369 3415 495 3486 pluribus
507 3415 577 3470 locis
589 3412 742 3470 hocvetuit
754 3413 790 3470 de
823 3428 860 3469 uo
871 3413 1080 3472 bicllonorius.
1138 3409 1284 3480 diffamia,
1307 3406 1382 3488 and
1404 3409 1436 3464 D·
1454 3410 1644 3489 Augustinum
1663 3408 1693 3462 in
1713 3408 1862 3488 Orestion·
1879 3413 1931 3464 vrt-

290 3485 345 3544 Sed
366 3493 395 3542 et
413 3485 537 3542 nutrices
559 3483 730 3542 christianas
752 3483 787 3540 ad
804 3428 956 3566 ῗειοῑιῑηᾰοεΙ
979 3499 1082 3566 pueros
1139 3479 1255 3560 Testem.
1269 3485 1297 3534 et
1310 3423 1385 3544 aflei,
1399 3484 1430 3534 ut
1444 3476 1881 3559 doctissime·advertitcupacrus
1895 3480 1933 3534 ud

289 3557 450 3616 ludaeorum
466 3554 625 3612 conducere
639 3561 715 3611 vetat
732 3553 863 3612 Clemens
884 3555 932 3622 IV,
950 3569 978 3610 ru
997 3564 1080 3626 epist.
1136 3547 1271 3606 Parcirti.
1286 3549 1350 3604 dod.
1361 3549 1504 3618 :deputa
1515 3548 1704 3629 concausam.
1718 3549 1932 3629 arrogetlctnm

289 3627 413 3700 quadarn
428 3627 497 3692 ils,
518 3633 547 3682 et
568 3624 603 3682 de
626 3625 670 3682 his
698 3639 761 3697 cap.
788 3625 832 3690 ta,
857 3623 921 3682 hoc.
945 3626 986 3682 tit.
1011 3625 1082 3684 Vide
1138 3620 1264 3691 infamio
1287 3625 1370 3675 vocat
1392 3619 1541 3690 Vopiscus,
1564 3633 1595 3674 sn
1620 3619 1740 3687 Aurel.;
1757 3617 1805 3674 alu
1826 3620 1930 3674 sutrina

308 3712 402 3770 noque
438 3697 669 3754 constitutionem
706 3693 840 3752 bernardi
876 3695 1081 3767 archiepiscopi
1135 3691 1229 3762 [tirno.
1260 3760 1265 3771 Ι
1324 3759 1329 3772 .
1460 3759 1464 3770 Ι
1591 3758 1596 3770 ⁸
1875 3759 1880 3771 .

288 3713 454 3836 aarracou,
473 3763 765 3834 auno1273,hacde
784 3779 825 3822 re.
849 3766 998 3822 Rationem
1015 3781 1082 3823 vcro
1173 3761 1212 3832 (b)
1228 3759 1402 3832 Diffidtmns.
1428 3759 1572 3832 Disputare,
1590 3757 1664 3814 idem
1686 3765 1729 3814 est
1745 3757 1820 3830 qued
1834 3759 1927 3842 ,θήρ

287 3854 338 3896 cur
349 3839 384 3894 ab
399 3837 477 3894 omni
496 3838 642 3893 bominum
658 3835 801 3892 consortio
819 3834 908 3894 iudaei
933 3844 1082 3893 arceantur
1136 3831 1261 3912 duriore,
1277 3835 1306 3885 et
1320 3829 1470 3911 Diffidam,
1484 3827 1559 3912 qarod
1581 3843 1643 3898 uos,
1659 3829 1774 3900 damn,
1789 3835 1818 3885 et
1832 3844 1927 3910 ruitur·

287 3908 379 3966 reddit
400 3907 513 3965 Diodor.
527 3909 636 3964 Siculus
646 3906 694 3964 lib.
710 3907 767 3963 lib.
796 3907 883 3968 pivone
905 3907 1081 3971 γάρὰπάντων
1136 3908 1217 3957 ertias
1241 3900 1422 3957 denunciare.
1451 3899 1591 3958 Vutllelm.
1616 3897 1797 3956 ilalmesbur.
1820 3899 1868 3956 lrb.
1892 3902 1928 3969 ll,

288 3981 372 4036 ἰῦνῶν,
386 3979 565 4037 &geismariensi
576 3974 636 4028 εἶναι
655 3983 697 4034 τῆς
710 3995 771 4041 προς
795 3976 855 4026 attio
869 3978 936 4033 ἔθνος
956 3978 1079 4040 ἐπιμιξίας,
1136 3972 1255 4043 loquens
1278 3969 1313 4026 dd
1335 3968 1479 4041 Stephano
1503 3983 1572 4042 rege
1596 3985 1603 4026 :
1628 3971 1705 4026 More
1726 3971 1867 4040 majorum
1891 3971 1930 4026 eit

287 4044 329 4093 καὶ
338 4042 469 4102 πολεμίους
477 4041 661 4103 ὺπολάμβάνιιν
676 4041 777 4095 πάντας,
793 4037 821 4094 id
844 4047 897 4106 est,
921 4039 993 4096 solos
1007 4039 1081 4094 enim
1135 4041 1290 4098 omnnium
1304 4041 1505 4108 interdixerat,
1544 4041 1597 4096 noct
1615 4041 1663 4110 dis
1679 4041 1748 4094 dore
1770 4039 1927 4098 discutio

287 4125 332 4167 eos
351 4110 466 4180 essepni
479 4123 541 4164 cnm
561 4109 628 4164 eliis
644 4110 769 4189 penitens
789 4109 863 4164 nihii
884 4109 983 4164 iubent
1006 4124 1078 4164 com·
1134 4112 1247 4184 legibus
1259 4113 1405 4168 Scotorum
1423 4117 1452 4166 et
1464 4055 1632 4182 angiorum,
1673 4110 1798 4178 cnidcre,
1815 4125 1927 4182 quoque

287 4195 379 4245 marne,
396 4184 422 4235 et
435 4193 527 4235 omnies
543 4179 572 4233 iu
586 4178 707 4234 bostium
719 4194 833 4234 nutriere
840 4183 959 4248 pereunt.
972 4181 1006 4235 Et
1016 4179 1078 4235 ubi·
1134 4183 1235 4240 eadem
1257 4181 1466 4254 significatione
1488 4181 1685 4253 usurpabatur.
1710 4182 1742 4237 lu
1758 4179 1830 4238 bulla
1852 4182 1926 4238 llar-

287 4265 352 4307 cum
374 4263 410 4305 ue

287 4265 406 4388 roriflui
419 4263 454 4376 (ie
467 4318 717 4392 hlagdeburgeusi,
734 4327 763 4376 et
780 4319 904 4376 llaiieusi
919 4319 1080 4376 civitatibus
1133 4324 1297 4380 perridentes
1307 4336 1442 4391 wacena
1461 4321 1661 4378 eerrlest‘nsticus
1677 4337 1685 4376 :
1701 4329 1729 4377 et
1742 4323 1769 4377 iu
1785 4321 1925 4378 t'eustitu·

287 4391 384 4448 scribit
400 4391 549 4447 iirautzius
570 4390 618 4447 lib.
640 4393 715 4458 Vlll,
734 4391 864 4460 netrop,
889 4404 953 4461 cap.
975 4390 1018 4448 23.
1040 4394 1079 4448 De
1135 4394 1210 4450 tione
1233 4393 1357 4448 Ximenii
1376 4390 1411 4448 de
1432 4393 1521 4459 Luna,
1542 4391 1748 4464 archiepiscopi
1773 4393 1925 4450 Tarracon.

287 4461 437 4518 Saracenis
452 4459 526 4516 idern
540 4460 599 4518 lere
615 4475 671 4516 uon
686 4462 803 4518 oruuiuo
813 4459 861 4531 jus
874 4460 1015 4528 statuitur,
1032 4462 1079 4533 qui
1135 4479 1209 4520 auno
1220 4465 1287 4520 lats
1301 4463 1554 4519 :Prmdecessernni
1570 4462 1790 4532 nostrorninpni
1800 4465 1924 4519 condem-

308 4531 402 4588 nidem
430 4545 445 4588 a
475 4530 580 4589 ludaeis
606 4531 780 4598 deiecerunt,
803 4537 832 4586 et
879 4545 931 4587 uos
954 4533 1078 4613 primunr
1133 4539 1273 4591 renonent
1294 4533 1412 4588 adnatant
1426 4532 1607 4588 execrabilem
1627 4531 1778 4602 diffidendi
1791 4547 1927 4614 perronem

285 4547 377 4659 dictos
390 4603 539 4675 Agareuos
550 4601 647 4658 scribit
662 4598 832 4674 Agohardns
845 4545 893 4658 lib.
905 4601 938 4656 de
949 4603 1077 4661 incolent.
1133 4605 1333 4661 ecclesiasticos
1359 4604 1483 4673 vestigiis
1506 4603 1684 4672 inimentes,
1709 4605 1871 4672 statuemus,
1896 4608 1925 4659 nt

285 4675 408 4731 dudone.
424 4673 459 4729 ab
475 4675 552 4746 Agar
565 4673 677 4740 anciila,
698 4679 726 4728 et
740 4672 873 4728 Saraceni
889 4671 954 4728 dicti
971 4675 1077 4742 asara,
1133 4677 1158 4732 si
1170 4675 1232 4746 pun
1251 4675 1297 4745 dis
1315 4674 1434 4742 decerit,
1454 4687 1503 4730 serr
1523 4673 1708 4740 ocnwcoerit,
1723 4673 1863 4745 diffidari,
1879 4689 1927 4729 seu

285 4759 374 4801 uxore
389 4742 521 4810 Abrahae,
541 4751 571 4801 ut
586 4741 681 4800 cribit
697 4744 730 4799 Ι).
754 4742 881 4809 Hieron,
902 4757 986 4814 quem
1009 4743 1076 4800 Sea·
1133 4746 1264 4802 conmori
1296 4743 1388 4810 ecerit,
1408 4751 1461 4801 etc.
1479 4745 1559 4799 ilaue
1579 4741 1784 4800 diffidationem
1808 4744 1927 4799 Feidam

285 4815 359 4888 liger
371 4829 427 4871 nou
441 4815 503 4886 jure
518 4815 619 4887 carpit,
636 4827 723 4884 quum
741 4814 779 4868 ait
791 4827 841 4869 eos
854 4827 958 4868 nomeu
979 4827 1075 4886 sump·
1133 4824 1236 4873 vocant
1252 4816 1332 4888 leges
1347 4815 1500 4882 Saxonum,
1515 4813 1685 4882 Frisieuum,
1708 4821 1737 4870 et
1758 4813 1923 4886 Lougobar-

284 4886 358 4942 sisse
380 4901 395 4942 a
421 4887 523 4943 saraca
550 4885 669 4957 regione
693 4883 819 4952 Arabioe;
844 4882 894 4939 sed
922 4898 978 4940 ucu
1001 4883 1078 4942 videt
1133 4886 1285 4955 dorum,nt
1301 4885 1396 4940 notavi
1411 4897 1495 4955 supra
1510 4882 1545 4940 ad
1561 4885 1796 4956 tituidetrenpc,
1812 4889 1922 4954 etpcce.

286 4957 419 5013 Saraeam
447 4957 595 5038 regionem
620 4953 725 5010 dietam
751 4953 838 5010 inisse
861 4969 876 5010 a
902 4955 980 5022 Sara,
1005 4956 1078 5012 sicut
1132 4959 1251 5016 Veteres
1272 4969 1389 5012 vocasse
1411 4954 1631 5024 clarigationem
1652 4953 1768 5026 quidam
1784 4955 1871 5010 voluit
1891 4969 1925 5010 ex

284 5027 410 5099 rigarem
427 5039 574 5098 regionem
590 5025 676 5081 etiarn
690 5023 801 5080 Arabim
817 5022 851 5080 ab
867 5023 956 5096 Agar,
972 5033 999 5081 et
1012 5025 1077 5084 inde
1132 5028 1221 5085 Gellio
1240 5025 1287 5084 lib.
1311 5026 1385 5090 livi,
1403 5039 1465 5097 cap.
1486 5025 1513 5092 i,
1531 5023 1606 5096 quod
1624 5031 1720 5081 tamen
1737 5039 1793 5080 non
1810 5025 1846 5081 ita
1863 5031 1925 5082 est:

283 5099 444 5170 Agorcnos,
461 5109 524 5178 quae
541 5094 648 5161 omniu,
665 5101 693 5150 et
710 5094 756 5166 jus
773 5093 916 5151 diversum
942 5097 1014 5151 inter
1027 5111 1077 5154 eos
1131 5097 1182 5156 sed
1197 5097 1347 5168 Cicripcre
1360 5094 1470 5164 dicitur,
1487 5096 1597 5166 quoties
1617 5095 1762 5166 repetitur,
1781 5101 1829 5151 sut
1848 5095 1922 5176 rapi-

284 5167 345 5224 iuse
361 5175 477 5223 tractavi
494 5165 521 5220 iu
534 5163 694 5220 Porutitiis.
712 5166 735 5220 A
750 5164 855 5221 lrrdoeis
873 5167 958 5222 etiam
975 5167 1073 5224 Sarna·
1131 5177 1175 5226 tur
1190 5169 1225 5224 ab
1240 5182 1298 5224 uuo
1313 5165 1388 5238 quod
1404 5167 1476 5222 alius
1491 5166 1571 5222 alteri
1587 5163 1681 5232 debet,
1697 5172 1727 5221 ut
1743 5173 1821 5222 notat
1840 5165 1879 5222 Cu
1892 5181 1922 5222 a·

282 5239 365 5294 ritani
379 5241 540 5302 manarunt,
554 5241 582 5291 et
593 5233 667 5307 apud
683 5233 884 5291 illoshaeretici
899 5235 1074 5305 bubulcum,
1130 5241 1191 5296 eius
1207 5237 1242 5296 ad
1258 5237 1327 5294 titul.
1349 5235 1415 5295 Cod.
1430 5251 1490 5307 pua
1508 5235 1547 5292 sit
1567 5237 1649 5306 leupo
1664 5241 1785 5294 conseret.
1804 5181 1924 5292 bruslu-

282 5309 318 5365 dc
331 5321 450 5380 quorum
467 5306 649 5378 opinionibus
660 5307 687 5360 iu
699 5306 812 5362 Decreta
825 5307 853 5363 S.
867 5307 990 5379 Eulogii,
1001 5309 1076 5379 apriti
1130 5311 1206 5367 clare
1220 5317 1314 5366 autern
1328 5321 1384 5362 uon
1400 5314 1443 5364 est
1456 5307 1547 5363 solum
1561 5305 1726 5362 iuimicitias
1740 5305 1922 5375 denunciare,

449 4249 530 4304 edem
551 4248 672 4306 inerunt
688 4263 816 4305 summas
837 4263 907 4320 opes
928 4263 1077 4320 compara·
1136 4254 1184 4309 tiui
1201 4256 1224 4312 V
1241 4269 1247 4308 :
1262 4254 1308 4309 Ec
1320 4251 1406 4322 penis
1425 4253 1562 4321 impositis
1581 4257 1679 4307 contra
1693 4250 1864 4322 diffidantes,
1880 4267 1929 4306 seu

283 5379 414 5437 Photiuru
439 5379 467 5432 in
500 5377 621 5444 bibliot,
648 5383 677 5433 et
703 5391 763 5432 seru
786 5391 816 5432 er
843 5375 969 5434 iuieusos
993 5378 1074 5436 vaide
1129 5379 1287 5438 sedetiam
1315 5379 1361 5448 jus
1385 5375 1491 5434 babere
1514 5383 1545 5432 ui
1568 5375 1642 5432 bona
1671 5375 1760 5433 hostis
1783 5391 1924 5449 occupare

281 5451 368 5506 inisse
379 5447 475 5506 scribit
488 5450 519 5504 D.
534 5447 732 5504 Hierenrurus.
748 5391 814 5528 idco
827 5454 855 5503 et
869 5447 1001 5505 omuibus
1016 5465 1073 5507 rnu-
1129 5452 1222 5514 liceat.
1237 5452 1287 5507 lvo
1299 5449 1481 5506 carnotensis
1491 5448 1573 5519 epist.
1588 5447 1623 5528 ti
1634 5447 1700 5528 {³¹⁸
1711 5447 1922 5520 diffiduciastis,

280 5519 395 5577 neribus
416 5525 444 5575 et
462 5517 565 5574 otllciis
585 5503 715 5590 publicis,
739 5525 812 5574 stent
832 5517 946 5576 ludaeos
969 5520 1072 5592 privari
1127 5527 1151 5579 et
1167 5524 1238 5578 bene
1256 5519 1422 5590 episcopalis
1443 5519 1542 5574 demus
1564 5518 1727 5588 diripienda
1750 5519 1923 5576 mensariis

278 5590 366 5647 uoluit
378 5588 540 5656 lastiniam,
557 5589 674 5644 li'oneiln
690 5589 751 5644 tii.
1127 5593 1232 5649 icastris
1244 5588 1470 5662 erpeattistisdd.
1485 5589 1567 5661 epist.
1584 5588 1704 5646 triuio
1717 5585 1923 5647 diffidationem
