4106 6422
258 194 297 252 311
920 191 1095 252 llon'oittl
1120 196 1333 260 1119111111.
1868 211 1912 266 411

259 355 352 414 retttr
379 355 412 412 in
447 351 653 412 dedicatione
687 351 875 411 sanctorum
906 353 994 412 petri
1024 355 1055 412 et

263 451 367 524 pauli,
385 455 417 511 et
432 449 627 526 quibusdam
644 449 719 510 aliis
736 449 979 510 festivitatibus.

301 635 340 692 11.
365 634 534 698 Octoruodu
558 632 663 690 drittu·
682 631 937 704 presbyterium
954 628 1012 708 (t).

299 779 328 834 1.
349 775 456 834 priori
471 774 572 849 igitur
583 774 810 849 episcoporum
822 775 979 834 Romanae
991 775 1055 834 Ec-

255 874 369 934 clesiae
386 873 440 932 dat
456 871 608 931 dominus
632 873 721 946 papa
745 871 947 946 duplicatum
961 886 1054 947 pres-

259 971 435 1044 byterium,
462 969 589 1028 scilicet
611 970 752 1044 quatuor
774 967 976 1044 melequinos
993 966 1051 1047 (2),

261 1069 293 1127 et
306 1065 575 1143 quatuorsolidos
589 1067 623 1125 111
637 1067 710 1126 den.
726 1066 1053 1143 papiens.;0mnibus

261 1166 369 1225 autem
387 1165 560 1240 episcopis,
578 1167 610 1224 et
629 1164 704 1225 aliis
728 1165 830 1225 curiae
846 1165 926 1225 duos
943 1179 1054 1224 mara-

261 1263 401 1331 botinos,
428 1265 459 1323 et
475 1263 555 1322 duos
585 1263 707 1323 solidos
737 1263 903 1338 papiens,
930 1261 1052 1336 singuli

254 1361 424 1421 similiter.
453 1362 487 1419 Si
522 1359 603 1420 sorte
626 1361 894 1436 archiepiscopus
932 1359 1052 1436 aliquis

260 1461 440 1519 extraneus
464 1457 541 1516 tcmc
558 1473 703 1531 praesens
725 1457 834 1528 luerit,
852 1474 910 1533 pro
935 1457 1054 1517 volun-

260 1557 326 1614 tate
353 1553 477 1612 domini
498 1553 600 1610 nostri
622 1555 719 1627 papae
744 1552 799 1612 dat
826 1553 857 1610 ei
883 1553 1054 1628 presbyte-

261 1653 346 1709 rium
361 1671 367 1708 :
385 1649 441 1710 sed
453 1649 492 1708 de
508 1647 658 1723 portione
672 1649 799 1708 tantum
812 1648 906 1707 debet
918 1648 1050 1718 babere,

260 1749 418 1824 quantum
444 1759 544 1822 supra
575 1745 680 1806 dictus
697 1745 787 1822 prior
802 1729 1050 1820 episcoporum,

260 1845 401 1921 quatuor
416 1843 541 1904 scilicet
556 1842 770 1919 melequinos,
785 1843 817 1902 et
829 1841 962 1903 totidem
978 1842 1052 1903 soli-

260 1945 318 2004 dos
341 1944 394 2002 :si
419 1958 497 2002 vero
524 1941 645 2018 aliquis
673 1942 845 2016 episeopus
874 1943 1051 2002 extraneus

260 2041 368 2112 suerit,
387 2057 486 2100 uirum
507 2039 728 2114 melequinum
752 2038 847 2099 debet
870 2038 1052 2108 1191191991

257 2133 520 2200 111011991ωά91.
538 2136 691 2212 papiens.
709 2137 817 2196 priori
842 2135 1052 2212 presbytero-

259 2252 332 2296 rum
348 2235 565 2297 cardinalium
592 2235 648 2296 dat
674 2233 825 2293 dominus
853 2237 942 2310 papa
968 2233 1050 2294 diros

259 2335 472 2411 melequinos
486 2334 518 2395 et
528 2333 662 2393 totidem
676 2331 809 2402 solidos,
820 2347 879 2406 pro
890 2332 1048 2407 prioratu.

259 2433 367 2494 priori
383 2423 648 2508 presbyterorum
658 2429 768 2490 Sancti
784 2429 952 2490 Laurentii
968 2429 1050 2490 loris

258 2547 369 2592 muros
385 2545 443 2606 pro
454 2528 563 2599 laude,
574 2528 656 2588 ditos
672 2527 1047 2604 similitermelequinos,

258 2631 290 2690 et
304 2629 439 2689 totidem
455 2627 576 2689 solidos
594 2649 601 2686 :
617 2625 767 2686 omnibus
780 2625 812 2686 et
822 2625 962 2702 singulis
974 2625 1049 2686 aliis

258 2726 457 2803 presbyteris
467 2723 691 2787 cardinalibus
702 2741 802 2786 uncum
814 2723 1047 2800 melequinum,

257 2826 289 2884 et
303 2824 473 2884 duodecim
489 2822 642 2882 denarios
658 2823 847 2897 papienses.
865 2821 973 2881 priori
989 2835 1050 2880 au-

256 2921 321 2980 tem
345 2919 558 2980 diaconorum
584 2917 801 2977 cardinalium
827 2918 967 2992 quatuor
986 2932 1050 2976 me

256 3018 417 3092 lequinos,
444 3017 476 3075 et
500 3013 633 3074 totidem
663 3013 785 3073 solidos
811 3029 870 3088 pro
889 3014 1047 3089 prioratu,

255 3112 472 3191 presbyteria,
489 3113 521 3172 et
536 3111 633 3170 laude
648 3111 862 3171 diaconorum
876 3111 908 3171 et
921 3109 1050 3171 subdia-

254 3227 412 3273 conorum
434 3208 607 3270 :omnibus
631 3208 706 3268 aliis
729 3208 922 3270 diaconibus
938 3209 970 3269 et
984 3209 1049 3268 sin-

253 3310 340 3386 gulis
356 3325 457 3368 uuum
472 3307 704 3384 melequinum,
717 3309 749 3368 et
764 3306 936 3368 duodecim
951 3306 1049 3367 deua-

254 3410 320 3469 rios
333 3407 485 3484 papiens.
500 3407 645 3467 Diacono
655 3409 771 3466 Graeco
782 3422 883 3465 tinum
893 3406 1049 3482 melequi-

253 3523 342 3578 num,
361 3509 393 3566 et
420 3505 592 3565 duodecim
620 3505 774 3566 denarios
804 3505 994 3581 papienses
1013 3505 1046 3564 Si

254 3607 336 3666 t'orte
352 3604 472 3680 aliquis
487 3601 588 3663 abbas
604 3603 755 3663 mitratus
771 3619 917 3679 praesens
936 3601 1044 3674 luerit,

254 3703 309 3762 dat
322 3703 352 3762 ei
370 3717 469 3760 unum
490 3699 721 3775 melequinum,
752 3702 784 3759 et
808 3699 979 3759 duodecim
995 3701 1047 3760 de-

255 3800 366 3860 narios
382 3799 571 3876 papienses.
586 3797 816 3858 primicerio...
831 3797 887 3857 dat
901 3797 931 3856 ei
946 3813 1046 3856 unum

254 3899 487 3978 melequinum,
505 3899 536 3958 et
552 3896 722 3957 (luodecim
738 3894 891 3955 denarios
911 3897 1047 3973 papien·
1138 3971 1139 3976 ἵ

256 4015 317 4058 ses.
339 3996 447 4056 priori
464 3995 739 4054 subdiaconorum
770 4009 870 4053 unum
893 3991 1048 4068 melequi-

254 4111 349 4166 num;
365 4091 515 4152 omnihus
527 4089 602 4148 aliis
616 4088 869 4149 subdiaconibus
883 4090 1046 4148 similiter.

257 4193 291 4252 Si
308 4191 406 4250 etiam
429 4189 558 4248 centum
575 4187 694 4257 essent,
711 4185 865 4246 uidelicet
891 4187 1045 4263 quinque,

255 4289 308 4348 rel
324 4287 397 4364 plns
413 4285 603 4354 autminus
632 4283 803 4344 duodecim
832 4284 1045 4362 melequinos

257 4384 465 4446 subdiacono
477 4385 591 4443 Gracco
606 4397 706 4441 unum
722 4381 953 4458 melequinum.
972 4383 1048 4444 Uni·

255 4479 801 4560 tetriquescholaecantorumunum
812 4479 1045 4557 melequinum:

256 4580 434 4656 unicnique
449 4578 570 4639 sclrolae
587 4577 711 4650 Crucis
724 4577 862 4656 quiesse
876 4577 993 4640 debent
1007 4580 1047 4640 de

252 4681 329 4754 jure
344 4677 385 4737 ad
401 4677 474 4754 pilus
493 4676 644 4754 quatuor,
669 4677 701 4736 et
725 4691 790 4736 non
812 4676 933 4753 plures.
951 4678 1047 4738 Prior

255 4773 521 4852 presbyterorum
534 4773 791 4851 capellanorum,
806 4775 862 4850 qni
882 4775 958 4836 sunt
970 4775 1045 4846 dcco,

254 4876 358 4936 elnon
367 4871 490 4948 plures,
503 4887 602 4932 tinum
618 4871 855 4947 melequinum:
870 4873 1047 4949 unicuique

251 4971 503 5050 capellanorum
519 4969 644 5030 domini
659 4972 758 5047 Papae
773 4985 874 5030 unum
893 4971 1048 5047 melequi-

291 5123 331 5196 (i)
352 5122 560 5196 presbyterium
578 5117 679 5176 dicitur
693 5117 857 5176 donativum
882 5119 957 5190 qued
976 5122 1047 5178 pon-

255 5193 346 5250 titiees
359 5193 478 5248 Romani
492 5190 659 5248 distribuere
672 5191 763 5248 solent
774 5193 802 5246 111
814 5189 982 5262 quibusdam
993 5192 1046 5248 cir·

255 5263 443 5320 cumstantiis.

291 5335 332 5408 (1)
352 5333 538 5404 11919ᾳυί1119,
563 5332 609 5390 vel
633 5333 833 5412 1119111111111119,Ι
853 5339 966 5389 moneta
991 5332 1042 5390 ita·

255 5406 319 5462 lica.
335 5433 372 5542 -)
391 5404 545 5475 papienses
565 5403 656 5472 solidi,
673 5409 786 5460 maneta
809 5403 931 5459 civitatis
952 5405 1045 5476 papiae

269 5476 354 5531 pauiu
370 5519 376 5531 .

256 5477 266 5550 ί
292 5547 333 5620 tu)
355 5549 485 5604 Formam
502 5543 663 5616 husjusmodi
685 5545 856 5616 calceorum,
870 5544 1045 5618 aliorumque

1112 373 1201 417 1111111.
1220 360 1380 422 prefecto
1407 361 1510 432 urbis,
1526 363 1582 424 XL
1612 363 1734 425 solidos
1747 365 1821 428 den.
1840 369 1909 428 pa-

1110 455 1229 530 piens,
1247 459 1303 534 qui
1326 457 1479 520 uidelicet
1505 459 1680 538 praefectus
1695 461 1736 524 ah
1763 463 1907 526 ecclesia

1111 555 1240 616 Sanctae
1251 557 1399 630 Virginis
1412 558 1527 620 Mariae
1556 577 1658 637 usque
1682 561 1723 622 ad
1744 562 1906 638 palatium

1109 649 1905 740 indutusmantoprecioso,etcalceatnszanea(a)

1109 765 1175 808 una
1190 765 1303 822 aurea,
1321 751 1369 830 (id
1384 755 1434 814 est
1445 771 1509 815 nna
1525 755 1659 835 caliga),
1671 757 1777 818 altera
1786 759 1903 830 rubea,

1109 847 1223 908 eadem
1239 849 1292 909 die
1307 851 1339 912 et
1354 853 1497 912 secunda
1526 853 1589 925 die,
1607 855 1639 915 et
1653 853 1752 916 etiam
1775 856 1809 916 111
1825 857 1906 918 dua·

1108 943 1168 1004 bus
1184 945 1298 1006 diebus
1309 950 1457 1021 paschae,
1471 951 1502 1011 et
1513 951 1642 1027 quando
1653 955 1743 1028 papa
1755 951 1902 1029 eligitur,

1107 1044 1200 1118 iuxta
1227 1043 1394 1106 dominnm
1409 1050 1531 1123 Papam
1547 1049 1783 1111 collateraliter
1810 1052 1904 1112 nullo

1109 1140 1216 1200 medio
1232 1143 1409 1217 equitando
1432 1145 1565 1207 incedit.
1593 1148 1790 1209 Senatorum
1809 1166 1902 1222 uero,

1109 1237 1164 1312 qui
1178 1239 1254 1298 tunc
1269 1239 1343 1300 urbi
1359 1245 1515 1316 praesunt,
1528 1243 1686 1305 medietas
1701 1246 1828 1307 accedit
1843 1263 1904 1324 pro

1108 1335 1324 1412 presbyterio,
1355 1339 1450 1400 etad
1476 1342 1712 1402 comedendum
1739 1359 1813 1404 cum
1841 1345 1905 1406 do-

1108 1433 1197 1493 mino
1213 1437 1302 1511 papa
1320 1453 1326 1492 :
1345 1454 1483 1513 quorum
1497 1439 1554 1500 uui
1565 1441 1716 1501 dominus
1732 1445 1833 1518 papa,
1848 1443 1903 1502 191

1108 1530 1233 1590 duobus
1249 1549 1307 1607 pro
1324 1536 1474 1598 onmihus
1485 1537 1571 1609 aliis,
1587 1538 1827 1614 presbyterium
1842 1557 1903 1616 pro

1108 1642 1303 1704 unoquoque
1332 1635 1484 1694 sectatore
1513 1636 1666 1697 similiter
1689 1653 1789 1698 11111111
1805 1638 1905 1698 mele·

1108 1724 1244 1798 quinum
1258 1749 1265 1800 ;
1283 1727 1338 1788 dat
1353 1727 1504 1790 dominus
1520 1735 1611 1808 papa
1625 1735 1804 1812 unicuique
1814 1736 1905 1812 judi·

1108 1837 1181 1881 cum
1197 1822 1287 1882 urbis
1313 1842 1413 1886 urium
1442 1827 1675 1904 melequinum,
1705 1835 1738 1894 et
1751 1833 1812 1894 XII
1827 1833 1905 1895 soli·

1107 1919 1165 1978 dos
1181 1921 1255 1980 den.
1273 1924 1438 1998 papiens,
1456 1928 1592 2002 excepto
1603 1929 1723 2004 priore,
1739 1931 1795 2008 qui
1806 1929 1906 1992 debet

1108 2016 1230 2078 babere
1254 2035 1354 2080 unum
1375 2022 1597 2100 melequinum
1623 2025 1711 2089 ultra
1738 2044 1797 2104 pro
1817 2029 1906 2105 prio-

1106 2116 1191 2187 ratu,
1210 2121 1242 2178 et
1254 2135 1356 2180 unum
1375 2121 1597 2198 melequinum
1622 2140 1682 2202 pro
1696 2125 1804 2186 laude.
1825 2125 1908 2186 Uni·

1106 2214 1224 2290 cuique
1239 2215 1472 2280 advocatorum
1488 2237 1589 2281 unum
1613 2222 1846 2297 melequinum,
1869 2223 1908 2283 et

1106 2311 1187 2372 duos
1203 2313 1325 2374 solidos
1340 2316 1414 2376 den.
1431 2318 1584 2392 papiens.
1602 2317 1760 2378 Omnibus
1775 2319 1909 2378 scrina-

1106 2409 1176 2480 riis,
1195 2413 1352 2488 quotquot
1376 2415 1462 2484 sunt,
1479 2429 1538 2473 sen
1563 2414 1766 2490 melequinos
1791 2417 1824 2476 et
1840 2431 1906 2477 sex

1105 2506 1228 2569 solidos
1244 2509 1317 2568 den.
1342 2510 1494 2586 papiens.
1512 2511 1692 2571 praelectus
1718 2512 1903 2584 navalium,

1105 2605 1160 2681 qui
1187 2605 1308 2666 dieitur
1337 2609 1488 2682 Sangari,
1516 2608 1598 2670 duos
1623 2609 1839 2684 melequinos,
1870 2613 1906 2672 et

1105 2703 1246 2780 quatuor
1258 2705 1352 2766 solid.
1378 2707 1452 2765 den.
1476 2707 1629 2782 papiens.
1645 2707 1685 2768 Et
1708 2706 1791 2767 sciat
1805 2723 1904 2770 secu-

1104 2801 1178 2860 tura
1189 2803 1375 2877 posteritas,
1389 2803 1473 2880 qnod
1485 2803 1567 2863 nulli
1576 2803 1634 2863 alii
1646 2803 1798 2865 dominus
1808 2807 1899 2881 Papa

1106 2901 1238 2975 propria
1254 2917 1364 2972 macru,
1383 2903 1447 2963 nisi
1463 2903 1615 2978 superius
1640 2903 1828 2975 nominatis,
1845 2903 1903 2963 de·

1104 2992 1158 3055 bet
1173 2997 1412 3071 presbyterium
1426 2997 1516 3058 dare.
1529 2998 1787 3074 presbyterium,
1804 3003 1839 3061 ut
1849 3015 1901 3060 su·

1104 3093 1216 3167 perius
1232 3093 1354 3153 dictum
1370 3095 1430 3164 est,
1447 3093 1504 3155 dat
1517 3095 1669 3156 dominus
1685 3101 1785 3175 papa.

1144 3191 1173 3250 5.
1192 3190 1245 3250 Sic
1265 3190 1398 3270 indutus
1420 3191 1552 3254 ducitur
1570 3209 1589 3254 a
1609 3195 1768 3270 magistro
1793 3213 1903 3258 senes·

1104 3287 1206 3359 calce,
1224 3289 1256 3350 et
1270 3304 1289 3348 a
1305 3289 1463 3364 magistro
1480 3291 1520 3351 ad
1537 3307 1684 3352 mensam
1702 3293 1739 3354 111
1761 3294 1901 3356 basilica

1104 3387 1223 3447 Leonis
1252 3402 1345 3464 papae
1364 3390 1409 3447 111
1425 3385 1483 3467 (3).
1500 3389 1549 3448 Ad
1565 3406 1713 3450 mensam
1726 3408 1805 3453 vero
1820 3393 1901 3468 legit

1102 3500 1187 3544 uncis
1202 3483 1242 3545 de
1256 3485 1405 3547 diaconis
1421 3485 1644 3549 cardinalibus
1656 3505 1729 3550 cum
1744 3489 1898 3566 pluuiali:

1103 3582 1191 3642 circa
1211 3599 1290 3642 vero
1320 3583 1418 3644 duem
1441 3599 1564 3645 mensae
1589 3585 1701 3646 schola
1727 3589 1900 3650 cantorum

1104 3679 1200 3742 debet
1215 3683 1350 3742 cantare
1367 3682 1589 3760 sequentiam.

1164 3852 1220 3910 Ill.
1245 3853 1330 3917 occid
1345 3855 1611 3927 ctouuuuspupu
1624 3857 1718 3916 debet
1729 3857 1845 3930 fucere

1274 3952 1307 4008 iu
1321 3951 1408 4022 secto
1420 3951 1530 4010 sorceti
1552 3951 1726 4026 Slcpburu'.

1143 4091 1172 4149 6.
1183 4092 1218 4150 ln
1234 4090 1286 4150 die
1302 4091 1411 4152 autem
1427 4093 1533 4152 sancti
1545 4093 1701 4170 Stephani
1713 4111 1810 4157 mane
1824 4111 1901 4157 con—

1103 4187 1240 4249 ueniunt
1254 4203 1367 4250 omnes
1390 4189 1522 4251 ordines
1543 4192 1694 4268 superius
1709 4194 1897 4270 praetaxati,

1102 4287 1169 4346 tam
1183 4284 1306 4357 clerici,
1319 4303 1417 4363 quam
1430 4287 1519 4359 laici,
1534 4287 1640 4349 induti
1650 4291 1766 4351 sericis
1779 4292 1900 4367 parmis

1103 4375 1298 4453 inbasilica,
1314 4383 1508 4444 diaconibus
1529 4385 1765 4459 cardinalibus
1780 4389 1813 4449 et
1825 4387 1900 4448 sub—

1102 4479 1295 4540 diaconibus
1319 4481 1477 4558 exceptis,
1510 4483 1566 4558 qui
1597 4482 1705 4545 induti
1728 4483 1897 4546 dominum

1103 4579 1227 4654 papam
1241 4579 1559 4640 ducuntdecamera
1579 4595 1639 4642 sua
1661 4581 1701 4642 ad
1724 4579 1897 4645 basilicam

1102 4674 1208 4751 ipsam
1222 4674 1281 4754 (5),
1297 4676 1352 4737 ubi
1370 4677 1557 4738 cardinales
1577 4679 1725 4740 universi
1738 4681 1898 4744 exhibent

1102 4773 1133 4834 ei
1158 4774 1393 4850 reverentiam
1419 4773 1530 4852 ibique
1563 4775 1671 4837 induit
1705 4792 1739 4839 se
1763 4779 1898 4855 planeta

1102 4870 1188 4931 alba.
1202 4871 1241 4932 ut
1253 4871 1455 4934 descendens
1466 4871 1505 4932 de
1518 4872 1641 4949 palatio
1656 4891 1758 4952 usqne
1770 4877 1811 4938 ad
1823 4893 1900 4954 por·

1101 4967 1259 5040 tirellum,
1285 4969 1396 5048 ibique
1420 4969 1547 5030 inuenit
1572 4986 1691 5048 equum
1720 4973 1897 5036 faleratum

1102 5117 1229 5176 preteeti
1244 5120 1346 5177 urbani
1359 5127 1590 5178 ornamentorum
1606 5120 1696 5179 babes
1708 5123 1737 5179 in
1752 5123 1823 5180 libro
1840 5127 1894 5183 Fe-

1102 5191 1164 5248 licis
1177 5191 1329 5248 Contelorii
1344 5189 1380 5246 de
1392 5192 1526 5262 prefecto
1541 5193 1628 5249 urbis.

1150 5257 1179 5333 3)
1191 5263 1310 5320 Basilica
1326 5262 1430 5318 Leonis
1442 5263 1492 5326 111,
1506 5260 1547 5320 Cl.
1563 5262 1637 5320 mira
1653 5278 1682 5322 11.
1698 5265 1743 5322 38.

1149 5334 1176 5406 l)
1198 5335 1237 5391 Le
1255 5332 1355 5405 pelais,
1382 5332 1408 5388 la
1426 5331 1565 5404 basilique
1588 5341 1733 5392 attenante
1754 5350 1790 5392 au
1805 5337 1898 5409 pelais

1100 5412 1165 5460 sont
1178 5405 1222 5486 ,191
1237 5404 1262 5460 19
1278 5403 1368 5485 puluis
1389 5403 1461 5486 etta
1484 5401 1622 5531 1111911ἰῖ119
1639 5405 1674 5461 de
1689 5407 1894 5490 LatramCon·

1100 5482 1204 5532 stautur
1221 5481 1295 5530 aran
1308 5472 1403 5530 donne
1418 5487 1433 5529 a
1449 5482 1523 5532 saint
1537 5475 1574 5546 Sy
1585 5482 1678 5534 vestre
1692 5491 1726 5536 ee
1741 5477 1832 5548 pelais
1847 5482 1897 5551 qui
