4084 6428
299 269 358 334 851
765 271 941 336 HONORII
963 275 1008 335 Ill
1030 269 1476 335 OPERA.-SERMONES.
1898 265 1959 334 852

297 429 357 505 vit,
383 429 521 509 perfecit
548 429 784 506 obedientlam,
811 433 962 510 implevit
985 432 1098 495 chari·
1154 431 1352 494 immortalis
1366 431 1399 495 et
1413 427 1640 506 impassibilis,
1656 426 1767 492 lucida
1782 429 1817 492 et
1831 430 1954 506 agilis!
2025 419 2026 444 ³

297 530 411 591 tatem.
1151 530 1252 591 Facta
1266 529 1388 601 lucida,
1404 528 1482 604 quia
1496 527 1656 604 scriptum
1671 527 1741 589 est:
1757 529 1957 604 macerent

340 627 568 689 Humilitatem
597 626 854 700 commendavit,
885 627 919 690 et
946 625 1097 688 exhihuit
1143 627 1234 697 justi
1267 627 1358 688 sicut
1391 631 1440 688 sol
1469 628 1641 700 inrepere
1671 625 1794 686 Petris
1829 639 1958 686 corum

300 723 506 800 patientiam,
523 725 601 801 quia
616 725 657 785 ad
672 725 863 786 ludaeorum
873 723 1096 801 blasphemias
1152 722 1244 802 (Sap.
1256 739 1305 795 111,
1322 721 1367 802 7).
1393 722 1510 798 agilis,
1527 720 1604 798 quia
1620 721 1720 783 etiam
1730 722 1958 798 januisclau-

300 820 449 890 humilis,
461 822 502 883 ad
518 822 656 884 vulnera
670 822 799 899 patiens
809 822 1011 898 permansit,
1021 837 1095 882 cum
1151 820 1197 882 sis
1207 820 1355 882 intravit.
1372 822 1409 880 In
1423 821 1619 881 ascensione
1634 834 1713 880 vero
1727 821 1868 896 propter
1882 821 1956 880 ter-

301 917 393 979 intus
416 919 553 995 linguis,
577 919 725 981 exterius
749 919 853 982 clavis
881 918 1094 996 pungeretur.
1151 933 1240 990 ram,
1272 918 1368 989 idest,
1399 931 1534 978 carnem
1568 917 1675 992 magis
1702 916 1956 978 sublimandam

301 1015 447 1078 Perfecit
464 1016 697 1086 obedientiam,
715 1017 793 1094 quia
817 1017 923 1078 factus
938 1015 1095 1079 obediens
1150 1029 1256 1086 suam,
1269 1015 1415 1091 inquam,
1431 1015 1464 1076 et
1482 1014 1641 1084 nostram,
1655 1013 1688 1075 et
1698 1015 1835 1090 propter
1849 1013 1956 1075 disci-

301 1128 406 1190 usque
431 1113 473 1174 ad
498 1115 638 1176 mortem
666 1113 774 1176 crucis
802 1113 963 1176 inclinato
989 1112 1096 1190 capite
1151 1112 1257 1190 pulos,
1272 1111 1366 1174 uteie
1380 1111 1583 1174 Paraclitum
1601 1111 1758 1173 mitteret.
1775 1111 1954 1173 Exaltatus

300 1209 610 1288 tradiditspiritum.
626 1211 778 1290 Implevit
790 1210 998 1284 charitatem,
1018 1210 1096 1287 quia
1151 1210 1202 1272 est
1231 1225 1251 1270 a
1278 1209 1429 1271 terrain
1457 1208 1544 1271 nube
1581 1207 1782 1277 ascendens,
1817 1209 1953 1286 quando

301 1307 450 1370 animam
464 1325 558 1370 suam
569 1308 756 1386 proamicis
772 1309 893 1387 posuit,
907 1308 941 1370 et
953 1323 1013 1384 pro
1026 1323 1098 1370 cru·
1150 1307 1338 1368 videntibus
1358 1305 1426 1368 illis
1445 1306 1595 1367 elevatus
1614 1305 1677 1377 est,
1692 1306 1725 1368 et
1738 1305 1846 1367 nubes
1870 1321 1953 1366 sus-

301 1403 495 1466 cillxoribus
525 1407 595 1468 suis
621 1407 729 1468 oravit
754 1406 867 1467 dicens
881 1405 1021 1477 :Putem
1045 1408 1098 1466 di·
1151 1404 1239 1480 cepit
1262 1419 1337 1466 eum
1365 1402 1407 1466 ab
1433 1403 1539 1466 oculis
1567 1417 1693 1464 eorum.
1723 1405 1761 1464 ln
1789 1402 1955 1464 missione

301 1502 401 1564 mitte
414 1505 481 1564 illic
494 1509 575 1576 qula
588 1504 747 1566 nesciunt
760 1506 841 1578 quid
854 1504 987 1578 fuciunt
1003 1501 1095 1582 (Luc.
1151 1516 1232 1562 vero
1262 1501 1403 1578 Spiritus
1425 1501 1537 1562 sancti
1559 1500 1755 1576 magnificus
1780 1501 1952 1577 apparuit,

302 1613 400 1670 mn,
417 1597 482 1676 34).
495 1599 555 1659 llis
567 1615 685 1676 nempe
694 1600 855 1661 virtutum
867 1599 1006 1676 gemme
1019 1613 1098 1676 qua·
1152 1614 1226 1659 cum
1241 1598 1342 1659 misso
1359 1597 1484 1675 Spiritu
1499 1598 1654 1674 discipuli
1669 1596 1819 1660 roborati
1834 1612 1953 1673 coepe-

302 1695 378 1754 tuor
399 1708 524 1755 cornua
546 1695 654 1756 crucis
668 1698 839 1758 ornantur.
860 1697 900 1757 Et
916 1697 967 1757 est
980 1709 1099 1772 super·
1151 1695 1230 1756 runt
1243 1695 1512 1772 loquimagnalia
1534 1695 1604 1756 Dei.
1621 1694 1661 1756 Et
1675 1695 1738 1756 hoc
1753 1695 1796 1756 ad
1810 1695 1950 1764 terram,

302 1790 503 1852 eminentior
522 1791 719 1865 charitasa
743 1793 868 1854 dextris
896 1792 1095 1864 obedientia,
1151 1792 1247 1864 idest,
1271 1793 1312 1854 ed
1348 1792 1524 1854 utilitatem
1554 1793 1713 1864 nostram,
1740 1793 1857 1854 nostra
1889 1793 1955 1855 fuit

303 1887 483 1949 asinistris
498 1889 669 1966 patientia,
686 1889 857 1951 humilitas
871 1890 907 1950 in
923 1889 1095 1966 profundo.
1152 1905 1267 1952 eorum
1300 1888 1526 1959 confirmati0,
1561 1905 1660 1966 quum
1702 1904 1819 1950 eorum
1848 1906 1953 1950 sonus

305 1985 400 2046 Unde
416 1987 594 2062 Apostolus
612 1987 674 2048 has
693 1988 834 2064 quatuor
861 1989 974 2065 partes
990 1986 1098 2046 crucis
1153 1987 1398 2065 praedicationis
1426 1986 1468 2048 ad
1494 2001 1555 2047 nos
1586 2001 1690 2062 usque
1716 1987 1884 2063 pervenit.
1914 1990 1953 2048 In

303 2097 473 2160 exponens
493 2084 560 2146 ait:
589 2085 629 2146 Ut
651 2087 938 2159 comprehendere
956 2084 1099 2158 possitis
1149 2086 1276 2162 judicio
1291 2086 1402 2146 autem
1417 2083 1575 2160 tanquam
1591 2083 1783 2160 crapulatus
1797 2084 1831 2146 et
1845 2085 1951 2146 terri-

304 2195 386 2242 cum
399 2183 556 2244 orantius
578 2182 719 2254 conctis,
749 2196 825 2256 quoe
848 2182 894 2242 stt
907 2181 1097 2258 lonqitudo,
1152 2182 1231 2244 bilis
1245 2181 1429 2259 apparebit.

303 2277 460 2352 latitudo,
488 2280 691 2348 sublimitas,
712 2279 746 2342 et
759 2281 974 2354 prestandum
999 2276 1096 2357 (Eph.
1193 2283 1297 2356 Ergo,
1324 2278 1456 2350 fratres,
1487 2278 1528 2340 de
1564 2294 1616 2341 me
1644 2278 1761 2350 fateor,
1786 2279 1953 2342 mirehilis

304 2389 355 2448 nr,
369 2375 433 2455 18).
449 2376 639 2438 Notandum
649 2378 699 2439 est
720 2376 806 2453 quod
823 2375 960 2439 fuerunt
975 2377 1012 2437 in
1026 2377 1099 2454 ipsa
1154 2377 1241 2440 facta
1253 2379 1303 2438 est
1316 2375 1456 2438 scientia
1471 2375 1534 2436 ista
1549 2391 1592 2438 ex
1606 2391 1670 2448 me,
1687 2375 1877 2438 confortata
1890 2378 1951 2450 est,

305 2487 405 2534 cruce
426 2474 569 2551 quatuor
586 2473 698 2550 ligna:
724 2473 864 2550 Lignum
888 2473 1046 2544 erectum,
1067 2473 1102 2534 et
1154 2473 1341 2551 necpotero
1357 2473 1399 2534 ad
1414 2489 1499 2534 eam.
1522 2474 1562 2534 st
1585 2474 1711 2535 utinam
1733 2472 1852 2535 saltem
1876 2491 1955 2551 pos-

309 2569 382 2630 haec
397 2572 448 2632 est
461 2571 646 2648 longitud03
664 2571 790 2647 lignum
810 2571 1050 2643 transversum,
1067 2570 1100 2631 et
1155 2572 1259 2632 simus
1274 2570 1638 2646 comprehenderemus
1650 2571 1802 2633 omnihus
1814 2573 1973 2644 sanctis·

308 2665 382 2728 haec
396 2669 447 2730 est
458 2669 612 2752 latitudoj
626 2668 738 2730 tabula
754 2668 973 2746 superposita,
986 2667 1100 2729 ethaeo
1155 2685 1227 2746 quae
1257 2668 1299 2729 sit
1323 2667 1504 2742 longitudo,
1525 2667 1677 2740 latitudo,
1699 2667 1899 2741 sublimitas,
1920 2669 1954 2730 et

307 2765 361 2826 est
376 2765 584 2842 sublimitas;
601 2767 703 2844 stipes
727 2765 780 2828 cui
808 2765 915 2827 infixa·
939 2766 1012 2827 erat
1027 2765 1101 2842 ipsa
1155 2765 1353 2844 profundum
1383 2764 1504 2826 crucis.
1537 2765 1697 2827 Latitudo
1729 2765 1765 2826 in
1795 2765 1954 2842 operibus

305 2877 401 2934 crux,
417 2864 524 2924 ethoc
538 2863 589 2924 est
603 2861 813 2940 profundum,
834 2879 894 2939 per
912 2861 998 2938 quod
1022 2875 1098 2922 ma·
1155 2862 1340 2935 charitatis,
1368 2863 1462 2938 cuius
1490 2861 1681 2924 mandatum
1704 2861 1809 2924 latum
1833 2864 1894 2935 est,
1920 2866 1955 2926 et

304 2957 423 3018 nifeste
451 2958 655 3020 declaratum
684 2959 745 3028 est,
779 2959 865 3035 quod
895 2958 934 3019 de
959 2958 1101 3034 quatuor
1155 2960 1345 3022 extenditur
1368 2974 1472 3035 usque
1492 2958 1532 3020 ad
1548 2958 1716 3032 inimicos,
1739 2959 1870 3022 dicente
1889 2963 1957 3022 Do-

305 3052 421 3114 mundi
431 3054 579 3130 partibus
589 3054 788 3114 vocarentur
798 3054 960 3124 homines,
975 3053 1008 3116 et
1023 3069 1102 3130 qua·
1155 3056 1245 3116 mino
1260 3078 1267 3116 ι
1284 3055 1412 3130 dificile
1440 3057 1597 3116 inimicos
1625 3056 1777 3126 cestros,
1805 3056 1894 3117 sicut
1922 3057 1956 3118 et

304 3151 382 3213 tuor
396 3149 510 3210 mundi
524 3149 658 3211 climata
672 3149 826 3212 venirent
839 3150 881 3211 ad
896 3150 1099 3212 adorandam
1155 3153 1227 3229 ipse
1242 3152 1391 3214 Christus
1403 3151 1560 3228 expansis
1569 3152 1604 3212 in
1615 3167 1712 3214 cruce
1725 3152 1880 3214 manibus
1895 3169 1956 3230 pro

306 3263 452 3320 crucem,
467 3249 563 3324 Juxta
584 3247 670 3326 quod
688 3248 760 3325 ipse
777 3247 878 3310 eiiam
897 3247 964 3309 ait:
991 3250 1102 3315 Quum
1155 3249 1300 3311 inimicis
1325 3249 1442 3322 oravit,
1468 3248 1647 3325 inquiens:
1671 3251 1793 3322 Peter,
1818 3252 1956 3313 dimitte

308 3347 483 3408 caecitates
497 3349 597 3421 litero
611 3362 634 3408 e
648 3347 758 3418 terra,
774 3349 892 3408 omniu
904 3347 1045 3410 trahem
1055 3349 1100 3407 ad
1155 3351 1220 3410 illis
1232 3349 1313 3421 quta
1326 3347 1482 3408 nesciunt
1497 3349 1577 3420 quid
1591 3349 1723 3420 fecium
1740 3345 1834 3426 (Luc.
1855 3363 1954 3419 mn,

306 3442 670 3523 meipsum(Joan.x11,
683 3442 749 3524 32).
765 3445 812 3504 De
823 3443 975 3504 omnihus
986 3443 1100 3504 mundi
1155 3443 1220 3524 34).
1235 3444 1426 3520 Lonattudo
1440 3443 1474 3504 in
1496 3445 1758 3520 perseverantia,
1782 3446 1955 3508 nonenim

306 3540 455 3618 partibus
468 3541 597 3619 aliquos
610 3541 741 3604 traham
756 3541 798 3602 ad
815 3542 989 3618 meipsum.
1156 3543 1212 3620 qui
1227 3541 1410 3620 incoeperit,
1426 3540 1483 3602 sed
1499 3541 1555 3618 qui
1573 3543 1838 3618 perseveraverit
1851 3559 1956 3620 usque

349 3639 529 3717 Quinquies
544 3641 633 3700 enim
656 3639 798 3716 legimus
820 3639 1002 3701 exaltatum
1031 3639 1101 3700 Do·
1156 3639 1189 3699 in
1218 3639 1334 3711 tinem,
1364 3639 1420 3700 hic
1447 3638 1561 3716 salvus
1589 3639 1663 3700 erit.
1701 3639 1794 3700 Sicut
1821 3641 1856 3700 et
1882 3641 1956 3716 ipse

308 3735 435 3798 minum
470 3739 596 3799 Jesum.
627 3737 706 3798 Fuit
741 3737 830 3797 enim
864 3736 1030 3798 exaltatus
1067 3735 1102 3795 in
1159 3737 1319 3808 Christus,
1337 3752 1437 3813 quum
1449 3736 1623 3798 dilexisset
1637 3751 1726 3809 suos,
1739 3737 1885 3798 induem
1900 3738 1955 3799 di-

306 3835 424 3906 morte,
440 3835 475 3895 in
499 3833 641 3908 inferne,
660 3835 695 3896 in
719 3834 974 3906 resurrectione,
991 3833 1026 3892 in
1047 3847 1104 3892 as-
1158 3833 1241 3894 lexit
1266 3849 1334 3894 eos.
1359 3834 1568 3903 Sublimitas,
1596 3833 1633 3896 ut
1661 3849 1850 3910 quaeramus
1879 3851 1954 3912 quae

306 3932 473 4004 censione,
491 3932 526 3992 in
538 3931 680 4009 Spiritus
694 3931 807 3993 sancti
823 3931 994 3993 missione.
1009 3929 1104 3991 Exal·
1158 3945 1292 3993 sursum
1308 3931 1395 3999 sunt,
1411 3946 1478 3992 non
1504 3947 1578 4008 quae
1605 3932 1856 4009 superterram,
1872 3934 1959 3995 sicut

305 4028 431 4092 tabitur
471 4029 603 4090 tandem
643 4029 678 4088 in
713 4029 852 4104 judicio.
894 4029 1006 4090 Prima
1041 4026 1104 4089 fuit
1158 4031 1191 4092 et
1205 4029 1277 4106 ipse
1295 4027 1499 4091 voluntatem
1523 4029 1633 4090 Patris
1659 4030 1712 4090 sui
1737 4030 1885 4106 pretulit
1901 4031 1959 4091 in-

309 4125 493 4201 potestatis,
524 4125 669 4186 secunda
700 4124 972 4201 glorificationis,
1004 4125 1104 4186 tertia
1159 4127 1301 4204 quiens:
1332 4126 1576 4188 Verumtamen
1595 4142 1663 4189 nore
1684 4128 1776 4188 sicut
1789 4143 1852 4204 epo
1870 4135 1956 4199 eolo,

311 4221 568 4294 sublimationis,
585 4223 703 4298 quarta
719 4221 975 4302 magnitudinis3
989 4222 1104 4298 quinta
1158 4226 1217 4286 sed
1230 4224 1319 4284 sicui
1339 4223 1377 4284 tn
1390 4222 1700 4301 otetMatth.xxv1,
1716 4223 1782 4303 39).
1803 4227 1960 4299 Proftm·

307 4318 372 4380 erit
386 4319 579 4396 majestatis.
591 4319 703 4380 Prima
714 4319 801 4380 infra
812 4319 947 4391 terram,
960 4319 1104 4380 secunda
1158 4323 1252 4394 dum,
1269 4321 1304 4380 in
1318 4320 1483 4382 occultum
1498 4321 1700 4397 judiciorum
1726 4323 1797 4393 Dei,
1815 4323 1894 4399 quia
1908 4324 1960 4383 vi-

307 4416 397 4478 circa
417 4417 551 4489 terram,
568 4417 665 4478 tertia
683 4419 817 4494 propter
832 4417 966 4490 terram,
988 4417 1105 4494 quarta
1160 4415 1279 4479 delicet
1293 4415 1382 4477 hunc
1405 4417 1502 4478 vocat
1513 4415 1556 4478 ad
1566 4417 1663 4478 fldem
1685 4419 1805 4490 crucis
1816 4421 1850 4480 et
1862 4419 1958 4480 illum

308 4513 369 4575 suh
381 4515 472 4575 terra
486 4514 539 4576 vel
554 4514 595 4575 ad
621 4516 755 4587 terram,
778 4515 893 4592 quinta
915 4531 1015 4591 super
1036 4515 1106 4577 ter·
1160 4513 1324 4592 reprobat,
1349 4513 1386 4574 ut
1409 4513 1558 4574 dicamus
1574 4513 1656 4576 'cum
1675 4514 1805 4577 Paulo:
1832 4519 1958 4580 ocur-

307 4627 392 4672 ram.
430 4613 468 4673 ln
502 4613 609 4690 prima
641 4613 858 4685 desideratus,
895 4613 930 4673 in
961 4614 1105 4675 secunda
1160 4613 1241 4674 tudo
1274 4611 1480 4672 divitiarum
1510 4613 1695 4687 sapientie
1733 4615 1768 4675 et
1804 4617 1960 4676 scientie

309 4709 525 4786 glorificatus,
545 4711 581 4772 in
599 4711 699 4772 tertia
712 4711 919 4780 sublimatus,
935 4711 971 4772 in
986 4711 1108 4788 quarte
1159 4712 1224 4771 Dei
1244 4707 1353 4787 (Rom.
1381 4724 1429 4780 xi,
1459 4707 1529 4787 33)l
1559 4712 1583 4771 Ο
1606 4709 1704 4771 homo
1729 4710 1785 4788 qui
1808 4711 1919 4785 audis,
1942 4727 1960 4772 o

308 4809 551 4885 magnificatus
568 4809 603 4869 in
616 4809 731 4885 quinta
752 4811 869 4885 potens
893 4808 927 4870 et
947 4809 1105 4885 crapula·
1161 4806 1261 4868 honio
1278 4805 1334 4884 qui
1353 4804 1448 4881 legis,
1474 4807 1608 4869 attende
1624 4807 1813 4883 vigilanter,
1837 4824 1960 4886 repone

305 4907 372 4969 tus.
405 4907 495 4968 Infra
520 4907 645 4969 terram
676 4906 824 4984 quidem,
853 4905 954 4979 idest,
986 4907 1021 4967 in
1054 4907 1107 4968 in-
1162 4903 1324 4974 lideliter,
1355 4904 1555 4980 amplectere
1589 4905 1738 4966 suaviter
1765 4921 1839 4983 quaa
1873 4906 1960 4968 facta

306 5005 420 5078 ferne,
449 5005 505 5082 qui
534 5007 585 5066 est
612 5005 705 5066 locus
727 5004 763 5064 in
790 5003 976 5065 visceribus
1007 5004 1107 5066 terrae
1161 5000 1352 5063 referuntur
1374 5001 1416 5072 de
1440 5003 1500 5064 Dei
1520 5003 1600 5076 lilio,
1625 5006 1658 5066 et
1678 5003 1719 5064 de
1741 5003 1868 5064 Summi
1898 5007 1962 5065 Pa-

309 5104 462 5180 poenalis,
483 5103 628 5164 claustra
647 5101 770 5162 inferni
791 5100 955 5177 confregit
973 5102 1007 5162 et
1026 5101 1107 5163 alli·
1161 5099 1223 5161 tris
1244 5097 1425 5175 unigenito.
1450 5100 1485 5160 Si
1503 5115 1607 5173 amas,
1633 5100 1718 5161 nihil
1736 5101 1787 5162 est
1813 5100 1850 5160 in
1875 5102 1959 5172 actu,

264 5271 269 5282 ,
308 5203 402 5278 gavit
424 5216 500 5262 eum
527 5200 583 5278 qui
612 5199 754 5260 habehat
778 5198 894 5260 mortis
919 5199 1106 5275 imperium,
1163 5197 1198 5257 in
1218 5196 1282 5258 isto
1302 5197 1421 5268 relatu,
1444 5197 1531 5272 quod
1547 5213 1614 5260 non
1630 5199 1771 5270 moveat,
1794 5197 1882 5274 quod
1898 5215 1962 5260 non

309 5300 473 5376 captivam
488 5299 613 5359 ducens
624 5297 860 5374 captivitatem.
878 5298 916 5356 In
934 5311 1108 5358 resurrec-
1165 5293 1333 5371 penetret,
1368 5293 1456 5370 quod
1483 5311 1551 5356 non
1586 5295 1705 5358 subeat
1728 5296 1889 5380 animum.
1931 5295 1963 5358 Si

308 5397 398 5458 tione
419 5395 482 5458 fuit
506 5394 711 5472 glorificatus
737 5394 791 5456 vel
819 5394 1004 5455 coronatus»
1021 5394 1110 5456 circa
1165 5408 1269 5462 amas,
1286 5391 1475 5468 compatere
1486 5393 1519 5454 et
1531 5393 1616 5467 dole,
1633 5394 1752 5471 plange
1762 5410 1864 5470 super
1877 5411 1963 5456 eum.

309 5495 444 5568 terram,
455 5494 542 5556 idest
554 5493 588 5554 in
606 5507 717 5554 carne.
730 5495 836 5564 Quum
849 5492 937 5552 enim
951 5507 1028 5552 caro
1039 5493 1111 5570 ejus
1165 5493 1278 5565 Agnus
1303 5489 1409 5557 mitis,
1435 5488 1602 5575 innocens
1618 5491 1771 5564 traditur,
1797 5491 1961 5562 venditur,

309 5591 403 5669 prius
416 5593 505 5654 esset
526 5581 677 5653 mortalis
704 5591 736 5652 et
760 5587 940 5668 passibilis
959 5589 1046 5652 facta
1062 5591 1113 5653 est
1166 5587 1303 5660 emitur,
1334 5585 1500 5661 trahitur,
1530 5587 1704 5662 alluditur,
1735 5589 1878 5666 ligatur,
1904 5591 1963 5652 fla-
