4108 6418
943 267 1119 330 nonanti
1142 267 1186 330 111
1209 267 1346 330 OPERA

497 484 664 558 Episcopo
685 489 863 548 Ebroiccu.
884 484 933 566 (a)

607 670 742 730 CAPUT
766 669 826 731 111.

361 815 508 879 innotuit
522 817 617 879 nobis
637 821 674 880 P.
698 819 738 882 de
759 822 917 883 Sameriis
932 822 1018 884 laico
1033 823 1115 884 inti-

318 912 439 985 mante,
456 915 543 990 quod
569 933 669 994 quum
689 922 726 979 G.
748 918 789 980 de
807 919 892 980 Haia
907 935 1004 996 quem
1019 920 1113 982 bonae

318 1010 486 1072 memoriae
497 1013 545 1083 1..,
559 1015 782 1092 praedecessor
795 1017 882 1089 tuus,
899 1034 957 1095 pro
973 1033 1012 1078 ec
1028 1017 1113 1095 quod

319 1106 392 1181 post
419 1111 606 1186 susceptum
632 1112 889 1177 subdiaconatus
904 1115 1049 1176 olilcium
1073 1114 1114 1178 de

317 1201 403 1264 lacto
429 1221 504 1266 cum
535 1209 675 1284 quadam
705 1210 844 1272 muliere
871 1213 1050 1284 contraxit,
1081 1212 1114 1274 et

317 1299 402 1362 sicut
417 1300 522 1364 laicus
537 1305 747 1368 cohabitabat
766 1309 883 1380 eidem,
900 1309 1034 1372 vinculo
1053 1325 1115 1370 ex·

316 1398 625 1463 communicationis
659 1405 829 1478 astrinxit,
870 1407 978 1483 ipsum
1013 1422 1114 1483 super

315 1494 457 1569 quadam
484 1497 669 1562 hereditate
692 1518 804 1564 coram
826 1502 980 1564 saeculari
1000 1503 1113 1581 judice

316 1594 525 1670 conveniret3
551 1596 622 1673 ipse
639 1600 753 1660 contra
769 1600 862 1660 illum
878 1601 963 1677 quod
979 1617 1114 1662 excom-

317 1690 504 1754 municatus
528 1697 616 1756 esset
639 1698 671 1757 et
697 1697 835 1774 quodsi
860 1713 925 1760 non
944 1699 1113 1760 teneretur

317 1788 516 1870 respondere
540 1793 694 1869 excepit:
711 1795 743 1855 et
761 1810 861 1871 quum
883 1793 990 1856 dictus
1008 1795 1113 1872 judex

316 1887 452 1960 paratus
475 1888 563 1950 esset
584 1889 772 1966 hujusmodi
803 1893 1031 1969 exceptionem
1053 1892 1113 1952 ad-

316 1981 457 2055 mittere,
479 1982 569 2046 siah
588 1987 660 2064 ipso
682 1987 767 2049 laico
790 1989 995 2067 probaretur,
1013 2005 1113 2066 super

316 2079 379 2140 hoc
401 2078 444 2142 ad
464 2083 497 2142 te
521 2083 674 2146 habuerit
696 2085 801 2146 laicus
820 2087 891 2163 lpse
909 2101 1080 2148 recursum
1102 2107 1110 2147 ι

316 2175 373 2236 sed
398 2178 434 2238 tu
459 2177 593 2241 efficere
616 2182 651 2243 ut
674 2181 780 2244 dictus
807 2184 1112 2245 excommunicatus

315 2274 416 2334 vitari
439 2275 587 2350 deberet,
611 2281 708 2355 prout
733 2279 820 2341 idem
844 2280 950 2342 laicus
979 2281 1109 2354 asserit,

315 2371 461 2433 noluisti.
487 2377 593 2447 Quum
617 2378 738 2449 autem,
763 2378 850 2439 sicut
871 2375 920 2458 (b)
945 2379 980 2438 in
1006 2379 1112 2439 sacris

314 2467 455 2530 habetur
468 2472 661 2546 canonibus
678 2475 824 2552 episcopi
844 2476 1113 2538 excommunica-

313 2567 421 2627 torum
432 2569 578 2630 omnium
593 2571 726 2632 nomina
739 2575 804 2633 tam
815 2573 934 2633 ricinis
947 2574 1111 2650 episcopis

314 2679 411 2740 quam
444 2665 513 2726 suis
546 2668 758 2744 parochianis
786 2669 934 2731 indicare
958 2670 1109 2743 debeant,

314 2775 419 2838 eaque
442 2762 478 2822 in
502 2763 625 2826 celebri
655 2764 728 2827 loco
757 2768 864 2844 posita
890 2781 958 2844 prae
985 2767 1111 2828 foribus

313 2857 463 2922 ecclesiae
496 2849 914 2926 cunctis'convententibus
929 2864 1109 2930 inculcare.

315 2955 352 3015 ut
384 2959 679 3020 excommunicatis
719 2960 963 3022 ecclesiasticus
1002 2961 1110 3023 allitus

314 3051 537 3128 praecludatur
559 3053 690 3132 ubique,
706 3071 747 3118 ac
761 3058 986 3118 excusationis
1010 3075 1110 3120 causa

314 3147 656 3224 omnibusauleratur,
667 3153 722 3213 tt.
733 3154 938 3226 mandamus,
950 3157 1110 3231 quatenus

313 3245 342 3305 si
357 3245 514 3322 prelatus
532 3249 757 3326 praedecessor
771 3252 846 3313 tuus
863 3267 906 3313 ex
921 3253 1110 3330 hujusmodl

313 3359 415 3404 causa
436 3344 672 3407 subdiaconum
694 3349 994 3412 excommunicavit
1016 3366 1111 3412 eum-

313 3439 399 3513 dem,
420 3442 571 3519 petitioni
594 3460 693 3522 super
714 3445 777 3508 hoc
801 3463 929 3509 annuas
945 3447 1024 3510 laici
1038 3465 1110 3510 me-

312 3539 443 3602 morati.

310 3753 575 3828 Arcntctacom,
596 3757 697 3818 trans
716 3762 887 3834 Ltpcrtm,
914 3763 1053 3836 osttctott
1075 3764 1108 3824 ct

461 3855 493 3913 J.
507 3855 635 3916 Borettt
646 3860 811 3920 cartomtco
827 3862 952 3919 timon.

601 4061 739 4122 CAPUT
754 4063 807 4122 tv.

1880 257 1885 264 '
1918 271 1975 331 als

1169 428 1281 490 clesiae
1307 431 1438 488 Sanctae
1458 427 1574 488 Mariae
1599 428 1746 490 Gratiae.
1768 429 1974 490 transmissa

1169 525 1265 586 nobis
1292 525 1454 602 petitione
1482 528 1730 599 monstrarunt,
1756 527 1844 604 quod
1872 543 1974 604 quum

1169 624 1212 682 M.
1227 621 1410 684 canonicus
1427 621 1579 698 ejusdem
1597 621 1762 694 ecclesiae,
1785 623 1971 684 Bituricen.

1169 719 1335 790 dioecesis,
1352 709 1574 795 ipsos'coram
1589 718 1729 790 decano,
1753 723 1785 781 et
1805 722 1971 796 magistro

1169 819 1299 880 Herueo
1314 817 1477 878 canonico
1490 816 1747 878 altissiodoren.
1769 817 1939 894 delegatis
1955 835 1971 880 a

1170 913 1264 975 nobis
1286 913 1450 976 traxisset
1469 914 1505 974 in
1529 929 1678 986 causam,
1701 930 1804 992 super
1825 932 1867 976 eo
1883 917 1969 992 quod

1169 1027 1206 1072 se
1222 1014 1395 1088 opponunt
1410 1011 1567 1072 electioni
1583 1027 1603 1072 a
1618 1012 1817 1089 quibusdam
1835 1015 1971 1076 canoni·

1168 1108 1217 1169 cis
1235 1108 1380 1170 Gratiae.
1404 1108 1498 1170 lactae
1519 1109 1561 1170 de
1585 1109 1713 1187 ipsein
1735 1109 1886 1188 priorem
1910 1127 1968 1172 ec-

1168 1205 1282 1266 clesiae
1302 1205 1521 1282 supradictae,
1542 1207 1576 1268 et
1595 1206 1696 1268 iidem
1721 1212 1969 1284 proposuerunt

1168 1318 1280 1364 coram
1305 1301 1455 1379 praelatis
1472 1303 1658 1379 judicibus,
1680 1304 1767 1382 quod
1788 1305 1901 1367 dictus
1921 1309 1964 1366 M.

1166 1399 1966 1478 nondebebataudiri,eoquodexcommuuicatus

1167 1501 1252 1571 erat,
1263 1499 1296 1561 et
1311 1499 1451 1574 perjurii
1464 1499 1605 1560 crimine
1617 1499 1779 1562 irretitus.
1792 1503 1966 1578 Quumque

1167 1596 1277 1657 dictus
1294 1598 1338 1656 M.
1356 1596 1507 1672 praelatis
1522 1600 1560 1658 (t.
1576 1612 1617 1659 ac
1631 1599 1668 1658 Ρ.
1684 1598 1871 1676 perjurium
1887 1603 1963 1660 ets.

1168 1693 1547 1756 excommunicationem
1567 1693 1602 1754 in
1617 1695 1751 1756 modurn
1766 1697 1964 1772 replicatio-

1168 1789 1223 1851 nis
1237 1789 1409 1867 chiciens,
1434 1807 1495 1868 per
1508 1791 1572 1853 hoc
1591 1808 1706 1854 eorum
1730 1795 1964 1870 exceptionem

1168 1887 1294 1948 elidere
1310 1889 1485 1960 niteretur,
1503 1891 1700 1965 procurator
1715 1906 1830 1952 eorum
1847 1907 1965 1968 propo·

1168 1985 1247 2058 suit,
1262 1985 1349 2062 quod
1365 1984 1445 2048 licet
1459 1985 1592 2064 judices
1609 1987 1746 2064 praelato
1764 1990 1811 2048 M.
1829 1989 1871 2050 ad
1889 2005 1966 2066 pro-

1166 2081 1310 2144 bandam
1325 2083 1579 2160 replicationem
1601 2101 1695 2146 suam
1715 2086 1897 2147 terminum
1913 2103 1968 2148 as-

1167 2179 1369 2256 signassent,
1395 2182 1469 2258 ejus
1495 2183 1607 2243 tamen
1638 2199 1740 2260 super
1765 2184 1830 2246 hoc
1858 2186 1962 2261 recipi

1167 2276 1319 2353 probatio
1339 2293 1407 2339 non
1425 2277 1581 2354 debebat;
1604 2281 1682 2357 quia
1698 2281 1832 2342 etiamsi
1852 2280 1967 2359 objec-

1167 2375 1235 2434 tum
1250 2375 1399 2451 praesatis
1418 2377 1591 2438 canonicis
1605 2378 1789 2454 perjurium
1804 2380 1962 2455 probare-

1165 2473 1231 2544 tur,
1248 2487 1314 2534 non
1330 2475 1445 2534 essent
1455 2474 1568 2534 tamen
1584 2475 1792 2552 propterhoc
1806 2492 1828 2538 a
1843 2477 1962 2537 desen-

1167 2569 1261 2629 sione
1276 2570 1506 2632 suaeecclesiae
1517 2572 1712 2649 repellendi.
1723 2571 1854 2651 Adjecit
1865 2575 1965 2635 etiam

1165 2666 1251 2742 quod
1273 2669 1389 2728 contra
1413 2669 1790 2731 excommunicationem
1805 2670 1896 2732 dicto
1919 2675 1965 2732 Μ.

1165 2763 1199 2824 in
1213 2763 1345 2824 modum
1361 2765 1570 2842 exceptionis
1586 2766 1760 2844 objectam,
1777 2784 1965 2830 excommu-

1165 2859 1288 2924 nicatio
1318 2861 1500 2940 supradicti
1515 2866 1547 2924 S.
1574 2863 1731 2942 replicari
1747 2881 1814 2926 non
1833 2869 1964 2942 poterat

1165 2973 1240 3018 cum
1264 2957 1398 3034 ellectu;
1420 2962 1490 3022 tum
1525 2962 1604 3038 qnia
1640 2977 1710 3022 suae
1736 2963 1960 3025 absolutionis

1165 3055 1294 3116 litteras
1312 3057 1526 3131 ostendebat,
1542 3061 1611 3120 tum
1633 3059 1712 3136 quia
1731 3061 1886 3136 exceptio
1902 3063 1965 3138 ipsi

1165 3153 1209 3212 M.
1226 3153 1377 3230 opposita
1393 3155 1545 3216 eumdem
1564 3155 1704 3232 probata
1720 3157 1900 3235 repelleret
1925 3159 1965 3220 ab

1164 3250 1305 3324 agendo.
1345 3253 1531 3330 Replicatio
1567 3269 1647 3315 vero
1679 3255 1896 3332 saepedictum
1931 3260 1963 3316 S.

1164 3362 1374 3425 nequaquam
1409 3365 1428 3412 a
1459 3348 1668 3414 defendendo
1701 3352 1902 3429 repelleret,
1937 3355 1963 3412 si

1164 3443 1264 3504 etiam
1276 3444 1486 3521 probaretur.
1496 3449 1605 3518 Quare
1617 3447 1762 3525 petebat,
1779 3453 1815 3510 ut
1830 3451 1964 3512 omissis

1164 3540 1355 3618 hujusmodi
1383 3543 1614 3621 replicationis
1637 3545 1902 3624 probationibus,
1931 3549 1964 3608 in

1164 3638 1283 3714 quibus
1318 3641 1419 3702 etiam
1458 3642 1487 3702 si
1526 3643 1762 3720 probarentur,
1799 3644 1894 3706 labor
1931 3651 1965 3706 ut

1163 3738 1404 3812 praeostensum
1419 3739 1469 3800 est
1483 3742 1737 3803 consumeretur
1754 3741 1878 3816 inaniS,
1892 3761 1965 3820 pro

1162 3835 1315 3896 bationes
1343 3836 1532 3914 reciperent
1563 3854 1645 3916 quas
1682 3839 1723 3900 ad
1755 3837 1963 3917 probandum

1163 3931 1291 4008 objecta
1325 3932 1463 4009 ipsiM.
1504 3934 1664 3998 ducerent
1699 3937 1962 4013 producendas:

1161 4027 1227 4105 ipsi
1247 4046 1328 4092 uero
1343 4030 1477 4106 judices
1498 4031 1690 4096 interlocuti
1715 4033 1860 4105 luerunt,
1878 4039 1963 4115 quod

1161 4127 1254 4203 prius
1273 4127 1489 4204 probationes
1514 4130 1701 4207 reciperent
1717 4149 1799 4209 quas
1815 4134 1858 4195 ad
1881 4151 1963 4211 pro-

349 4206 468 4270 Dilectl
489 4207 549 4268 lilii
574 4211 606 4270 S.
625 4211 663 4270 P.
680 4225 720 4274 ac
739 4214 775 4272 G.
806 4208 852 4291 (c)
868 4214 1022 4276 canonici
1046 4231 1105 4278 ec·
1161 4221 1305 4285 bandum
1332 4224 1542 4302 saepedictam
1562 4228 1812 4306 replicationem
1833 4233 1963 4308 produ-

329 4489 385 4573 .(⁰)
408 4491 543 4576 Episcopo
563 4493 735 4580 borchorst.
756 4497 882 4570 iterem,
899 4492 1048 4585 llodulphc
1068 4504 1105 4563 de
1160 4515 1190 4566 ut
1203 4505 1287 4565 docui
1303 4523 1338 4566 ex
1355 4511 1388 4568 D.
1403 4511 1544 4584 cypriano
1557 4512 1637 4583 epist.
1654 4513 1807 4573 loetum
1830 4517 1912 4586 locis,
1928 4519 1964 4576 ad

305 4561 404 4630 cletta,
420 4563 474 4632 vel,
492 4565 587 4623 (berre
620 4563 654 4624 tt
669 4581 815 4650 episcopo,
835 4578 884 4628 eut
900 4572 1041 4632 Richardo
1059 4575 1103 4645 28,
1160 4579 1230 4636 titul.
1243 4581 1284 4636 lic
1297 4581 1365 4638 cler.
1383 4597 1558 4640 excommun.
1573 4584 1648 4658 apud
1663 4585 1783 4660 Gregor.
1795 4589 1963 4662 Supprime-

304 4633 354 4760 gui
373 4633 508 4717 sederunt
521 4634 574 4718 sub
587 4579 715 4696 {lenone
730 4641 788 4710 lll;
802 4639 853 4697 sed
874 4643 969 4724 yeriue
983 4653 1027 4703 est
1048 4647 1101 4704 llo·
1159 4650 1241 4708 batur
1260 4665 1366 4709 nomen
1387 4654 1713 4738 excommunicatorum,
1734 4667 1775 4740 ut,
1787 4673 1823 4716 eo
1848 4660 1965 4718 silentio

325 4703 412 4784 ulpho
436 4703 524 4763 luisse
548 4706 687 4766 directum
715 4707 771 4767 hoe
799 4720 981 4796 rescriptum,
1006 4723 1104 4788 utpote
1159 4729 1394 4794 agnoscerentur,
1420 4731 1459 4781 ert
1481 4727 1515 4782 l).
1549 4727 1703 4798 Angustia.
1730 4734 1811 4800 aptat.
1843 4731 1911 4797 tte,
1935 4741 1963 4789 et

303 4787 386 4856 cutus
398 4775 638 4862 predecessorem
660 4780 766 4837 Lucam
789 4779 837 4860 bic
857 4793 986 4866 nominet
1004 4788 1102 4845 liono-
1158 4791 1234 4863 quod
1248 4793 1374 4850 maxime
1388 4792 1455 4850 lecit
1470 4794 1506 4851 ad
1522 4794 1597 4854 hunc
1612 4797 1716 4866 locum,
1733 4807 1764 4856 ut
1778 4801 1813 4857 ab
1829 4801 1964 4862 omnibus

304 4859 374 4916 nus,
390 4861 438 4919 qut
454 4846 506 4905 luit
519 4849 924 4923 aoeprmopusnbrorcensrs.
1158 4865 1397 4922 excommunicati
1416 4866 1583 4936 vitarentur,
1603 4871 1744 4925 sententia
1762 4872 1876 4942 publice
1890 4889 1961 4954 pro·

340 4941 381 5015 (p)
409 4944 445 5001 1„
470 4946 562 5004 mm
586 4948 749 5007 mmm
776 4952 817 5008 De
847 4954 1104 5013 mmmmm
1158 4931 1339 5007 mulgebatur
1356 4935 1385 4992 in
1405 4936 1536 5003 ecclesia,
1556 4944 1643 5009 atque
1663 4940 1749 4996 etiem
1772 4942 1801 4998 in
1822 4945 1915 5002 triviis
1936 4953 1964 5001 et

301 5012 414 5072 clericis
438 5015 474 5073 ab
498 5017 624 5074 Ecclesia
646 5019 831 5079 excludendis
857 5037 922 5082 can.
948 5025 975 5094 9,
1001 5027 1103 5098 synodi
1157 5004 1228 5062 ¹⁰⁰³⁸
1243 5003 1377 5088 Wblicsst
1395 5013 1425 5064 ¹¹¹
1449 5021 1486 5064 ⁸¹
1506 5008 1640 5077 3⁰⁵⁰bi⁰⁹
1657 5011 1832 5082 Ni⁰⁰¹³¹¹⁰f⁰⁹
1847 5021 1877 5072 0‘
1898 5015 1964 5071 ΒΜ*

302 5085 480 5156 Neocoesur,
496 5094 604 5145 etcan.
624 5092 649 5159 l,
666 5089 767 5174 synodi
782 5092 915 5154 Antioch.
940 5096 978 5152 ita
1003 5104 1033 5154 ut
1058 5112 1104 5154 ex·
1158 5073 1275 5146 9¹⁸⁰b³V¹
1299 5076 1335 5132 Μ
1359 5077 1430 5158 3³¹⁸·
1453 5079 1494 5135 ⁰⁶
1520 5083 1590 5136 W·
1615 5095 1788 5164 mmm·
1812 5086 1853 5142 [ω
1877 5085 1964 5143 ἣθῧθῑ

302 5161 384 5213 terno
409 5158 494 5215 etiam
516 5157 625 5218 honore
648 5169 798 5235 priventur,
819 5179 862 5236 τῆς
878 5174 954 5232 troes
970 5182 1048 5240 τιμῆς,
1072 5178 1104 5227 nt
1158 5142 1233 5217 ΨΜ
1261 5145 1468 5230 A⁸h0¹¹¹e¹¹⁸9⁸²
1483 5155 1523 5230 .¹¹¹
1546 5163 1645 5208 0⁰f¹¹¹¹¹
1674 5164 1722 5233 <lt
1752 5151 1788 5209 ³¹)
1807 5155 1965 5228 A¹⁰⁰P⁰g⁰

301 5225 380 5284 addit
394 5229 536 5298 flammo,
550 5239 607 5290 ,sm
619 5239 667 5304 γὰρ
679 5240 805 5306 Μῶμε,
815 5245 993 5304 οὐτικλησέως
1002 5249 1103 5307 &meir
1159 5215 1326 5298 arcebantur
1351 5232 1466 5274 nomina
1482 5233 1511 5274 m
1527 5217 1625 5278 charta
1648 5220 1849 5294 scriberentur,
1865 5235 1894 5283 et
1908 5226 1965 5284 hoc

302 5321 406 5368 σοντας,
428 5309 485 5358 οὔτε
510 5302 562 5427 μῇινΙ
579 5311 663 5377 tripart
690 5313 826 5377 mperoptcu
850 5317 982 5388 ἱερατικοῦ.
1001 5309 1032 5366 ld
1047 5317 1101 5374 est,
1157 5285 1314 5356 dlcebamf’
1343 5297 1564 5362 Wmffffw'

301 5381 335 5422 me
353 5369 471 5425 necuim
485 5375 530 5427 cat
550 5373 633 5440 adro,
645 5388 729 5444 acque
744 5375 895 5432 vocationes
907 5377 1010 5434 bonore
1023 5377 1104 5451 dipni
1194 5383 1230 5457 (ri
1246 5385 1382 5442 canonici
1403 5387 1431 5443 S.
1452 5387 1554 5444 Morio
1575 5389 1775 5448 Grottacrrcts.
1798 5393 1962 5464 Capitulum

300 5383 485 5508 hebetentur,
499 5443 680 5499 redamatio
700 5444 1051 5530 sacordotulilprr'uttrpim
1067 5467 1101 5508 ex
1159 5457 1189 5512 it.
1215 5455 1315 5536 Maria
1335 5455 1371 5512 de
1398 5457 1541 5526 Gratiaro,
1570 5460 1756 5518 Metro-Domo
1776 5463 1809 5518 rie
1836 5465 1962 5540 Grcsap.

300 5523 357 5590 quo
372 5516 437 5592 note
453 5525 553 5594 vocem
567 5523 686 5584 alamur,
700 5511 727 5572 id
738 5523 781 5572 ost
791 5522 957 5575 vocationis:
973 5521 1104 5579 solebant
1158 5525 1274 5584 dioecee.
1285 5528 1478 5594 bituricensis,
1491 5528 1620 5600 pendete
1635 5532 1759 5603 capitulo
1770 5535 1964 5600 Vastluiensi.

301 5591 415 5637 curtum
434 5581 554 5639 ecclesia
567 5585 682 5642 nomina
700 5587 867 5645 clericorum
884 5589 995 5661 publice
1007 5592 1101 5650 ollorri
1157 5597 1190 5652 ric
1205 5597 1307 5666 Volua,
1324 5597 1376 5656 sub
1392 5597 1671 5674 archipresbyteratu
1687 5601 1722 5659 de
1734 5605 1880 5664 Grutlaco.
