4108 6418
335 306 375 370 83
943 315 1118 378 HONORII
1140 316 1184 374 ΙΙΙ
1206 315 1351 375 OPERA.
1444 327 1446 330 '
1926 317 1964 376 84

337 496 436 544 uuam
451 485 663 558 camerarius,
681 486 714 547 et
728 485 876 562 quartam
890 484 1118 545 cancellarius.
1173 483 1354 555 tattoaeau
1374 485 1461 557 qaod
1477 483 1592 545 atatem
1613 483 1728 554 babeo,
1749 486 1810 546 boe
1829 483 1891 544 teos
1909 485 1961 542 do.

336 579 383 638 De
398 577 561 638 ablatione
573 595 651 641 vero
666 582 780 641 altaris
792 582 825 641 et
836 579 876 640 ad
890 579 987 656 pedes
997 579 1120 640 domiui
1172 580 1262 639 Tunc
1287 579 1396 639 autem
1422 579 1542 654 accipit
1568 579 1676 654 ipsum
1709 578 1849 638 electum
1875 578 1962 654 prior

339 675 436 748 Papae
448 673 494 733 ita
507 674 571 746 liet,
583 675 667 735 sicut
677 676 832 750 scriptum
843 676 936 735 estin
946 675 1121 735 festIvitate
1173 671 1318 734 basilicae
1352 674 1531 734 salvatoris
1558 673 1801 749 patriarchatus
1823 674 1959 733 Latera·
2026 731 2027 738 ,

337 766 425 828 beati
438 769 562 828 Marci:
579 769 611 829 et
625 768 720 829 debet
734 768 854 830 habere
871 773 960 845 Papa
976 785 1035 830 sex
1049 769 1120 829 las·
1173 768 1296 839 nensis,
1313 784 1386 829 cum
1400 785 1464 828 uno
1479 768 1518 827 de
1534 767 1755 828 cardinalibus
1768 767 1821 828 vel
1842 783 1913 828 uno
1928 767 1966 827 de

339 863 408 922 cios
431 863 579 923 mortulae
601 879 659 939 pro
681 879 811 923 camera
834 879 905 935 sua,
927 864 961 924 et
983 865 1122 941 quatuor

339 973 397 1033 pro
413 973 543 1018 camera
567 973 626 1018 sua
641 959 853 1029 camerarius,
870 959 902 1019 et
923 961 961 1018 12
974 959 1048 1019 den.
1064 973 1122 1034 pro

339 1051 503 1128 implendo
514 1067 652 1113 saccone
664 1053 786 1114 domini
799 1056 908 1129 Papae,
920 1054 952 1115 et
963 1057 983 1113 3
995 1054 1053 1114 sol.
1064 1068 1122 1130 pro

340 1147 439 1222 lignis
461 1147 497 1206 in
519 1162 649 1208 camera
670 1147 793 1208 domini
818 1151 916 1224 Papae
939 1169 947 1208 ε
972 1149 1014 1220 et,
1040 1149 1124 1210 sicut

340 1241 545 1318 praemissum
556 1243 604 1302 est
613 1241 737 1303 infesto
750 1242 896 1318 ejusdem
906 1244 1010 1306 sanati
1021 1245 1122 1318 Petri,

341 1335 546 1416 accipiuntur
560 1337 669 1399 omnia
681 1337 752 1399 haec
763 1338 804 1398 de
816 1337 925 1400 altari.

343 1559 485 1621 XLVIII.
502 1563 953 1628 Qaemododeheatsammas
961 1563 1125 1634 Pontifex

383 1658 477 1730 altpt·
492 1657 525 1716 et
535 1660 608 1716 stae
620 1658 766 1731 elidatur
777 1660 812 1715 to
827 1661 920 1727 Urbe,
929 1671 991 1716 saa
1003 1657 1126 1716 electus

384 1751 418 1810 et
428 1751 655 1822 consecratas,
671 1757 722 1810 oet
736 1751 857 1811 electas
876 1753 908 1811 et
924 1765 992 1810 aaa
1009 1765 1127 1810 eorme-

383 1845 501 1904 eratus
511 1848 556 1903 ad
571 1847 690 1905 Urbem
701 1847 837 1906 accedat
848 1847 1126 1918 qatdsacieadam

384 1939 597 2013 postmodam
610 1941 665 2000 stt.

383 2125 432 2182 77.
455 2123 583 2186 Mortuo
598 2127 744 2188 Romano
759 2115 917 2186 Pontifice
939 2125 970 2186 et
989 2120 1126 2198 sepulto,

345 2231 457 2279 ornnes
483 2220 666 2281 cardinales
694 2221 735 2281 ad
761 2221 893 2297 propria
920 2215 1128 2279 revertuntur

345 2313 522 2374 secuudum
557 2317 724 2392 antiquam
756 2314 1035 2375 consuetudinem.
1065 2311 1127 2368 So-

345 2409 452 2469 canda
474 2425 552 2471 vero
576 2411 629 2470 die
650 2408 848 2470 conveniunt
867 2408 902 2466 in
925 2405 1075 2472 ecclesia,
1097 2403 1129 2462 et

345 2503 446 2564 missa
466 2503 668 2564 mortuorum
689 2503 829 2574 cantata,
846 2516 959 2563 omnes
978 2498 1130 2560 similiter

345 2599 524 2660 secundum
549 2597 816 2658 consuetudinem
843 2598 1012 2673 antiquam
1036 2609 1130 2655 rece-

345 2692 435 2754 dunt.
449 2694 558 2756 Tertia
572 2695 681 2756 autem
693 2694 746 2754 die
759 2693 879 2756 iterum
893 2707 1006 2753 omnes
1020 2691 1056 2750 in
1070 2705 1128 2750 eo-

345 2789 446 2848 olesia
459 2791 658 2864 congregati,
668 2791 768 2852 missa
784 2790 895 2850 Sancti
908 2788 1048 2864 Spiritus
1063 2785 1130 2845 ibi-

317 2963 319 2966 ,
346 2883 419 2942 dem
441 2885 590 2958 primitus
613 2885 787 2956 celebrata,
812 2883 955 2946 tractant
980 2882 1019 2940 de
1039 2881 1129 2940 elec-

347 2975 452 3046 tione;
475 2978 507 3034 et
520 2979 723 3050 perscrutata
746 2979 891 3038 omnium
913 2974 1131 3036 cardinalium

275 3117 280 3130 .
347 3069 514 3129 voluntate
528 3067 569 3128 ab
583 3069 746 3145 aliquibus
759 3070 798 3130 de
812 3071 904 3146 ipsis,
913 3070 948 3130 in
959 3085 1055 3145 quem
1066 3083 1132 3128 ma-

344 3165 400 3240 jor
419 3164 452 3224 et
465 3163 581 3224 melior
599 3179 675 3240 pars
694 3165 883 3227 convenerit
901 3163 1130 3232 cardinalium,

347 3258 439 3335 prior
459 3257 669 3319 diaconorum
690 3259 797 3335 ipsum
811 3259 854 3338 de
872 3260 1009 3336 pluviali
1029 3259 1132 3320 rubeo

348 3352 537 3425 ammantat,
551 3353 584 3413 et
597 3351 702 3412 eidem
720 3352 823 3414 eleeto
844 3369 963 3414 nomen
978 3353 1130 3430 imponit3

348 3447 518 3524 ipsumque
531 3447 647 3508 deinde
661 3447 724 3508 duo
739 3448 779 3508 de
794 3447 974 3526 majoribus
986 3450 1133 3510 cardina-

347 3541 433 3601 libus
454 3543 628 3604 adextrant
645 3560 748 3620 usque
768 3543 810 3604 ad
831 3545 959 3606 altare:
976 3543 1032 3604 ubi
1050 3561 1131 3621 pro-

346 3637 468 3698 stratus
483 3637 607 3707 adorat,
620 3638 805 3714 primicerio
814 3654 888 3699 cum
904 3638 1016 3700 schola
1025 3640 1133 3701 canto·

346 3748 420 3792 rum
440 3733 473 3793 et
493 3733 714 3794 cardinalibus
739 3733 946 3794 cantantibus
967 3739 1010 3795 Te
1023 3739 1133 3796 Deam

347 3830 534 3899 laztdamaa,
549 3843 612 3912 quo
625 3828 727 3898 linita,
744 3826 785 3888 ab
798 3828 961 3902 episcopis
981 3828 1134 3888 cardina-

347 3922 432 3982 libus
447 3923 610 3984 adsedem
624 3923 754 3984 ducitur
768 3923 840 3998 post
854 3921 970 3994 altare,
985 3922 1017 3984 et
1030 3923 1066 3982 in
1081 3939 1132 3995 ea,

348 4018 383 4078 ut
394 4019 527 4092 dignum
539 4018 599 4088 est,
616 4018 805 4078 collocatur.
821 4019 858 4077 In
873 4016 1027 4092 quadum
1043 4018 1135 4080 sedet

347 4112 481 4182 electus,
502 4111 620 4185 recipit
639 4126 751 4170 omnes
773 4110 943 4185 episcopos
965 4111 997 4169 et
1020 4111 1132 4171 cardi-

347 4205 450 4276 nales,
468 4206 501 4265 et
514 4219 594 4280 quos
613 4204 676 4263 sibi
690 4203 853 4280 placuerit
864 4203 905 4264 ad
920 4203 1028 4281 pedes,
1045 4207 1135 4282 post-

347 4299 478 4360 modum
493 4299 533 4358 ad
549 4297 695 4358 osculum
710 4298 810 4375 pacis.

386 4395 435 4452 78.
459 4395 666 4468 surgensque
689 4395 729 4454 de
748 4392 824 4455 sede
844 4395 1007 4459 ducitura
1028 4399 1135 4460 cardi·

347 4487 477 4548 nalihus
498 4488 663 4550 adsedem
684 4490 857 4567 lapideam,
874 4508 947 4568 quae
967 4493 1061 4556 sedes
1082 4495 1135 4556 di-

348 4583 433 4644 citur
459 4585 672 4657 stercoraria,
700 4588 847 4662 quaeest
873 4589 948 4650 ante
970 4593 1132 4666 porticum

347 4679 493 4742 basilicae
519 4680 698 4743 Salvatoris
726 4682 968 4759 patriarchatus
1004 4689 1134 4749 Latera·

346 4776 477 4836 nensis:
493 4777 526 4838 et
539 4776 575 4836 iu
589 4791 628 4838 ea
649 4779 798 4839 eumdem
813 4779 953 4843 electum
972 4781 1036 4859 ipsi
1059 4799 1134 4844 car-

346 4871 473 4933 dinales
489 4872 668 4934 honorilice
686 4877 820 4950 ponunt,
842 4877 878 4939 ut
891 4892 968 4938 rere
983 4879 1131 4941 dicatur:

344 4969 543 5030 suscitatae
553 4975 695 5042 pavere
707 4986 863 5048 opedam,
879 4976 965 5035 etde
979 4976 1133 5038 stercore

346 5067 482 5140 eriperes
497 5079 698 5138 pauperem,
720 5069 759 5129 at
776 5070 894 5129 sedeat
907 5083 984 5129 eam
1001 5074 1134 5144 prinei-

257 5201 261 5208 .
342 5163 450 5235 pibus,
476 5161 510 5220 et
529 5163 651 5221 saltam
675 5165 794 5237 adorta
814 5164 939 5225 teneat.
969 5166 1048 5227 Post
1070 5168 1134 5226 ali-

345 5255 536 5330 quantulum
566 5256 656 5316 stans
688 5259 785 5334 juxta
820 5257 968 5319 eamdem
1001 5261 1131 5335 sedem,

344 5348 467 5409 electus
481 5350 600 5427 accipit
612 5352 651 5412 de
662 5353 787 5427 gremio
800 5355 975 5416 camerarii
990 5357 1057 5418 tres
1071 5375 1134 5434 pu-

344 5441 476 5516 gillatas
507 5442 727 5520 denariorum,
763 5448 797 5509 et
826 5449 968 5525 projicit,
999 5450 1131 5514 dicens:

345 5537 533 5614 damaetam
544 5541 576 5603 et
590 5556 717 5604 ateriae
730 5558 797 5606 aaa
810 5548 862 5607 est
873 5547 958 5609 midi
970 5549 1015 5610 ad
1026 5551 1134 5612 detea-

1174 861 1329 923 Iratrihus
1344 862 1423 923 suis.
1442 862 1656 923 Venientibus
1672 863 1782 923 autem
1796 879 1856 939 per
1873 878 1966 922 eam-

1174 957 1247 1017 dem
1262 959 1422 1034 porticum
1430 959 1526 1033 juxta
1541 958 1646 1032 ipsam
1662 956 1835 1018 basilicam
1852 957 1955 1018 Salva

1174 1053 1255 1115 toris
1268 1055 1471 1114 exclamatur
1482 1071 1490 1107 :
1500 1057 1684 1114 Dominam
1696 1051 1737 1131 (θ)
1747 1055 1968 1114 caesanam

1174 1150 1314 1210 sanctas
1333 1150 1462 1209 Petras
1481 1149 1590 1224 eleatt.
1618 1148 1736 1224 Sicque
1764 1148 1902 1209 ducitur
1930 1148 1968 1208 ab

1175 1243 1242 1304 illis
1263 1242 1421 1320 usquead
1437 1243 1558 1318 gradus
1579 1243 1693 1319 portae,
1717 1258 1790 1318 quae
1810 1244 1967 1304 videlicet

1176 1340 1269 1416 porta
1284 1341 1334 1399 est
1350 1340 1386 1398 in
1405 1339 1541 1400 introitu
1561 1337 1675 1414 palatii
1697 1339 1913 1400 venientibus
1933 1340 1969 1398 do

1177 1435 1316 1496 ecclesia
1336 1435 1376 1495 ad
1394 1434 1553 1510 palatium
1570 1435 1695 1510 ipsum3
1712 1432 1823 1509 ibique
1833 1435 1969 1511 judices

1176 1531 1326 1591 eumdem
1351 1530 1490 1590 electum
1518 1528 1727 1604 accipientes
1744 1529 1870 1590 ducunt
1896 1545 1968 1590 eum

1177 1641 1236 1702 per
1263 1625 1421 1701 palatium
1450 1639 1552 1700 usque
1582 1623 1623 1684 ad
1651 1622 1824 1684 basilicam
1855 1627 1968 1685 Sancti

1179 1720 1340 1781 silvestri.

1216 1818 1266 1874 79.
1290 1815 1351 1876 Ubi
1372 1831 1450 1876 vero
1469 1818 1602 1878 rentum
1620 1817 1670 1879 est
1693 1816 1769 1878 ante
1794 1816 1969 1878 basilicam

1178 1911 1294 1987 ipsam,
1317 1926 1415 1986 super
1430 1913 1523 1988 cujus
1542 1927 1666 1982 arcum,
1691 1913 1747 1988 qui
1766 1913 1972 1972 sustentatur
2026 1969 2027 1984 ,

1179 2007 1219 2066 de
1234 2005 1358 2065 duabus
1378 2005 1538 2066 columnis
1556 2006 1773 2082 porphyricis,
1794 2008 1845 2066 est
1860 2007 1971 2078 Imago

1180 2099 1328 2176 quaedam
1349 2100 1540 2171 salvatoris,
1560 2117 1633 2176 quae
1655 2117 1674 2162 a
1694 2102 1834 2178 quodam
1853 2104 1872 2162 J
1878 2101 1971 2160 adaco

1180 2210 1334 2271 percussa
1351 2194 1429 2254 olim
1449 2195 1483 2254 in
1504 2195 1610 2255 fronte
1631 2197 1825 2270 sanguinem
1848 2195 1972 2263 emisit,

1181 2291 1264 2351 sicut
1277 2289 1374 2349 hodie
1396 2289 1564 2364 cernitur;
1581 2290 1667 2349 idem
1683 2291 1805 2352 electus
1821 2292 1921 2351 sedet
1936 2289 1973 2348 ad
2026 2319 2027 2328 κ

1180 2385 1348 2444 dexteram
1378 2384 1412 2443 iu
1439 2385 1516 2443 sede
1549 2384 1762 2460 porphqrica,
1797 2386 1853 2444 uhi
1881 2386 1976 2461 prior

1180 2478 1326 2540 basilicae
1342 2478 1447 2539 sancti
1454 2478 1622 2539 Laurentii
1635 2479 1804 2553 depalatio
1818 2481 1876 2540 dat
1889 2481 1926 2540 ei
1938 2479 1952 2538 I
1968 2511 1976 2522 ·

1180 2573 1296 2644 milam,
1314 2589 1386 2648 quae
1400 2573 1449 2634 est
1461 2572 1591 2647 signum
1603 2571 1773 2646 regiminis
1788 2573 1821 2632 et
1833 2587 1974 2632 correc-

1180 2668 1290 2739 tionis,
1305 2667 1457 2728 etulaves
1470 2667 1573 2743 ipsius
1590 2667 1736 2726 basilicae
1752 2667 1784 2726 et
1796 2666 1886 2726 sacri
1914 2669 1970 2726 La·

1181 2763 1364 2824 teranensis
1393 2763 1534 2838 palatii:
1559 2762 1636 2838 quia
1659 2760 1847 2836 specialiter
1875 2763 1973 2820 Petro

1182 2859 1323 2936 principi
1338 2857 1560 2935 apostolorum
1572 2856 1647 2917 data
1665 2856 1715 2916 est
1728 2856 1872 2931 potestas
1888 2857 1964 2916 clau

1183 2954 1281 3014 dandi
1307 2954 1340 3013 et
1369 2951 1553 3028 aperiendi,
1579 2953 1611 3012 et
1636 2951 1761 3025 ligandi
1786 2951 1886 3026 atque
1907 2952 1972 3011 sol·
2026 2953 2027 3016 1

1183 3047 1290 3118 rendi,
1304 3048 1337 3107 et
1345 3061 1404 3122 per
1414 3047 1522 3122 ipsum
1534 3046 1718 3123 apostolum
1734 3046 1888 3106 omnibus
1905 3051 1971 3108 Ro-

1183 3142 1290 3203 manis
1313 3139 1540 3217 pontificibus:
1565 3141 1692 3202 etcum
1715 3141 1787 3218 ipsa
1811 3141 1922 3202 serula
1944 3141 1972 3201 et

1184 3237 1331 3298 clavibus
1340 3236 1468 3297 accedit
1481 3236 1522 3297 ad
1535 3235 1683 3308 alteram,
1696 3237 1805 3298 sedem
1817 3237 1970 3304 similem,
2026 3309 2027 3326 ἵ

1184 3333 1217 3394 et
1239 3333 1385 3409 ejusdem
1406 3331 1546 3408 lapidis:
1570 3332 1603 3392 et
1627 3333 1706 3394 tunc
1730 3331 1837 3392 reddit
1868 3333 1971 3392 eidem
2026 3339 2027 3348 ³

1184 3428 1287 3505 priori
1296 3428 1363 3488 tarn
1374 3427 1524 3500 ferulam,
1537 3443 1633 3504 quam
1642 3428 1741 3487 etiam
1750 3427 1838 3503 ipsas
1850 3427 1969 3488 claves

1185 3526 1222 3584 In
1237 3539 1300 3600 qua
1313 3523 1390 3584 dum
1405 3523 1610 3600 aliquantula
1626 3539 1718 3583 mora
1729 3523 1882 3599 quiescit,
1902 3523 1970 3583 cin-

1184 3619 1272 3694 gitur
1286 3617 1450 3679 abeodem
1463 3619 1573 3694 priore
1587 3633 1669 3679 zona
1681 3617 1783 3679 rubea
1797 3619 1837 3678 de
1852 3620 1969 3688 serico,

1184 3715 1218 3774 in
1244 3730 1308 3790 qua
1329 3712 1489 3790 dependet
1511 3712 1611 3774 hursa
1639 3729 1815 3791 purpurea,
1845 3713 1883 3774 in
1912 3727 1970 3790 qua

1186 3809 1263 3869 sunt
1273 3811 1310 3868 12
1321 3809 1430 3884 sigilla
1441 3810 1660 3884 pretiosorum
1671 3810 1826 3886 lapidum,
1842 3809 1875 3870 et
1891 3823 1966 3870 mus·

1185 3919 1253 3964 cus.
1278 3904 1340 3976 Qui
1364 3905 1525 3982 siquidem
1549 3906 1672 3966 electus
1694 3906 1729 3968 in
1753 3906 1821 3966 illis
1845 3905 1968 3966 duabus

1186 3998 1317 4060 sedibus
1337 3999 1386 4060 stc
1400 4000 1514 4059 sedere
1530 3999 1635 4072 debet,
1652 4001 1735 4062 acsi
1754 4001 1908 4062 videatur
1923 4000 1969 4058 in-

1184 4093 1235 4154 ter
1248 4093 1330 4154 duos
1343 4093 1481 4154 lectulos
1492 4097 1616 4170 jacere,
1638 4096 1672 4156 id
1687 4096 1736 4157 est
1752 4098 1787 4158 ut
1802 4094 1968 4156 accumbat

1185 4187 1271 4249 inter
1278 4188 1439 4266 principis
1447 4191 1670 4266 apostolorum
1681 4192 1855 4267 primatum
1868 4189 1965 4258 Petri,

1185 4285 1218 4345 et
1239 4285 1334 4345 Pauli
1355 4286 1497 4346 doctoris
1520 4288 1667 4362 gentium
1693 4288 1965 4363 predicationem.

1185 4382 1222 4440 In
1249 4396 1331 4442 zona
1356 4380 1488 4444 notatur
1510 4383 1712 4444 confluentia
1739 4384 1911 4454 castitatis,
1937 4382 1967 4440 in

1185 4474 1284 4536 bursa
1298 4476 1578 4553 gazophylacium,
1595 4494 1659 4555 quo
1673 4495 1835 4556 pauperes
1853 4475 1966 4539 Christi

1185 4571 1373 4633 nutriantur
1387 4573 1420 4634 et
1441 4572 1560 4634 viduae.
1584 4576 1621 4634 In
1637 4575 1675 4634 12
1689 4575 1819 4650 sigillis,
1842 4577 1967 4651 121110-

1185 4667 1342 4729 stolorum
1363 4669 1507 4744 potestas
1531 4669 1741 4744 designatur:
1764 4687 1897 4732 muscus
1916 4670 1965 4728 in-

1185 4763 1328 4824 cluditur
1352 4764 1393 4824 ad
1416 4765 1663 4842 percipiendum
1691 4767 1836 4838 odorem,
1866 4769 1901 4827 ut
1926 4763 1966 4823 ait

1184 4859 1378 4935 Apostolus:
1396 4861 1524 4922 0111111
1536 4863 1641 4922 hortas
1658 4864 1741 4922 odor
1754 4877 1875 4923 sameas
1892 4866 1963 4922 Dee.

1184 4956 1301 5031 inqua
1321 4955 1464 5016 secunda
1480 4955 1556 5016 sede
1571 4954 1647 5018 dum
1663 4949 1754 5018 sedet
1766 4958 1900 5029 electus,
1914 4970 1964 5016 re-

1185 5050 1264 5127 cipit
1285 5065 1398 5110 omnes
1422 5048 1580 5111 officiales
1602 5052 1717 5127 palatii
1741 5053 1782 5112 ad
1804 5053 1918 5130 pedes,
1938 5049 1965 5108 et

1185 5147 1297 5224 postea
1312 5145 1353 5205 ad
1362 5145 1528 5206 osculum:
1544 5147 1576 5208 et
1590 5147 1708 5208 deinde
1721 5148 1838 5210 sedens
1854 5147 1965 5210 ibidem

1184 5242 1301 5318 recipit
1315 5239 1355 5301 de
1369 5256 1470 5300 manu
1489 5242 1664 5302 camerarii
1679 5244 1834 5305 denarios
1848 5257 1962 5320 arqen-

1184 5339 1254 5401 teos
1274 5336 1340 5398 val.
1358 5338 1395 5397 10
1416 5336 1476 5398 sol.
1493 5352 1621 5413 proves.
1638 5339 1671 5400 et
1688 5341 1821 5418 projicit
1840 5356 1897 5402 eos
1911 5353 1963 5398 su-

1221 5482 1262 5564 (a)
1275 5483 1430 5564 ilincpatet
1441 5481 1541 5542 llbrum
1555 5483 1631 5544 huuc
1641 5493 1769 5560 tempore
1779 5487 1919 5548 Caelestini
1931 5485 1965 5542 111

1186 5561 1320 5628 scriptum
1334 5551 1431 5612 luisse.
