<?xml version="1.0" encoding="UTF-8"?>
<!DOCTYPE html PUBLIC "-//W3C//DTD XHTML 1.0 Transitional//EN"
    "http://www.w3.org/TR/xhtml1/DTD/xhtml1-transitional.dtd">
<html xmlns="http://www.w3.org/1999/xhtml" xml:lang="en" lang="en">
 <head>
  <title>
</title>
<meta http-equiv="Content-Type" content="text/html;charset=utf-8" />
  <meta name='ocr-system' content='tesseract 3.04.00' />
  <meta name='ocr-capabilities' content='ocr_page ocr_carea ocr_par ocr_line ocrx_word'/>
</head>
<body>
  <div class='ocr_page' id='page_1' title='image "./mediiaevibiblio05bottgoog_0307.png"; bbox 0 0 4078 6442; ppageno 0'>
   <div class='ocr_carea' id='block_1_1' title="bbox 310 275 371 339">
    <p class='ocr_par' dir='ltr' id='par_1_1' title="bbox 310 275 371 339">
     <span class='ocr_line' id='line_1_1' title="bbox 310 275 371 339; baseline 0 0"><span class='ocrx_word' id='word_1_1' title='bbox 310 275 371 339; x_wconf 78' lang='lat'>535</span> 
     </span>
    </p>
   </div>
   <div class='ocr_carea' id='block_1_2' title="bbox 289 435 1120 3836">
    <p class='ocr_par' dir='ltr' id='par_1_2' title="bbox 310 435 1110 596">
     <span class='ocr_line' id='line_1_2' title="bbox 345 435 1110 511; baseline 0.009 -13"><span class='ocrx_word' id='word_1_2' title='bbox 345 435 495 504; x_wconf 76' lang='lat' dir='ltr'>Ecclesia</span> <span class='ocrx_word' id='word_1_3' title='bbox 513 435 847 511; x_wconf 80' lang='lat' dir='ltr'>undenestorvensls,</span> <span class='ocrx_word' id='word_1_4' title='bbox 870 451 974 502; x_wconf 89' lang='lat' dir='ltr'>unum</span> <span class='ocrx_word' id='word_1_5' title='bbox 994 451 1110 505; x_wconf 84' lang='lat' dir='ltr'>mara-</span> 
     </span>
     <span class='ocr_line' id='line_1_3' title="bbox 310 530 474 596; baseline 0.006 -2"><span class='ocrx_word' id='word_1_6' title='bbox 310 530 474 596; x_wconf 85' lang='lat' dir='ltr'>butinam.</span> 
     </span>
    </p>

    <p class='ocr_par' dir='ltr' id='par_1_3' title="bbox 310 631 1108 791">
     <span class='ocr_line' id='line_1_4' title="bbox 350 631 1108 711; baseline 0.008 -19"><span class='ocrx_word' id='word_1_7' title='bbox 350 631 590 696; x_wconf 86' lang='lat' dir='ltr'>Monasterium</span> <span class='ocrx_word' id='word_1_8' title='bbox 612 631 924 711; x_wconf 69' lang='lat' dir='ltr'>spammeticus</span> <span class='ocrx_word' id='word_1_9' title='bbox 947 634 1108 700; x_wconf 83' lang='lat' dir='ltr'>marabu-</span> 
     </span>
     <span class='ocr_line' id='line_1_5' title="bbox 310 727 429 791; baseline 0 0"><span class='ocrx_word' id='word_1_10' title='bbox 310 727 429 791; x_wconf 90' lang='lat' dir='ltr'>tinum.</span> 
     </span>
    </p>

    <p class='ocr_par' dir='ltr' id='par_1_4' title="bbox 312 827 1113 986">
     <span class='ocr_line' id='line_1_6' title="bbox 350 827 1113 903; baseline 0.007 -14"><span class='ocrx_word' id='word_1_11' title='bbox 350 827 501 892; x_wconf 75' lang='lat' dir='ltr'>Ecclesia</span> <span class='ocrx_word' id='word_1_12' title='bbox 515 828 647 897; x_wconf 75' lang='lat' dir='ltr'>Sancte</span> <span class='ocrx_word' id='word_1_13' title='bbox 663 827 909 903; x_wconf 65' lang='lat' dir='ltr'>clarissimum</span> <span class='ocrx_word' id='word_1_14' title='bbox 924 830 1113 896; x_wconf 89' lang='lat' dir='ltr'>marabuti-</span> 
     </span>
     <span class='ocr_line' id='line_1_7' title="bbox 312 941 403 986; baseline 0 0"><span class='ocrx_word' id='word_1_15' title='bbox 312 941 403 986; x_wconf 87' lang='lat' dir='ltr'>num.</span> 
     </span>
    </p>

    <p class='ocr_par' dir='ltr' id='par_1_5' title="bbox 351 1023 789 1102">
     <span class='ocr_line' id='line_1_8' title="bbox 351 1023 789 1102; baseline 0.005 -16"><span class='ocrx_word' id='word_1_16' title='bbox 351 1025 389 1086; x_wconf 90' lang='lat' dir='ltr'>In</span> <span class='ocrx_word' id='word_1_17' title='bbox 403 1023 598 1102; x_wconf 89' lang='lat' dir='ltr'>episcopatu</span> <span class='ocrx_word' id='word_1_18' title='bbox 613 1025 789 1102; x_wconf 72' lang='lat' dir='ltr'>burgensi.</span> 
     </span>
    </p>

    <p class='ocr_par' dir='ltr' id='par_1_6' title="bbox 311 1121 1115 1294">
     <span class='ocr_line' id='line_1_9' title="bbox 352 1121 1115 1200; baseline 0.008 -18"><span class='ocrx_word' id='word_1_19' title='bbox 352 1123 390 1182; x_wconf 95' lang='lat' dir='ltr'>In</span> <span class='ocrx_word' id='word_1_20' title='bbox 412 1121 606 1200; x_wconf 87' lang='lat' dir='ltr'>episcopatu</span> <span class='ocrx_word' id='word_1_21' title='bbox 629 1123 824 1186; x_wconf 76' lang='lat' dir='ltr'>Briainensl</span> <span class='ocrx_word' id='word_1_22' title='bbox 842 1143 851 1186; x_wconf 75' lang='grc' dir='ltr'><strong><em>ε</em></strong></span> <span class='ocrx_word' id='word_1_23' title='bbox 872 1123 1022 1188; x_wconf 80' lang='lat' dir='ltr'>Ecclesia</span> <span class='ocrx_word' id='word_1_24' title='bbox 1043 1126 1115 1188; x_wconf 86' lang='lat' dir='ltr'>iiu-</span> 
     </span>
     <span class='ocr_line' id='line_1_10' title="bbox 311 1219 810 1294; baseline 0.002 -11"><span class='ocrx_word' id='word_1_25' title='bbox 311 1219 427 1294; x_wconf 84' lang='lat' dir='ltr'>tonsis,</span> <span class='ocrx_word' id='word_1_26' title='bbox 441 1235 544 1283; x_wconf 88' lang='lat' dir='ltr'>unum</span> <span class='ocrx_word' id='word_1_27' title='bbox 554 1220 810 1284; x_wconf 83' lang='lat' dir='ltr'>marabotinum.</span> 
     </span>
    </p>

    <p class='ocr_par' dir='ltr' id='par_1_7' title="bbox 311 1317 1112 1491">
     <span class='ocr_line' id='line_1_11' title="bbox 351 1317 1112 1396; baseline 0.007 -17"><span class='ocrx_word' id='word_1_28' title='bbox 351 1320 389 1379; x_wconf 94' lang='lat' dir='ltr'>In</span> <span class='ocrx_word' id='word_1_29' title='bbox 403 1318 693 1396; x_wconf 86' lang='lat' dir='ltr'>archiepiscopatu</span> <span class='ocrx_word' id='word_1_30' title='bbox 703 1317 901 1382; x_wconf 83' lang='lat' dir='ltr'>Treverensi</span> <span class='ocrx_word' id='word_1_31' title='bbox 916 1341 924 1380; x_wconf 76' lang='grc' dir='ltr'><strong>ι</strong></span> <span class='ocrx_word' id='word_1_32' title='bbox 940 1319 1112 1386; x_wconf 85' lang='lat' dir='ltr'>Monaste-</span> 
     </span>
     <span class='ocr_line' id='line_1_12' title="bbox 311 1413 966 1491; baseline 0.009 -16"><span class='ocrx_word' id='word_1_33' title='bbox 311 1413 401 1478; x_wconf 88' lang='lat' dir='ltr'>rium</span> <span class='ocrx_word' id='word_1_34' title='bbox 413 1415 449 1478; x_wconf 93' lang='lat' dir='ltr'>in</span> <span class='ocrx_word' id='word_1_35' title='bbox 464 1417 685 1491; x_wconf 85' lang='lat' dir='ltr'>Rumerstorl,</span> <span class='ocrx_word' id='word_1_36' title='bbox 698 1433 803 1480; x_wconf 89' lang='lat' dir='ltr'>unum</span> <span class='ocrx_word' id='word_1_37' title='bbox 814 1433 966 1481; x_wconf 85' lang='lat' dir='ltr'>aureum.</span> 
     </span>
    </p>

    <p class='ocr_par' dir='ltr' id='par_1_8' title="bbox 313 1514 1116 1687">
     <span class='ocr_line' id='line_1_13' title="bbox 351 1514 1116 1580; baseline 0.004 -6"><span class='ocrx_word' id='word_1_38' title='bbox 351 1514 593 1576; x_wconf 88' lang='lat' dir='ltr'>Monasterium</span> <span class='ocrx_word' id='word_1_39' title='bbox 611 1516 741 1578; x_wconf 79' lang='lat' dir='ltr'>saneim</span> <span class='ocrx_word' id='word_1_40' title='bbox 755 1516 874 1578; x_wconf 88' lang='lat' dir='ltr'>Mariae</span> <span class='ocrx_word' id='word_1_41' title='bbox 888 1515 923 1578; x_wconf 92' lang='lat' dir='ltr'>in</span> <span class='ocrx_word' id='word_1_42' title='bbox 941 1517 1116 1580; x_wconf 78' lang='lat' dir='ltr'>Eunonen-</span> 
     </span>
     <span class='ocr_line' id='line_1_14' title="bbox 313 1609 919 1687; baseline 0.005 -16"><span class='ocrx_word' id='word_1_43' title='bbox 313 1609 410 1687; x_wconf 84' lang='lat' dir='ltr'>burg,</span> <span class='ocrx_word' id='word_1_44' title='bbox 426 1627 529 1672; x_wconf 91' lang='lat' dir='ltr'>unum</span> <span class='ocrx_word' id='word_1_45' title='bbox 539 1627 691 1687; x_wconf 89' lang='lat' dir='ltr'>aureum,</span> <span class='ocrx_word' id='word_1_46' title='bbox 708 1613 772 1681; x_wconf 77' lang='lat' dir='ltr'>cib</span> <span class='ocrx_word' id='word_1_47' title='bbox 783 1613 919 1676; x_wconf 88' lang='lat' dir='ltr'>solidos.</span> 
     </span>
    </p>

    <p class='ocr_par' dir='ltr' id='par_1_9' title="bbox 313 1707 1116 1879">
     <span class='ocr_line' id='line_1_15' title="bbox 353 1707 1116 1787; baseline 0.012 -19"><span class='ocrx_word' id='word_1_48' title='bbox 353 1709 392 1769; x_wconf 88' lang='lat' dir='ltr'>ln</span> <span class='ocrx_word' id='word_1_49' title='bbox 403 1707 596 1787; x_wconf 85' lang='lat' dir='ltr'>episcopatu</span> <span class='ocrx_word' id='word_1_50' title='bbox 608 1710 770 1773; x_wconf 83' lang='lat' dir='ltr'>Maiensi:</span> <span class='ocrx_word' id='word_1_51' title='bbox 785 1710 954 1774; x_wconf 77' lang='lat' dir='ltr'>canonica</span> <span class='ocrx_word' id='word_1_52' title='bbox 964 1709 1005 1776; x_wconf 89' lang='lat' dir='ltr'>de</span> <span class='ocrx_word' id='word_1_53' title='bbox 1016 1710 1116 1776; x_wconf 86' lang='lat' dir='ltr'>Stan-</span> 
     </span>
     <span class='ocr_line' id='line_1_16' title="bbox 313 1797 863 1879; baseline 0.005 -11"><span class='ocrx_word' id='word_1_54' title='bbox 313 1803 474 1879; x_wconf 88' lang='lat' dir='ltr'>dalmunt,</span> <span class='ocrx_word' id='word_1_55' title='bbox 490 1821 593 1870; x_wconf 90' lang='lat' dir='ltr'>unum</span> <span class='ocrx_word' id='word_1_56' title='bbox 607 1797 863 1871; x_wconf 85' lang='lat' dir='ltr'>marabutinum.</span> 
     </span>
    </p>

    <p class='ocr_par' dir='ltr' id='par_1_10' title="bbox 314 1903 1115 2064">
     <span class='ocr_line' id='line_1_17' title="bbox 352 1903 1115 1981; baseline 0.008 -17"><span class='ocrx_word' id='word_1_57' title='bbox 352 1903 592 1966; x_wconf 88' lang='lat' dir='ltr'>Monasterium</span> <span class='ocrx_word' id='word_1_58' title='bbox 607 1905 720 1968; x_wconf 83' lang='lat' dir='ltr'>sancti</span> <span class='ocrx_word' id='word_1_59' title='bbox 727 1905 870 1970; x_wconf 87' lang='lat' dir='ltr'>Petride</span> <span class='ocrx_word' id='word_1_60' title='bbox 880 1907 1002 1981; x_wconf 81' lang='lat' dir='ltr'>Monte,</span> <span class='ocrx_word' id='word_1_61' title='bbox 1012 1921 1115 1970; x_wconf 88' lang='lat' dir='ltr'>unum</span> 
     </span>
     <span class='ocr_line' id='line_1_18' title="bbox 314 1999 573 2064; baseline 0.008 -4"><span class='ocrx_word' id='word_1_62' title='bbox 314 1999 573 2064; x_wconf 84' lang='lat' dir='ltr'>marabutinum.</span> 
     </span>
    </p>

    <p class='ocr_par' dir='ltr' id='par_1_11' title="bbox 314 2097 1116 2258">
     <span class='ocr_line' id='line_1_19' title="bbox 351 2097 1116 2180; baseline 0.008 -20"><span class='ocrx_word' id='word_1_63' title='bbox 351 2097 501 2162; x_wconf 88' lang='lat' dir='ltr'>Ecclesia</span> <span class='ocrx_word' id='word_1_64' title='bbox 509 2101 639 2164; x_wconf 84' lang='lat' dir='ltr'>Sanctae</span> <span class='ocrx_word' id='word_1_65' title='bbox 651 2101 769 2166; x_wconf 87' lang='lat' dir='ltr'>Mariae</span> <span class='ocrx_word' id='word_1_66' title='bbox 779 2101 821 2164; x_wconf 90' lang='lat' dir='ltr'>de</span> <span class='ocrx_word' id='word_1_67' title='bbox 833 2102 1005 2180; x_wconf 78' lang='lat' dir='ltr'>Eraystor,</span> <span class='ocrx_word' id='word_1_68' title='bbox 1013 2117 1116 2166; x_wconf 89' lang='lat' dir='ltr'>unum</span> 
     </span>
     <span class='ocr_line' id='line_1_20' title="bbox 314 2194 573 2258; baseline 0 -2"><span class='ocrx_word' id='word_1_69' title='bbox 314 2194 573 2258; x_wconf 89' lang='lat' dir='ltr'>marabutinum.</span> 
     </span>
    </p>

    <p class='ocr_par' dir='ltr' id='par_1_12' title="bbox 315 2292 1118 2552">
     <span class='ocr_line' id='line_1_21' title="bbox 354 2292 1118 2372; baseline 0.008 -18"><span class='ocrx_word' id='word_1_70' title='bbox 354 2295 393 2356; x_wconf 93' lang='lat' dir='ltr'>In</span> <span class='ocrx_word' id='word_1_71' title='bbox 407 2292 600 2372; x_wconf 85' lang='lat' dir='ltr'>episcopatu</span> <span class='ocrx_word' id='word_1_72' title='bbox 612 2295 763 2358; x_wconf 86' lang='lat' dir='ltr'>Tullensi</span> <span class='ocrx_word' id='word_1_73' title='bbox 777 2317 784 2358; x_wconf 75' lang='grc' dir='ltr'>ι</span> <span class='ocrx_word' id='word_1_74' title='bbox 801 2295 1045 2360; x_wconf 85' lang='lat' dir='ltr'>Monasterium</span> <span class='ocrx_word' id='word_1_75' title='bbox 1056 2297 1118 2362; x_wconf 87' lang='lat' dir='ltr'>vi-</span> 
     </span>
     <span class='ocr_line' id='line_1_22' title="bbox 315 2391 1118 2472; baseline 0.006 -19"><span class='ocrx_word' id='word_1_76' title='bbox 315 2391 528 2462; x_wconf 85' lang='lat' dir='ltr'>veniacense,</span> <span class='ocrx_word' id='word_1_77' title='bbox 554 2395 574 2456; x_wconf 87' lang='lat'><strong>6</strong></span> <span class='ocrx_word' id='word_1_78' title='bbox 601 2395 777 2472; x_wconf 83' lang='lat' dir='ltr'>argenteos</span> <span class='ocrx_word' id='word_1_79' title='bbox 806 2394 1021 2458; x_wconf 76' lang='lat' dir='ltr'>virdunensis</span> <span class='ocrx_word' id='word_1_80' title='bbox 1044 2411 1118 2462; x_wconf 84' lang='lat' dir='ltr'>lno-</span> 
     </span>
     <span class='ocr_line' id='line_1_23' title="bbox 316 2490 413 2552; baseline 0.01 -2"><span class='ocrx_word' id='word_1_81' title='bbox 316 2490 413 2552; x_wconf 82' lang='lat' dir='ltr'>netae.</span> 
     </span>
    </p>

    <p class='ocr_par' dir='ltr' id='par_1_13' title="bbox 315 2583 1118 2747">
     <span class='ocr_line' id='line_1_24' title="bbox 357 2583 1118 2680; baseline 0.007 -31"><span class='ocrx_word' id='word_1_82' title='bbox 357 2583 506 2650; x_wconf 84' lang='lat' dir='ltr'>Ecclesia</span> <span class='ocrx_word' id='word_1_83' title='bbox 522 2588 635 2651; x_wconf 86' lang='lat' dir='ltr'>Sancti</span> <span class='ocrx_word' id='word_1_84' title='bbox 649 2589 798 2680; x_wconf 88' lang='lat' dir='ltr'>Deodatl,</span> <span class='ocrx_word' id='word_1_85' title='bbox 813 2607 917 2654; x_wconf 89' lang='lat' dir='ltr'>unum</span> <span class='ocrx_word' id='word_1_86' title='bbox 931 2589 1118 2656; x_wconf 87' lang='lat' dir='ltr'>marabuti-</span> 
     </span>
     <span class='ocr_line' id='line_1_25' title="bbox 315 2701 407 2747; baseline 0.011 -1"><span class='ocrx_word' id='word_1_87' title='bbox 315 2701 407 2747; x_wconf 89' lang='lat' dir='ltr'>num.</span> 
     </span>
    </p>

    <p class='ocr_par' dir='ltr' id='par_1_14' title="bbox 312 2782 1117 2948">
     <span class='ocr_line' id='line_1_26' title="bbox 351 2782 1117 2862; baseline 0.005 -16"><span class='ocrx_word' id='word_1_88' title='bbox 351 2782 494 2848; x_wconf 78' lang='lat' dir='ltr'>annana</span> <span class='ocrx_word' id='word_1_89' title='bbox 507 2783 800 2860; x_wconf 73' lang='lat' dir='ltr'>oumouaeensis,</span> <span class='ocrx_word' id='word_1_90' title='bbox 811 2801 913 2850; x_wconf 87' lang='lat' dir='ltr'>unam</span> <span class='ocrx_word' id='word_1_91' title='bbox 923 2787 1053 2862; x_wconf 86' lang='lat' dir='ltr'>stolam,</span> <span class='ocrx_word' id='word_1_92' title='bbox 1062 2788 1117 2852; x_wconf 76' lang='lat' dir='ltr'>uel</span> 
     </span>
     <span class='ocr_line' id='line_1_27' title="bbox 312 2881 734 2948; baseline 0.009 -4"><span class='ocrx_word' id='word_1_93' title='bbox 312 2881 456 2944; x_wconf 82' lang='lat' dir='ltr'>cencies</span> <span class='ocrx_word' id='word_1_94' title='bbox 468 2882 734 2948; x_wconf 83' lang='lat' dir='ltr'>massamutinos.</span> 
     </span>
    </p>

    <p class='ocr_par' dir='ltr' id='par_1_15' title="bbox 316 2979 1118 3139">
     <span class='ocr_line' id='line_1_28' title="bbox 354 2979 1118 3062; baseline 0.009 -22"><span class='ocrx_word' id='word_1_95' title='bbox 354 2979 503 3042; x_wconf 82' lang='lat' dir='ltr'>Ecclesia</span> <span class='ocrx_word' id='word_1_96' title='bbox 517 2981 647 3043; x_wconf 84' lang='lat' dir='ltr'>Sanctae</span> <span class='ocrx_word' id='word_1_97' title='bbox 662 2980 788 3055; x_wconf 83' lang='lat' dir='ltr'>Crucis,</span> <span class='ocrx_word' id='word_1_98' title='bbox 801 2983 822 3042; x_wconf 83' lang='lat'><strong><em>2</em></strong></span> <span class='ocrx_word' id='word_1_99' title='bbox 839 2981 955 3045; x_wconf 91' lang='lat' dir='ltr'>uncias</span> <span class='ocrx_word' id='word_1_100' title='bbox 969 2982 1046 3045; x_wconf 91' lang='lat' dir='ltr'>auri</span> <span class='ocrx_word' id='word_1_101' title='bbox 1057 2999 1118 3062; x_wconf 87' lang='lat' dir='ltr'>pro</span> 
     </span>
     <span class='ocr_line' id='line_1_29' title="bbox 316 3068 692 3139; baseline 0.003 0"><span class='ocrx_word' id='word_1_102' title='bbox 316 3078 418 3139; x_wconf 87' lang='lat' dir='ltr'>Rosa.</span> <span class='ocrx_word' id='word_1_103' title='bbox 687 3068 692 3078; x_wconf 86' lang='lat'>&#39;</span> 
     </span>
    </p>

    <p class='ocr_par' dir='ltr' id='par_1_16' title="bbox 289 3173 1119 3434">
     <span class='ocr_line' id='line_1_30' title="bbox 356 3173 1117 3254; baseline 0.009 -19"><span class='ocrx_word' id='word_1_104' title='bbox 356 3173 505 3236; x_wconf 88' lang='lat' dir='ltr'>Ecclesia</span> <span class='ocrx_word' id='word_1_105' title='bbox 523 3175 770 3238; x_wconf 89' lang='lat' dir='ltr'>Romaricensis</span> <span class='ocrx_word' id='word_1_106' title='bbox 781 3176 818 3238; x_wconf 91' lang='lat' dir='ltr'>in</span> <span class='ocrx_word' id='word_1_107' title='bbox 830 3191 918 3240; x_wconf 88' lang='lat' dir='ltr'>anno</span> <span class='ocrx_word' id='word_1_108' title='bbox 937 3176 1117 3254; x_wconf 80' lang='lat' dir='ltr'>bissextili,</span> 
     </span>
     <span class='ocr_line' id='line_1_31' title="bbox 289 3271 1119 3354; baseline 0.007 -20"><span class='ocrx_word' id='word_1_109' title='bbox 289 3288 296 3302; x_wconf 94' lang='lat'><strong>·</strong></span> <span class='ocrx_word' id='word_1_110' title='bbox 315 3287 439 3350; x_wconf 86' lang='lat' dir='ltr'>equum</span> <span class='ocrx_word' id='word_1_111' title='bbox 457 3271 570 3336; x_wconf 88' lang='lat' dir='ltr'>album</span> <span class='ocrx_word' id='word_1_112' title='bbox 584 3288 644 3351; x_wconf 86' lang='lat' dir='ltr'>pro</span> <span class='ocrx_word' id='word_1_113' title='bbox 656 3272 790 3338; x_wconf 87' lang='lat' dir='ltr'>domino</span> <span class='ocrx_word' id='word_1_114' title='bbox 806 3277 909 3353; x_wconf 88' lang='lat' dir='ltr'>Papa,</span> <span class='ocrx_word' id='word_1_115' title='bbox 924 3276 1119 3354; x_wconf 87' lang='lat' dir='ltr'>coopertum</span> 
     </span>
     <span class='ocr_line' id='line_1_32' title="bbox 316 3369 527 3434; baseline 0.014 -3"><span class='ocrx_word' id='word_1_116' title='bbox 316 3369 527 3434; x_wconf 84' lang='lat' dir='ltr'>baldachino.</span> 
     </span>
    </p>

    <p class='ocr_par' dir='ltr' id='par_1_17' title="bbox 313 3469 1120 3730">
     <span class='ocr_line' id='line_1_33' title="bbox 353 3469 1119 3549; baseline 0.008 -19"><span class='ocrx_word' id='word_1_117' title='bbox 353 3470 392 3530; x_wconf 91' lang='lat' dir='ltr'>ln</span> <span class='ocrx_word' id='word_1_118' title='bbox 413 3469 607 3549; x_wconf 88' lang='lat' dir='ltr'>episcopatu</span> <span class='ocrx_word' id='word_1_119' title='bbox 624 3469 834 3534; x_wconf 78' lang='lat' dir='ltr'>verdunensi</span> <span class='ocrx_word' id='word_1_120' title='bbox 852 3493 860 3535; x_wconf 76' lang='grc' dir='ltr'><strong><em>ε</em></strong></span> <span class='ocrx_word' id='word_1_121' title='bbox 878 3472 1119 3536; x_wconf 84' lang='lat' dir='ltr'>Monasterium</span> 
     </span>
     <span class='ocr_line' id='line_1_34' title="bbox 316 3567 1120 3644; baseline 0.01 -16"><span class='ocrx_word' id='word_1_122' title='bbox 316 3567 431 3629; x_wconf 88' lang='lat' dir='ltr'>Sancti</span> <span class='ocrx_word' id='word_1_123' title='bbox 442 3567 556 3630; x_wconf 90' lang='lat' dir='ltr'>Vitoni</span> <span class='ocrx_word' id='word_1_124' title='bbox 568 3567 807 3644; x_wconf 85' lang='lat' dir='ltr'>verdunensis,</span> <span class='ocrx_word' id='word_1_125' title='bbox 832 3569 1120 3636; x_wconf 73' lang='grc'><strong>1111111111-</strong></span> 
     </span>
     <span class='ocr_line' id='line_1_35' title="bbox 313 3665 691 3730; baseline 0.005 -4"><span class='ocrx_word' id='word_1_126' title='bbox 313 3665 523 3728; x_wconf 86' lang='lat' dir='ltr'>talaunensis</span> <span class='ocrx_word' id='word_1_127' title='bbox 536 3667 691 3730; x_wconf 81' lang='lat' dir='ltr'>monetas.</span> 
     </span>
    </p>

    <p class='ocr_par' dir='ltr' id='par_1_18' title="bbox 353 3763 908 3836">
     <span class='ocr_line' id='line_1_36' title="bbox 353 3763 908 3836; baseline 0.005 -11"><span class='ocrx_word' id='word_1_128' title='bbox 353 3763 503 3830; x_wconf 84' lang='lat' dir='ltr'>Ecclesia</span> <span class='ocrx_word' id='word_1_129' title='bbox 518 3764 632 3828; x_wconf 84' lang='lat' dir='ltr'>Sancti</span> <span class='ocrx_word' id='word_1_130' title='bbox 647 3765 739 3836; x_wconf 85' lang='lat' dir='ltr'>Petri</span> <span class='ocrx_word' id='word_1_131' title='bbox 749 3766 804 3833; x_wconf 83' lang='lat' dir='ltr'>lio</span> <span class='ocrx_word' id='word_1_132' title='bbox 806 3807 908 3830; x_wconf 90' lang='grc'><strong>........</strong></span> 
     </span>
    </p>
   </div>
   <div class='ocr_carea' id='block_1_3' title="bbox 544 3955 971 4044">
    <p class='ocr_par' dir='ltr' id='par_1_19' title="bbox 544 3955 971 4044">
     <span class='ocr_line' id='line_1_37' title="bbox 544 3955 971 4044; baseline 0 -2"><span class='ocrx_word' id='word_1_133' title='bbox 544 3979 880 4044; x_wconf 68' lang='lat' dir='ltr'>accensione.</span> <span class='ocrx_word' id='word_1_134' title='bbox 968 3955 971 3965; x_wconf 82' lang='lat'>&#39;</span> 
     </span>
    </p>
   </div>
   <div class='ocr_carea' id='block_1_4' title="bbox 315 4154 1122 4902">
    <p class='ocr_par' dir='ltr' id='par_1_20' title="bbox 358 4154 915 4234">
     <span class='ocr_line' id='line_1_38' title="bbox 358 4154 915 4234; baseline 0.004 -16"><span class='ocrx_word' id='word_1_135' title='bbox 358 4157 397 4218; x_wconf 91' lang='lat' dir='ltr'>In</span> <span class='ocrx_word' id='word_1_136' title='bbox 412 4154 702 4234; x_wconf 78' lang='lat' dir='ltr'>archiepiscopatu</span> <span class='ocrx_word' id='word_1_137' title='bbox 715 4156 915 4220; x_wconf 78' lang='lat' dir='ltr'>Tarentanc.</span> 
     </span>
    </p>

    <p class='ocr_par' dir='ltr' id='par_1_21' title="bbox 358 4252 817 4330">
     <span class='ocr_line' id='line_1_39' title="bbox 358 4252 817 4330; baseline 0.004 -17"><span class='ocrx_word' id='word_1_138' title='bbox 358 4255 396 4314; x_wconf 95' lang='lat' dir='ltr'>In</span> <span class='ocrx_word' id='word_1_139' title='bbox 411 4252 604 4330; x_wconf 88' lang='lat' dir='ltr'>episcopatu</span> <span class='ocrx_word' id='word_1_140' title='bbox 620 4253 817 4315; x_wconf 82' lang='lat' dir='ltr'>sedunensi.</span> 
     </span>
    </p>

    <p class='ocr_par' dir='ltr' id='par_1_22' title="bbox 316 4349 1117 4522">
     <span class='ocr_line' id='line_1_40' title="bbox 356 4349 1117 4427; baseline 0.004 -15"><span class='ocrx_word' id='word_1_141' title='bbox 356 4351 396 4413; x_wconf 92' lang='lat' dir='ltr'>In</span> <span class='ocrx_word' id='word_1_142' title='bbox 419 4349 614 4427; x_wconf 87' lang='lat' dir='ltr'>episcopatu</span> <span class='ocrx_word' id='word_1_143' title='bbox 634 4349 837 4427; x_wconf 74' lang='lat' dir='ltr'>augustensi</span> <span class='ocrx_word' id='word_1_144' title='bbox 853 4372 861 4412; x_wconf 91' lang='lat'><strong>:</strong></span> <span class='ocrx_word' id='word_1_145' title='bbox 877 4351 1117 4416; x_wconf 86' lang='lat' dir='ltr'>Monasterium</span> 
     </span>
     <span class='ocr_line' id='line_1_41' title="bbox 316 4447 996 4522; baseline 0.001 -10"><span class='ocrx_word' id='word_1_146' title='bbox 316 4447 431 4512; x_wconf 80' lang='lat' dir='ltr'>Sancti</span> <span class='ocrx_word' id='word_1_147' title='bbox 445 4447 603 4522; x_wconf 87' lang='lat' dir='ltr'>Odalrici,</span> <span class='ocrx_word' id='word_1_148' title='bbox 621 4463 724 4509; x_wconf 91' lang='lat' dir='ltr'>unum</span> <span class='ocrx_word' id='word_1_149' title='bbox 737 4448 996 4514; x_wconf 88' lang='lat' dir='ltr'>marabuiinnm.</span> 
     </span>
    </p>

    <p class='ocr_par' dir='ltr' id='par_1_23' title="bbox 316 4545 1117 4706">
     <span class='ocr_line' id='line_1_42' title="bbox 357 4545 1117 4622; baseline 0.005 -16"><span class='ocrx_word' id='word_1_150' title='bbox 357 4545 507 4608; x_wconf 88' lang='lat' dir='ltr'>Ecclesia</span> <span class='ocrx_word' id='word_1_151' title='bbox 537 4547 668 4610; x_wconf 87' lang='lat' dir='ltr'>Sanctae</span> <span class='ocrx_word' id='word_1_152' title='bbox 691 4547 809 4611; x_wconf 78' lang='lat' dir='ltr'>nanee</span> <span class='ocrx_word' id='word_1_153' title='bbox 837 4547 877 4610; x_wconf 93' lang='lat' dir='ltr'>de</span> <span class='ocrx_word' id='word_1_154' title='bbox 898 4547 1117 4622; x_wconf 87' lang='lat' dir='ltr'>Rstciubuoh,</span> 
     </span>
     <span class='ocr_line' id='line_1_43' title="bbox 316 4642 622 4706; baseline 0.003 -2"><span class='ocrx_word' id='word_1_155' title='bbox 316 4642 429 4705; x_wconf 90' lang='lat' dir='ltr'>albam</span> <span class='ocrx_word' id='word_1_156' title='bbox 444 4643 477 4706; x_wconf 89' lang='lat' dir='ltr'>et</span> <span class='ocrx_word' id='word_1_157' title='bbox 491 4643 622 4706; x_wconf 90' lang='lat' dir='ltr'>stolam.</span> 
     </span>
    </p>

    <p class='ocr_par' dir='ltr' id='par_1_24' title="bbox 315 4741 1122 4902">
     <span class='ocr_line' id='line_1_44' title="bbox 359 4741 1122 4818; baseline 0 -14"><span class='ocrx_word' id='word_1_158' title='bbox 359 4741 509 4804; x_wconf 87' lang='lat' dir='ltr'>Ecclesia</span> <span class='ocrx_word' id='word_1_159' title='bbox 529 4741 661 4807; x_wconf 83' lang='lat' dir='ltr'>Sanctae</span> <span class='ocrx_word' id='word_1_160' title='bbox 683 4742 810 4818; x_wconf 83' lang='lat' dir='ltr'>Crucis,</span> <span class='ocrx_word' id='word_1_161' title='bbox 834 4759 938 4806; x_wconf 90' lang='lat' dir='ltr'>unum</span> <span class='ocrx_word' id='word_1_162' title='bbox 962 4741 1122 4809; x_wconf 82' lang='lat' dir='ltr'>marabu-</span> 
     </span>
     <span class='ocr_line' id='line_1_45' title="bbox 315 4839 438 4902; baseline 0.008 -1"><span class='ocrx_word' id='word_1_163' title='bbox 315 4839 438 4902; x_wconf 88' lang='lat' dir='ltr'>tinum.</span> 
     </span>
    </p>
   </div>
   <div class='ocr_carea' id='block_1_5' title="bbox 215 4937 1117 5013">
    <p class='ocr_par' dir='ltr' id='par_1_25' title="bbox 215 4937 1117 5013">
     <span class='ocr_line' id='line_1_46' title="bbox 215 4937 1117 5013; baseline 0.002 -13"><span class='ocrx_word' id='word_1_164' title='bbox 215 4939 221 4950; x_wconf 83' lang='lat'>&#39;</span> <span class='ocrx_word' id='word_1_165' title='bbox 356 4937 596 5001; x_wconf 87' lang='lat' dir='ltr'>Monasterium</span> <span class='ocrx_word' id='word_1_166' title='bbox 625 4937 739 5002; x_wconf 86' lang='lat' dir='ltr'>Sancti</span> <span class='ocrx_word' id='word_1_167' title='bbox 770 4937 910 5005; x_wconf 85' lang='lat' dir='ltr'>Martini</span> <span class='ocrx_word' id='word_1_168' title='bbox 934 4937 976 5000; x_wconf 92' lang='lat' dir='ltr'>de</span> <span class='ocrx_word' id='word_1_169' title='bbox 1004 4938 1117 5013; x_wconf 86' lang='lat' dir='ltr'>ihsan,</span> 
     </span>
    </p>
   </div>
   <div class='ocr_carea' id='block_1_6' title="bbox 317 5035 1124 5687">
    <p class='ocr_par' dir='ltr' id='par_1_26' title="bbox 317 5035 694 5098">
     <span class='ocr_line' id='line_1_47' title="bbox 317 5035 694 5098; baseline 0.003 -1"><span class='ocrx_word' id='word_1_170' title='bbox 317 5051 422 5098; x_wconf 90' lang='lat' dir='ltr'>unum</span> <span class='ocrx_word' id='word_1_171' title='bbox 436 5035 694 5098; x_wconf 89' lang='lat' dir='ltr'>marabutinum.</span> 
     </span>
    </p>

    <p class='ocr_par' dir='ltr' id='par_1_27' title="bbox 319 5131 1119 5318">
     <span class='ocr_line' id='line_1_48' title="bbox 358 5131 1119 5211; baseline 0 -15"><span class='ocrx_word' id='word_1_172' title='bbox 358 5133 599 5196; x_wconf 87' lang='lat' dir='ltr'>Monasterium</span> <span class='ocrx_word' id='word_1_173' title='bbox 610 5133 724 5196; x_wconf 83' lang='lat' dir='ltr'>Sancti</span> <span class='ocrx_word' id='word_1_174' title='bbox 733 5135 752 5196; x_wconf 86' lang='lat' dir='ltr'><strong>J</strong></span> <span class='ocrx_word' id='word_1_175' title='bbox 754 5132 896 5196; x_wconf 88' lang='lat' dir='ltr'>ohannis</span> <span class='ocrx_word' id='word_1_176' title='bbox 907 5131 948 5196; x_wconf 87' lang='lat' dir='ltr'>de</span> <span class='ocrx_word' id='word_1_177' title='bbox 959 5134 1119 5211; x_wconf 78' lang='lat' dir='ltr'>stangan,</span> 
     </span>
     <span class='ocr_line' id='line_1_49' title="bbox 319 5231 698 5318; baseline -0.011 -22"><span class='ocrx_word' id='word_1_178' title='bbox 319 5247 423 5296; x_wconf 91' lang='lat' dir='ltr'>unum</span> <span class='ocrx_word' id='word_1_179' title='bbox 438 5231 698 5318; x_wconf 84' lang='lat' dir='ltr'>marabutinum.</span> 
     </span>
    </p>

    <p class='ocr_par' dir='ltr' id='par_1_28' title="bbox 321 5328 1124 5494">
     <span class='ocr_line' id='line_1_50' title="bbox 362 5328 1124 5402; baseline 0.001 -10"><span class='ocrx_word' id='word_1_180' title='bbox 362 5330 602 5393; x_wconf 87' lang='lat' dir='ltr'>Monasterium</span> <span class='ocrx_word' id='word_1_181' title='bbox 615 5329 650 5392; x_wconf 92' lang='lat' dir='ltr'>in</span> <span class='ocrx_word' id='word_1_182' title='bbox 663 5328 811 5402; x_wconf 86' lang='lat' dir='ltr'>Ahusen,</span> <span class='ocrx_word' id='word_1_183' title='bbox 827 5345 929 5392; x_wconf 90' lang='lat' dir='ltr'>unum</span> <span class='ocrx_word' id='word_1_184' title='bbox 944 5328 1124 5394; x_wconf 85' lang='lat' dir='ltr'>marabuti-</span> 
     </span>
     <span class='ocr_line' id='line_1_51' title="bbox 321 5443 413 5494; baseline -0.076 0"><span class='ocrx_word' id='word_1_185' title='bbox 321 5443 413 5494; x_wconf 89' lang='lat' dir='ltr'>num.</span> 
     </span>
    </p>

    <p class='ocr_par' dir='ltr' id='par_1_29' title="bbox 323 5525 1121 5687">
     <span class='ocr_line' id='line_1_52' title="bbox 361 5525 1121 5598; baseline 0.008 -11"><span class='ocrx_word' id='word_1_186' title='bbox 361 5525 604 5588; x_wconf 88' lang='lat' dir='ltr'>Monasterium</span> <span class='ocrx_word' id='word_1_187' title='bbox 614 5525 649 5588; x_wconf 91' lang='lat' dir='ltr'>in</span> <span class='ocrx_word' id='word_1_188' title='bbox 664 5525 824 5598; x_wconf 79' lang='lat' dir='ltr'>werdhe,</span> <span class='ocrx_word' id='word_1_189' title='bbox 841 5541 944 5591; x_wconf 81' lang='lat' dir='ltr'>unmn</span> <span class='ocrx_word' id='word_1_190' title='bbox 959 5527 1121 5593; x_wconf 85' lang='lat' dir='ltr'>marabu-</span> 
     </span>
     <span class='ocr_line' id='line_1_53' title="bbox 323 5624 441 5687; baseline -0.017 0"><span class='ocrx_word' id='word_1_191' title='bbox 323 5624 441 5687; x_wconf 87' lang='lat' dir='ltr'>tinum.</span> 
     </span>
    </p>
   </div>
   <div class='ocr_carea' id='block_1_7' title="bbox 926 279 1341 346">
    <p class='ocr_par' dir='ltr' id='par_1_30' title="bbox 926 279 1341 346">
     <span class='ocr_line' id='line_1_54' title="bbox 926 279 1341 346; baseline 0.007 -6"><span class='ocrx_word' id='word_1_192' title='bbox 926 279 1103 346; x_wconf 72' lang='lat' dir='ltr'>nononis</span> <span class='ocrx_word' id='word_1_193' title='bbox 1124 283 1170 346; x_wconf 83' lang='lat'>111</span> <span class='ocrx_word' id='word_1_194' title='bbox 1191 281 1341 346; x_wconf 74' lang='lat' dir='ltr'>oram.</span> 
     </span>
    </p>
   </div>
   <div class='ocr_carea' id='block_1_8' title="bbox 1920 275 2033 360">
    <p class='ocr_par' dir='ltr' id='par_1_31' title="bbox 1920 275 2033 360">
     <span class='ocr_line' id='line_1_55' title="bbox 1920 275 2033 360; baseline 0 0"><span class='ocrx_word' id='word_1_195' title='bbox 1920 275 1993 338; x_wconf 54' lang='lat'>535</span> <span class='ocrx_word' id='word_1_196' title='bbox 2032 333 2033 360; x_wconf 67' lang='lat' dir='ltr'>l</span> 
     </span>
    </p>
   </div>
   <div class='ocr_carea' id='block_1_9' title="bbox 1165 435 1987 5020">
    <p class='ocr_par' dir='ltr' id='par_1_32' title="bbox 1165 435 1984 600">
     <span class='ocr_line' id='line_1_56' title="bbox 1207 435 1984 512; baseline -0.012 -6"><span class='ocrx_word' id='word_1_197' title='bbox 1207 439 1448 506; x_wconf 65' lang='lat' dir='ltr'>nonasterium</span> <span class='ocrx_word' id='word_1_198' title='bbox 1461 438 1497 504; x_wconf 91' lang='lat' dir='ltr'>ln</span> <span class='ocrx_word' id='word_1_199' title='bbox 1512 435 1715 512; x_wconf 86' lang='lat' dir='ltr'>Narneshia,</span> <span class='ocrx_word' id='word_1_200' title='bbox 1733 451 1845 500; x_wconf 91' lang='lat' dir='ltr'>unum</span> <span class='ocrx_word' id='word_1_201' title='bbox 1858 451 1984 498; x_wconf 84' lang='lat' dir='ltr'>mara-</span> 
     </span>
     <span class='ocr_line' id='line_1_57' title="bbox 1165 535 1327 600; baseline -0.012 -1"><span class='ocrx_word' id='word_1_202' title='bbox 1165 535 1327 600; x_wconf 90' lang='lat' dir='ltr'>butinum.</span> 
     </span>
    </p>

    <p class='ocr_par' dir='ltr' id='par_1_33' title="bbox 1166 628 1982 794">
     <span class='ocr_line' id='line_1_58' title="bbox 1205 628 1982 706; baseline -0.008 -7"><span class='ocrx_word' id='word_1_203' title='bbox 1205 632 1445 700; x_wconf 78' lang='lat' dir='ltr'>Monasterium</span> <span class='ocrx_word' id='word_1_204' title='bbox 1457 631 1495 697; x_wconf 89' lang='lat' dir='ltr'>in</span> <span class='ocrx_word' id='word_1_205' title='bbox 1508 631 1638 706; x_wconf 79' lang='lat' dir='ltr'>Lorica,</span> <span class='ocrx_word' id='word_1_206' title='bbox 1654 646 1759 694; x_wconf 88' lang='lat' dir='ltr'>unum</span> <span class='ocrx_word' id='word_1_207' title='bbox 1778 628 1982 694; x_wconf 83' lang='lat' dir='ltr'>marabuti-</span> 
     </span>
     <span class='ocr_line' id='line_1_59' title="bbox 1166 748 1258 794; baseline 0 0"><span class='ocrx_word' id='word_1_208' title='bbox 1166 748 1258 794; x_wconf 90' lang='lat' dir='ltr'>num.</span> 
     </span>
    </p>

    <p class='ocr_par' dir='ltr' id='par_1_34' title="bbox 1168 825 1979 1005">
     <span class='ocr_line' id='line_1_60' title="bbox 1206 825 1979 901; baseline -0.012 -5"><span class='ocrx_word' id='word_1_209' title='bbox 1206 827 1447 896; x_wconf 82' lang='lat' dir='ltr'>Monasterium</span> <span class='ocrx_word' id='word_1_210' title='bbox 1465 827 1502 892; x_wconf 91' lang='lat' dir='ltr'>ln</span> <span class='ocrx_word' id='word_1_211' title='bbox 1516 825 1843 901; x_wconf 74' lang='lat' dir='ltr'>ekenchenbrunen,</span> <span class='ocrx_word' id='word_1_212' title='bbox 1861 825 1979 890; x_wconf 80' lang='grc'><strong>1211-</strong></span> 
     </span>
     <span class='ocr_line' id='line_1_61' title="bbox 1168 925 1675 1005; baseline 0 -15"><span class='ocrx_word' id='word_1_213' title='bbox 1168 928 1284 992; x_wconf 84' lang='lat' dir='ltr'>narios</span> <span class='ocrx_word' id='word_1_214' title='bbox 1296 925 1508 1005; x_wconf 74' lang='lat' dir='ltr'>augustensis</span> <span class='ocrx_word' id='word_1_215' title='bbox 1522 925 1675 996; x_wconf 69' lang='lat' dir='ltr'>monem.</span> 
     </span>
    </p>

    <p class='ocr_par' dir='ltr' id='par_1_35' title="bbox 1206 1021 1941 1098">
     <span class='ocr_line' id='line_1_62' title="bbox 1206 1021 1941 1098; baseline -0.008 -8"><span class='ocrx_word' id='word_1_216' title='bbox 1206 1025 1358 1092; x_wconf 80' lang='lat' dir='ltr'>Ecclesia</span> <span class='ocrx_word' id='word_1_217' title='bbox 1371 1025 1408 1090; x_wconf 90' lang='lat' dir='ltr'>in</span> <span class='ocrx_word' id='word_1_218' title='bbox 1422 1025 1533 1098; x_wconf 78' lang='lat' dir='ltr'>Disce,</span> <span class='ocrx_word' id='word_1_219' title='bbox 1548 1040 1652 1089; x_wconf 85' lang='lat' dir='ltr'>nnnm</span> <span class='ocrx_word' id='word_1_220' title='bbox 1667 1021 1941 1087; x_wconf 81' lang='lat' dir='ltr'>marabutinum.</span> 
     </span>
    </p>

    <p class='ocr_par' dir='ltr' id='par_1_36' title="bbox 1168 1121 1983 1301">
     <span class='ocr_line' id='line_1_63' title="bbox 1207 1121 1983 1198; baseline -0.008 -8"><span class='ocrx_word' id='word_1_221' title='bbox 1207 1125 1358 1190; x_wconf 78' lang='lat' dir='ltr'>Ecclesia</span> <span class='ocrx_word' id='word_1_222' title='bbox 1372 1123 1409 1190; x_wconf 89' lang='lat' dir='ltr'>in</span> <span class='ocrx_word' id='word_1_223' title='bbox 1421 1122 1610 1198; x_wconf 79' lang='lat' dir='ltr'>Peremith,</span> <span class='ocrx_word' id='word_1_224' title='bbox 1625 1121 1737 1191; x_wconf 82' lang='lat' dir='ltr'>alban</span> <span class='ocrx_word' id='word_1_225' title='bbox 1755 1121 1791 1186; x_wconf 86' lang='lat' dir='ltr'>et</span> <span class='ocrx_word' id='word_1_226' title='bbox 1813 1121 1983 1184; x_wconf 84' lang='lat' dir='ltr'>amictum</span> 
     </span>
     <span class='ocr_line' id='line_1_64' title="bbox 1168 1221 1424 1301; baseline -0.016 -13"><span class='ocrx_word' id='word_1_227' title='bbox 1168 1237 1229 1301; x_wconf 89' lang='lat' dir='ltr'>per</span> <span class='ocrx_word' id='word_1_228' title='bbox 1241 1221 1424 1288; x_wconf 76' lang='lat' dir='ltr'>biennium.</span> 
     </span>
    </p>

    <p class='ocr_par' dir='ltr' id='par_1_37' title="bbox 1169 1315 1977 1484">
     <span class='ocr_line' id='line_1_65' title="bbox 1208 1315 1977 1390; baseline -0.005 -8"><span class='ocrx_word' id='word_1_229' title='bbox 1208 1319 1358 1386; x_wconf 86' lang='lat' dir='ltr'>Ecclesia</span> <span class='ocrx_word' id='word_1_230' title='bbox 1373 1319 1505 1386; x_wconf 74' lang='lat' dir='ltr'>sanctes</span> <span class='ocrx_word' id='word_1_231' title='bbox 1519 1317 1637 1390; x_wconf 78' lang='lat' dir='ltr'>Marisa</span> <span class='ocrx_word' id='word_1_232' title='bbox 1655 1316 1691 1380; x_wconf 91' lang='lat' dir='ltr'>in</span> <span class='ocrx_word' id='word_1_233' title='bbox 1711 1315 1977 1390; x_wconf 83' lang='lat' dir='ltr'>Rechanburch,</span> 
     </span>
     <span class='ocr_line' id='line_1_66' title="bbox 1169 1416 1546 1484; baseline 0.011 -4"><span class='ocrx_word' id='word_1_234' title='bbox 1169 1431 1273 1480; x_wconf 89' lang='lat' dir='ltr'>unum</span> <span class='ocrx_word' id='word_1_235' title='bbox 1288 1416 1546 1484; x_wconf 80' lang='lat' dir='ltr'>marabotinum.</span> 
     </span>
    </p>

    <p class='ocr_par' dir='ltr' id='par_1_38' title="bbox 1170 1511 1978 1680">
     <span class='ocr_line' id='line_1_67' title="bbox 1209 1511 1978 1592; baseline -0.007 -14"><span class='ocrx_word' id='word_1_236' title='bbox 1209 1515 1359 1578; x_wconf 87' lang='lat' dir='ltr'>Ecclesia</span> <span class='ocrx_word' id='word_1_237' title='bbox 1375 1514 1489 1580; x_wconf 88' lang='lat' dir='ltr'>Sancti</span> <span class='ocrx_word' id='word_1_238' title='bbox 1505 1512 1740 1592; x_wconf 67' lang='grc'><strong>1111111</strong></span> <span class='ocrx_word' id='word_1_239' title='bbox 1761 1511 1978 1586; x_wconf 77' lang='lat' dir='ltr'>ascensore,</span> 
     </span>
     <span class='ocr_line' id='line_1_68' title="bbox 1170 1612 1547 1680; baseline -0.011 0"><span class='ocrx_word' id='word_1_240' title='bbox 1170 1629 1274 1680; x_wconf 89' lang='lat' dir='ltr'>unum</span> <span class='ocrx_word' id='word_1_241' title='bbox 1288 1612 1547 1676; x_wconf 83' lang='lat' dir='ltr'>marabutinum.</span> 
     </span>
    </p>

    <p class='ocr_par' dir='ltr' id='par_1_39' title="bbox 1169 1708 1980 1873">
     <span class='ocr_line' id='line_1_69' title="bbox 1209 1708 1980 1780; baseline -0.005 -6"><span class='ocrx_word' id='word_1_242' title='bbox 1209 1710 1449 1776; x_wconf 82' lang='lat' dir='ltr'>Monasterium</span> <span class='ocrx_word' id='word_1_243' title='bbox 1468 1709 1583 1774; x_wconf 87' lang='lat' dir='ltr'>Sancti</span> <span class='ocrx_word' id='word_1_244' title='bbox 1603 1708 1752 1780; x_wconf 80' lang='lat' dir='ltr'>Martini,</span> <span class='ocrx_word' id='word_1_245' title='bbox 1774 1725 1890 1772; x_wconf 89' lang='lat' dir='ltr'>unum</span> <span class='ocrx_word' id='word_1_246' title='bbox 1904 1723 1980 1770; x_wconf 85' lang='lat' dir='ltr'>rna·</span> 
     </span>
     <span class='ocr_line' id='line_1_70' title="bbox 1169 1809 1372 1873; baseline -0.01 0"><span class='ocrx_word' id='word_1_247' title='bbox 1169 1809 1372 1873; x_wconf 78' lang='lat' dir='ltr'>nebulinum.</span> 
     </span>
    </p>

    <p class='ocr_par' dir='ltr' id='par_1_40' title="bbox 1170 1903 1981 2068">
     <span class='ocr_line' id='line_1_71' title="bbox 1209 1903 1981 1986; baseline -0.005 -16"><span class='ocrx_word' id='word_1_248' title='bbox 1209 1907 1359 1972; x_wconf 87' lang='lat' dir='ltr'>Ecclesia</span> <span class='ocrx_word' id='word_1_249' title='bbox 1383 1904 1498 1970; x_wconf 85' lang='lat' dir='ltr'>Sancti</span> <span class='ocrx_word' id='word_1_250' title='bbox 1521 1903 1686 1986; x_wconf 79' lang='lat' dir='ltr'>iohannis</span> <span class='ocrx_word' id='word_1_251' title='bbox 1718 1905 1761 1968; x_wconf 88' lang='lat' dir='ltr'>de</span> <span class='ocrx_word' id='word_1_252' title='bbox 1786 1905 1981 1982; x_wconf 77' lang='lat' dir='ltr'>staengan,</span> 
     </span>
     <span class='ocr_line' id='line_1_72' title="bbox 1170 2003 1547 2068; baseline -0.005 -1"><span class='ocrx_word' id='word_1_253' title='bbox 1170 2021 1276 2068; x_wconf 88' lang='lat' dir='ltr'>unum</span> <span class='ocrx_word' id='word_1_254' title='bbox 1288 2003 1547 2067; x_wconf 80' lang='lat' dir='ltr'>marabotinum.</span> 
     </span>
    </p>

    <p class='ocr_par' dir='ltr' id='par_1_41' title="bbox 1211 2100 1901 2178">
     <span class='ocr_line' id='line_1_73' title="bbox 1211 2100 1901 2178; baseline -0.006 -12"><span class='ocrx_word' id='word_1_255' title='bbox 1211 2102 1455 2166; x_wconf 88' lang='lat' dir='ltr'>Monasterium</span> <span class='ocrx_word' id='word_1_256' title='bbox 1467 2101 1508 2166; x_wconf 88' lang='lat' dir='ltr'>ds</span> <span class='ocrx_word' id='word_1_257' title='bbox 1519 2100 1710 2178; x_wconf 77' lang='lat' dir='ltr'>hichingin,</span> <span class='ocrx_word' id='word_1_258' title='bbox 1723 2101 1743 2162; x_wconf 84' lang='lat'><strong>3</strong></span> <span class='ocrx_word' id='word_1_259' title='bbox 1757 2115 1901 2163; x_wconf 85' lang='lat' dir='ltr'>aureos.</span> 
     </span>
    </p>

    <p class='ocr_par' dir='ltr' id='par_1_42' title="bbox 1170 2198 1985 2460">
     <span class='ocr_line' id='line_1_74' title="bbox 1212 2198 1984 2279; baseline -0.003 -16"><span class='ocrx_word' id='word_1_260' title='bbox 1212 2203 1249 2264; x_wconf 91' lang='lat' dir='ltr'>ln</span> <span class='ocrx_word' id='word_1_261' title='bbox 1264 2199 1554 2279; x_wconf 85' lang='lat' dir='ltr'>archiepiscopatu</span> <span class='ocrx_word' id='word_1_262' title='bbox 1574 2198 1774 2263; x_wconf 74' lang='lat' dir='ltr'>Bisuntinoc</span> <span class='ocrx_word' id='word_1_263' title='bbox 1799 2199 1984 2262; x_wconf 85' lang='lat' dir='ltr'>Monaste-</span> 
     </span>
     <span class='ocr_line' id='line_1_75' title="bbox 1170 2295 1985 2373; baseline -0.005 -11"><span class='ocrx_word' id='word_1_264' title='bbox 1170 2297 1259 2364; x_wconf 82' lang='lat' dir='ltr'>rium</span> <span class='ocrx_word' id='word_1_265' title='bbox 1273 2299 1314 2364; x_wconf 91' lang='lat' dir='ltr'>de</span> <span class='ocrx_word' id='word_1_266' title='bbox 1329 2299 1460 2373; x_wconf 85' lang='lat' dir='ltr'>Lustra,</span> <span class='ocrx_word' id='word_1_267' title='bbox 1477 2299 1517 2364; x_wconf 90' lang='lat'>10</span> <span class='ocrx_word' id='word_1_268' title='bbox 1534 2297 1659 2362; x_wconf 90' lang='lat' dir='ltr'>solidos</span> <span class='ocrx_word' id='word_1_269' title='bbox 1681 2295 1881 2358; x_wconf 85' lang='lat' dir='ltr'>basiliensis</span> <span class='ocrx_word' id='word_1_270' title='bbox 1904 2312 1985 2358; x_wconf 88' lang='lat' dir='ltr'>mo-</span> 
     </span>
     <span class='ocr_line' id='line_1_76' title="bbox 1172 2396 1270 2460; baseline 0.02 -2"><span class='ocrx_word' id='word_1_271' title='bbox 1172 2396 1270 2460; x_wconf 75' lang='lat' dir='ltr'>neta.</span> 
     </span>
    </p>

    <p class='ocr_par' dir='ltr' id='par_1_43' title="bbox 1172 2489 1987 2769">
     <span class='ocr_line' id='line_1_77' title="bbox 1212 2489 1987 2558; baseline -0.006 0"><span class='ocrx_word' id='word_1_272' title='bbox 1212 2493 1361 2558; x_wconf 84' lang='lat' dir='ltr'>Ecclesia</span> <span class='ocrx_word' id='word_1_273' title='bbox 1376 2493 1506 2558; x_wconf 84' lang='lat' dir='ltr'>Sanctae</span> <span class='ocrx_word' id='word_1_274' title='bbox 1515 2490 1633 2556; x_wconf 85' lang='lat' dir='ltr'>Mariae</span> <span class='ocrx_word' id='word_1_275' title='bbox 1642 2489 1745 2554; x_wconf 86' lang='lat' dir='ltr'>castri</span> <span class='ocrx_word' id='word_1_276' title='bbox 1755 2490 1873 2552; x_wconf 79' lang='lat' dir='ltr'>carali</span> <span class='ocrx_word' id='word_1_277' title='bbox 1884 2489 1987 2553; x_wconf 87' lang='lat' dir='ltr'>dehet</span> 
     </span>
     <span class='ocr_line' id='line_1_78' title="bbox 1173 2587 1987 2670; baseline -0.002 -16"><span class='ocrx_word' id='word_1_278' title='bbox 1173 2591 1213 2654; x_wconf 90' lang='lat' dir='ltr'>de</span> <span class='ocrx_word' id='word_1_279' title='bbox 1228 2591 1401 2670; x_wconf 84' lang='lat' dir='ltr'>septennio</span> <span class='ocrx_word' id='word_1_280' title='bbox 1422 2591 1458 2656; x_wconf 92' lang='lat' dir='ltr'>in</span> <span class='ocrx_word' id='word_1_281' title='bbox 1478 2589 1688 2669; x_wconf 84' lang='lat' dir='ltr'>septennium</span> <span class='ocrx_word' id='word_1_282' title='bbox 1709 2587 1872 2652; x_wconf 85' lang='lat' dir='ltr'>101inras</span> <span class='ocrx_word' id='word_1_283' title='bbox 1894 2603 1987 2652; x_wconf 77' lang='lat' dir='ltr'>cera</span> 
     </span>
     <span class='ocr_line' id='line_1_79' title="bbox 1172 2705 1362 2769; baseline -0.016 -15"><span class='ocrx_word' id='word_1_284' title='bbox 1172 2706 1233 2769; x_wconf 87' lang='lat' dir='ltr'>pro</span> <span class='ocrx_word' id='word_1_285' title='bbox 1247 2705 1362 2754; x_wconf 86' lang='lat' dir='ltr'>censu.</span> 
     </span>
    </p>

    <p class='ocr_par' dir='ltr' id='par_1_44' title="bbox 1174 2783 1986 2959">
     <span class='ocr_line' id='line_1_80' title="bbox 1211 2783 1986 2866; baseline -0.004 -17"><span class='ocrx_word' id='word_1_286' title='bbox 1211 2791 1250 2850; x_wconf 93' lang='lat' dir='ltr'>ln</span> <span class='ocrx_word' id='word_1_287' title='bbox 1265 2786 1459 2866; x_wconf 87' lang='lat' dir='ltr'>episcopatu</span> <span class='ocrx_word' id='word_1_288' title='bbox 1482 2784 1660 2850; x_wconf 87' lang='lat' dir='ltr'>Basiliensi</span> <span class='ocrx_word' id='word_1_289' title='bbox 1674 2805 1683 2848; x_wconf 76' lang='lat' dir='ltr'>e</span> <span class='ocrx_word' id='word_1_290' title='bbox 1697 2783 1849 2848; x_wconf 85' lang='lat' dir='ltr'>Ecclesia</span> <span class='ocrx_word' id='word_1_291' title='bbox 1862 2785 1986 2846; x_wconf 86' lang='lat' dir='ltr'>Sancti</span> 
     </span>
     <span class='ocr_line' id='line_1_81' title="bbox 1174 2882 1664 2959; baseline -0.006 -11"><span class='ocrx_word' id='word_1_292' title='bbox 1174 2884 1275 2959; x_wconf 85' lang='lat' dir='ltr'>Petri,</span> <span class='ocrx_word' id='word_1_293' title='bbox 1292 2901 1395 2948; x_wconf 91' lang='lat' dir='ltr'>unum</span> <span class='ocrx_word' id='word_1_294' title='bbox 1407 2882 1664 2947; x_wconf 79' lang='lat' dir='ltr'>morabatinum.</span> 
     </span>
    </p>

    <p class='ocr_par' dir='ltr' id='par_1_45' title="bbox 1174 2978 1983 3145">
     <span class='ocr_line' id='line_1_82' title="bbox 1213 2978 1983 3058; baseline -0.008 -12"><span class='ocrx_word' id='word_1_295' title='bbox 1213 2982 1362 3046; x_wconf 79' lang='lat' dir='ltr'>Ecclesia</span> <span class='ocrx_word' id='word_1_296' title='bbox 1389 2981 1641 3058; x_wconf 85' lang='lat' dir='ltr'>Remongensis,</span> <span class='ocrx_word' id='word_1_297' title='bbox 1669 2979 1702 3044; x_wconf 88' lang='lat' dir='ltr'>et</span> <span class='ocrx_word' id='word_1_298' title='bbox 1721 2978 1763 3044; x_wconf 90' lang='lat' dir='ltr'>de</span> <span class='ocrx_word' id='word_1_299' title='bbox 1795 2979 1983 3052; x_wconf 87' lang='lat' dir='ltr'>Olimberc,</span> 
     </span>
     <span class='ocr_line' id='line_1_83' title="bbox 1174 3078 1670 3145; baseline -0.006 -3"><span class='ocrx_word' id='word_1_300' title='bbox 1174 3097 1277 3142; x_wconf 91' lang='lat' dir='ltr'>unum</span> <span class='ocrx_word' id='word_1_301' title='bbox 1289 3079 1472 3145; x_wconf 87' lang='lat' dir='ltr'>bizantium</span> <span class='ocrx_word' id='word_1_302' title='bbox 1486 3078 1670 3142; x_wconf 90' lang='lat' dir='ltr'>annuatim.</span> 
     </span>
    </p>

    <p class='ocr_par' dir='ltr' id='par_1_46' title="bbox 1175 3169 1986 3340">
     <span class='ocr_line' id='line_1_84' title="bbox 1215 3169 1986 3250; baseline -0.005 -10"><span class='ocrx_word' id='word_1_303' title='bbox 1215 3178 1455 3245; x_wconf 88' lang='lat' dir='ltr'>Monasterium</span> <span class='ocrx_word' id='word_1_304' title='bbox 1470 3176 1583 3240; x_wconf 87' lang='lat' dir='ltr'>Sancti</span> <span class='ocrx_word' id='word_1_305' title='bbox 1594 3169 1773 3250; x_wconf 85' lang='lat' dir='ltr'>Vincentii,</span> <span class='ocrx_word' id='word_1_306' title='bbox 1789 3191 1897 3238; x_wconf 90' lang='lat' dir='ltr'>unum</span> <span class='ocrx_word' id='word_1_307' title='bbox 1910 3189 1986 3237; x_wconf 88' lang='lat' dir='ltr'>ma-</span> 
     </span>
     <span class='ocr_line' id='line_1_85' title="bbox 1175 3274 1377 3340; baseline -0.01 0"><span class='ocrx_word' id='word_1_308' title='bbox 1175 3274 1377 3340; x_wconf 87' lang='lat' dir='ltr'>rabutinum.</span> 
     </span>
    </p>

    <p class='ocr_par' dir='ltr' id='par_1_47' title="bbox 1173 3370 1987 3552">
     <span class='ocr_line' id='line_1_86' title="bbox 1214 3370 1987 3444; baseline -0.005 -8"><span class='ocrx_word' id='word_1_309' title='bbox 1214 3370 1987 3444; x_wconf 74' lang='grc' dir='ltr'><strong>Μ11111111111811111011111,2111111111</strong></span> 
     </span>
     <span class='ocr_line' id='line_1_87' title="bbox 1173 3469 1985 3552; baseline -0.005 -18"><span class='ocrx_word' id='word_1_310' title='bbox 1173 3488 1233 3552; x_wconf 84' lang='lat' dir='ltr'>pro</span> <span class='ocrx_word' id='word_1_311' title='bbox 1247 3475 1340 3536; x_wconf 79' lang='lat' dir='ltr'>Rosa</span> <span class='ocrx_word' id='word_1_312' title='bbox 1354 3486 1466 3538; x_wconf 81' lang='lat' dir='ltr'>aurea</span> <span class='ocrx_word' id='word_1_313' title='bbox 1480 3470 1518 3532; x_wconf 88' lang='lat' dir='ltr'>in</span> <span class='ocrx_word' id='word_1_314' title='bbox 1534 3469 1672 3534; x_wconf 70' lang='lat' dir='ltr'>Latere</span> <span class='ocrx_word' id='word_1_315' title='bbox 1689 3472 1898 3542; x_wconf 78' lang='lat' dir='ltr'>Jerccsctem,</span> <span class='ocrx_word' id='word_1_316' title='bbox 1915 3469 1985 3532; x_wconf 90' lang='lat' dir='ltr'>etc.</span> 
     </span>
    </p>

    <p class='ocr_par' dir='ltr' id='par_1_48' title="bbox 1175 3565 1987 3738">
     <span class='ocr_line' id='line_1_88' title="bbox 1215 3565 1987 3648; baseline -0.006 -16"><span class='ocrx_word' id='word_1_317' title='bbox 1215 3572 1252 3632; x_wconf 91' lang='lat' dir='ltr'>ln</span> <span class='ocrx_word' id='word_1_318' title='bbox 1268 3569 1461 3648; x_wconf 89' lang='lat' dir='ltr'>episcopatu</span> <span class='ocrx_word' id='word_1_319' title='bbox 1483 3566 1691 3630; x_wconf 86' lang='lat' dir='ltr'>Lausanensi</span> <span class='ocrx_word' id='word_1_320' title='bbox 1707 3582 1715 3624; x_wconf 91' lang='lat'><strong>:</strong></span> <span class='ocrx_word' id='word_1_321' title='bbox 1731 3565 1884 3630; x_wconf 84' lang='lat' dir='ltr'>Ecclesia</span> <span class='ocrx_word' id='word_1_322' title='bbox 1907 3568 1987 3644; x_wconf 81' lang='lat' dir='ltr'>Hy-</span> 
     </span>
     <span class='ocr_line' id='line_1_89' title="bbox 1175 3665 1740 3738; baseline -0.005 -9"><span class='ocrx_word' id='word_1_323' title='bbox 1175 3667 1349 3738; x_wconf 86' lang='lat' dir='ltr'>larcensis,</span> <span class='ocrx_word' id='word_1_324' title='bbox 1365 3683 1467 3728; x_wconf 89' lang='lat' dir='ltr'>unum</span> <span class='ocrx_word' id='word_1_325' title='bbox 1481 3665 1740 3728; x_wconf 82' lang='lat' dir='ltr'>marabutinum.</span> 
     </span>
    </p>

    <p class='ocr_par' dir='ltr' id='par_1_49' title="bbox 1174 3759 1984 3926">
     <span class='ocr_line' id='line_1_90' title="bbox 1215 3759 1984 3834; baseline -0.012 -4"><span class='ocrx_word' id='word_1_326' title='bbox 1215 3765 1365 3831; x_wconf 88' lang='lat' dir='ltr'>Ecclesia</span> <span class='ocrx_word' id='word_1_327' title='bbox 1393 3763 1524 3828; x_wconf 86' lang='lat' dir='ltr'>Sanctae</span> <span class='ocrx_word' id='word_1_328' title='bbox 1552 3762 1669 3828; x_wconf 85' lang='lat' dir='ltr'>Mariae</span> <span class='ocrx_word' id='word_1_329' title='bbox 1689 3759 1984 3834; x_wconf 75' lang='lat' dir='ltr'>paterniacensis,</span> 
     </span>
     <span class='ocr_line' id='line_1_91' title="bbox 1174 3863 1345 3926; baseline -0.012 0"><span class='ocrx_word' id='word_1_330' title='bbox 1174 3865 1195 3926; x_wconf 82' lang='grc'>2</span> <span class='ocrx_word' id='word_1_331' title='bbox 1210 3863 1345 3926; x_wconf 91' lang='lat' dir='ltr'>solidos.</span> 
     </span>
    </p>

    <p class='ocr_par' dir='ltr' id='par_1_50' title="bbox 1215 3956 1648 4040">
     <span class='ocr_line' id='line_1_92' title="bbox 1215 3956 1648 4040; baseline -0.009 -16"><span class='ocrx_word' id='word_1_332' title='bbox 1215 3964 1254 4024; x_wconf 91' lang='lat' dir='ltr'>In</span> <span class='ocrx_word' id='word_1_333' title='bbox 1267 3959 1461 4040; x_wconf 89' lang='lat' dir='ltr'>episcopatu</span> <span class='ocrx_word' id='word_1_334' title='bbox 1471 3956 1648 4022; x_wconf 89' lang='lat' dir='ltr'>Belicensi.</span> 
     </span>
    </p>

    <p class='ocr_par' dir='ltr' id='par_1_51' title="bbox 1175 4051 1987 4328">
     <span class='ocr_line' id='line_1_93' title="bbox 1217 4051 1986 4136; baseline -0.01 -14"><span class='ocrx_word' id='word_1_335' title='bbox 1217 4062 1255 4122; x_wconf 93' lang='lat' dir='ltr'>ln</span> <span class='ocrx_word' id='word_1_336' title='bbox 1290 4057 1482 4136; x_wconf 85' lang='lat' dir='ltr'>episcopatu</span> <span class='ocrx_word' id='word_1_337' title='bbox 1520 4052 1750 4119; x_wconf 87' lang='lat' dir='ltr'>Ebredunensi</span> <span class='ocrx_word' id='word_1_338' title='bbox 1776 4070 1786 4115; x_wconf 79' lang='lat' dir='ltr'><strong><em>z</em></strong></span> <span class='ocrx_word' id='word_1_339' title='bbox 1825 4051 1986 4116; x_wconf 87' lang='lat' dir='ltr'>Ecclesia</span> 
     </span>
     <span class='ocr_line' id='line_1_94' title="bbox 1175 4151 1987 4234; baseline -0.01 -14"><span class='ocrx_word' id='word_1_340' title='bbox 1175 4155 1378 4221; x_wconf 77' lang='lat' dir='ltr'>crossiensis</span> <span class='ocrx_word' id='word_1_341' title='bbox 1388 4155 1487 4234; x_wconf 82' lang='lat' dir='ltr'>juxta</span> <span class='ocrx_word' id='word_1_342' title='bbox 1499 4157 1657 4231; x_wconf 81' lang='lat' dir='ltr'>Burgum,</span> <span class='ocrx_word' id='word_1_343' title='bbox 1675 4153 1732 4232; x_wconf 86' lang='lat' dir='ltr'>qui</span> <span class='ocrx_word' id='word_1_344' title='bbox 1747 4151 1888 4216; x_wconf 79' lang='lat' dir='ltr'>vocatur</span> <span class='ocrx_word' id='word_1_345' title='bbox 1899 4151 1987 4214; x_wconf 83' lang='lat' dir='ltr'>Mal-</span> 
     </span>
     <span class='ocr_line' id='line_1_95' title="bbox 1175 4252 1679 4328; baseline -0.016 -8"><span class='ocrx_word' id='word_1_346' title='bbox 1175 4255 1287 4328; x_wconf 89' lang='lat' dir='ltr'>turtel,</span> <span class='ocrx_word' id='word_1_347' title='bbox 1302 4269 1405 4316; x_wconf 89' lang='lat' dir='ltr'>unum</span> <span class='ocrx_word' id='word_1_348' title='bbox 1420 4252 1679 4316; x_wconf 84' lang='lat' dir='ltr'>marabutinum.</span> 
     </span>
    </p>

    <p class='ocr_par' dir='ltr' id='par_1_52' title="bbox 1215 4349 1645 4431">
     <span class='ocr_line' id='line_1_96' title="bbox 1215 4349 1645 4431; baseline -0.014 -15"><span class='ocrx_word' id='word_1_349' title='bbox 1215 4356 1253 4416; x_wconf 89' lang='lat' dir='ltr'>In</span> <span class='ocrx_word' id='word_1_350' title='bbox 1268 4351 1460 4431; x_wconf 87' lang='lat' dir='ltr'>episcopatu</span> <span class='ocrx_word' id='word_1_351' title='bbox 1474 4349 1645 4427; x_wconf 85' lang='lat' dir='ltr'>nigneusi.</span> 
     </span>
    </p>

    <p class='ocr_par' dir='ltr' id='par_1_53' title="bbox 1215 4436 1630 4527">
     <span class='ocr_line' id='line_1_97' title="bbox 1215 4436 1630 4527; baseline -0.014 -14"><span class='ocrx_word' id='word_1_352' title='bbox 1215 4453 1254 4513; x_wconf 95' lang='lat' dir='ltr'>In</span> <span class='ocrx_word' id='word_1_353' title='bbox 1268 4436 1461 4527; x_wconf 82' lang='lat' dir='ltr'>episcopatu</span> <span class='ocrx_word' id='word_1_354' title='bbox 1474 4447 1630 4510; x_wconf 90' lang='lat' dir='ltr'>Nitiensi.</span> 
     </span>
    </p>

    <p class='ocr_par' dir='ltr' id='par_1_54' title="bbox 1176 4540 1985 4710">
     <span class='ocr_line' id='line_1_98' title="bbox 1215 4540 1985 4626; baseline -0.009 -16"><span class='ocrx_word' id='word_1_355' title='bbox 1215 4551 1253 4610; x_wconf 92' lang='lat' dir='ltr'>In</span> <span class='ocrx_word' id='word_1_356' title='bbox 1268 4547 1459 4626; x_wconf 86' lang='lat' dir='ltr'>episcopatu</span> <span class='ocrx_word' id='word_1_357' title='bbox 1472 4545 1711 4623; x_wconf 70' lang='lat' dir='ltr'>auhmistans,</span> <span class='ocrx_word' id='word_1_358' title='bbox 1730 4540 1786 4622; x_wconf 83' lang='lat' dir='ltr'>qui</span> <span class='ocrx_word' id='word_1_359' title='bbox 1811 4542 1985 4605; x_wconf 73' lang='grc'><strong>11113111-</strong></span> 
     </span>
     <span class='ocr_line' id='line_1_99' title="bbox 1176 4646 1295 4710; baseline 0 0"><span class='ocrx_word' id='word_1_360' title='bbox 1176 4646 1295 4710; x_wconf 84' lang='lat' dir='ltr'>sensis.</span> 
     </span>
    </p>

    <p class='ocr_par' dir='ltr' id='par_1_55' title="bbox 1215 4740 1703 4823">
     <span class='ocr_line' id='line_1_100' title="bbox 1215 4740 1703 4823; baseline -0.008 -13"><span class='ocrx_word' id='word_1_361' title='bbox 1215 4749 1254 4813; x_wconf 90' lang='lat' dir='ltr'>ln</span> <span class='ocrx_word' id='word_1_362' title='bbox 1267 4743 1462 4823; x_wconf 89' lang='lat' dir='ltr'>episcopatu</span> <span class='ocrx_word' id='word_1_363' title='bbox 1476 4740 1703 4806; x_wconf 80' lang='lat' dir='ltr'>clancetensi.</span> 
     </span>
    </p>

    <p class='ocr_par' dir='ltr' id='par_1_56' title="bbox 1217 4839 1668 4922">
     <span class='ocr_line' id='line_1_101' title="bbox 1217 4839 1668 4922; baseline -0.016 -13"><span class='ocrx_word' id='word_1_364' title='bbox 1217 4846 1255 4909; x_wconf 89' lang='lat' dir='ltr'>In</span> <span class='ocrx_word' id='word_1_365' title='bbox 1269 4842 1462 4922; x_wconf 89' lang='lat' dir='ltr'>episcopatu</span> <span class='ocrx_word' id='word_1_366' title='bbox 1477 4839 1668 4908; x_wconf 81' lang='lat' dir='ltr'>senecensi.</span> 
     </span>
    </p>

    <p class='ocr_par' dir='ltr' id='par_1_57' title="bbox 1216 4938 1656 5020">
     <span class='ocr_line' id='line_1_102' title="bbox 1216 4938 1656 5020; baseline -0.018 -10"><span class='ocrx_word' id='word_1_367' title='bbox 1216 4944 1254 5010; x_wconf 90' lang='lat' dir='ltr'>Iu</span> <span class='ocrx_word' id='word_1_368' title='bbox 1267 4940 1460 5020; x_wconf 87' lang='lat' dir='ltr'>episcopatu</span> <span class='ocrx_word' id='word_1_369' title='bbox 1470 4938 1656 5007; x_wconf 83' lang='lat' dir='ltr'>Ventiensi.</span> 
     </span>
    </p>
   </div>
   <div class='ocr_carea' id='block_1_10' title="bbox 1414 5153 1740 5217">
    <p class='ocr_par' dir='ltr' id='par_1_58' title="bbox 1414 5153 1740 5217">
     <span class='ocr_line' id='line_1_103' title="bbox 1414 5153 1740 5217; baseline -0.012 -1"><span class='ocrx_word' id='word_1_370' title='bbox 1414 5153 1740 5217; x_wconf 77' lang='lat' dir='ltr'><em>PROVINCIA.</em></span> 
     </span>
    </p>
   </div>
   <div class='ocr_carea' id='block_1_11' title="bbox 1178 5328 1982 5608">
    <p class='ocr_par' dir='ltr' id='par_1_59' title="bbox 1178 5328 1982 5608">
     <span class='ocr_line' id='line_1_104' title="bbox 1218 5328 1982 5410; baseline -0.009 -13"><span class='ocrx_word' id='word_1_371' title='bbox 1218 5337 1256 5397; x_wconf 93' lang='lat' dir='ltr'>In</span> <span class='ocrx_word' id='word_1_372' title='bbox 1277 5330 1567 5410; x_wconf 88' lang='lat' dir='ltr'>archiepiscopatu</span> <span class='ocrx_word' id='word_1_373' title='bbox 1592 5329 1740 5408; x_wconf 78' lang='lat' dir='ltr'>aquensi</span> <span class='ocrx_word' id='word_1_374' title='bbox 1760 5347 1769 5392; x_wconf 70' lang='grc' dir='ltr'><em>ε</em></span> <span class='ocrx_word' id='word_1_375' title='bbox 1795 5328 1918 5390; x_wconf 88' lang='lat' dir='ltr'>Petrus</span> <span class='ocrx_word' id='word_1_376' title='bbox 1939 5329 1982 5391; x_wconf 90' lang='lat' dir='ltr'>de</span> 
     </span>
     <span class='ocr_line' id='line_1_105' title="bbox 1178 5426 1755 5504; baseline -0.016 -9"><span class='ocrx_word' id='word_1_377' title='bbox 1178 5431 1362 5504; x_wconf 88' lang='lat' dir='ltr'>Lambisco,</span> <span class='ocrx_word' id='word_1_378' title='bbox 1379 5446 1482 5491; x_wconf 91' lang='lat' dir='ltr'>unum</span> <span class='ocrx_word' id='word_1_379' title='bbox 1497 5426 1755 5491; x_wconf 84' lang='lat' dir='ltr'>marabutinum.</span> 
     </span>
     <span class='ocr_line' id='line_1_106' title="bbox 1218 5521 1978 5608; baseline -0.016 -12"><span class='ocrx_word' id='word_1_380' title='bbox 1218 5528 1391 5608; x_wconf 85' lang='lat' dir='ltr'>Hospitale</span> <span class='ocrx_word' id='word_1_381' title='bbox 1405 5526 1576 5600; x_wconf 86' lang='lat' dir='ltr'>Delsuath,</span> <span class='ocrx_word' id='word_1_382' title='bbox 1598 5541 1701 5588; x_wconf 90' lang='lat' dir='ltr'>unum</span> <span class='ocrx_word' id='word_1_383' title='bbox 1718 5521 1978 5586; x_wconf 88' lang='lat' dir='ltr'>marabutiuum.</span> 
     </span>
    </p>
   </div>
   <div class='ocr_carea' id='block_1_12' title="bbox 1218 5621 1879 5698">
    <p class='ocr_par' dir='ltr' id='par_1_60' title="bbox 1218 5621 1879 5698">
     <span class='ocr_line' id='line_1_107' title="bbox 1218 5621 1879 5698; baseline -0.009 -8"><span class='ocrx_word' id='word_1_384' title='bbox 1218 5626 1456 5690; x_wconf 87' lang='lat' dir='ltr'>Monasterium</span> <span class='ocrx_word' id='word_1_385' title='bbox 1470 5625 1509 5688; x_wconf 90' lang='lat' dir='ltr'>de</span> <span class='ocrx_word' id='word_1_386' title='bbox 1523 5625 1687 5698; x_wconf 85' lang='lat' dir='ltr'>Sordunh,</span> <span class='ocrx_word' id='word_1_387' title='bbox 1707 5623 1727 5686; x_wconf 79' lang='grc'><strong>5</strong></span> <span class='ocrx_word' id='word_1_388' title='bbox 1742 5621 1879 5686; x_wconf 91' lang='lat' dir='ltr'>solidos.</span> 
     </span>
    </p>
   </div>
   <div class='ocr_carea' id='block_1_13' title="bbox 0 0 2058 6436">
    <p class='ocr_par' dir='ltr' id='par_1_61' title="bbox 0 0 2058 6436">
     <span class='ocr_line' id='line_1_108' title="bbox 0 0 2058 6436; baseline 0 0"><span class='ocrx_word' id='word_1_389' title='bbox 0 0 2058 6436; x_wconf 95' lang='lat' dir='ltr'> </span> 
     </span>
    </p>
   </div>
  </div>
 </body>
</html>
