4090 6426
316 307 377 367 339
929 315 1105 379 HONORII
1127 319 1173 381 111
1194 319 1342 384 oratii.
1904 326 1968 386 340
2029 266 2030 328 1

318 467 536 531 nihilominus
548 471 716 537 fatebatur
730 474 816 566 quod
837 491 1008 554 nunquam
1020 477 1113 539 illam
1167 498 1307 558 quorum
1333 496 1434 543 manu
1453 483 1645 560 juramento
1673 481 1894 555 firmantibus,
1930 501 1968 544 se

319 569 530 643 cognoverat,
547 569 625 633 licet
647 571 688 632 ad
703 575 776 650 ejus
803 572 996 651 obsequium
1012 589 1047 636 se
1062 575 1115 637 la·
1167 579 1357 656 nequivisse
1366 578 1772 654 carnalitercoinmisceri,
1785 581 1969 658 proferatis

319 663 416 724 cilem
440 665 630 730 exhibuerit
648 669 682 730 et
695 673 858 746 paratam,
878 671 934 732 sed
951 672 1114 734 tamense
1168 675 1302 738 divortii
1325 676 1522 738 sententiam
1535 677 1701 738 intereos.

320 758 443 823 habere
457 765 638 839 potentiam
650 768 870 842 cognoscendi
884 769 968 830 alias
983 784 1115 832 assere-

319 855 387 919 bat.
419 862 488 921 Vos
510 877 589 923 vero
616 879 657 924 ne
678 864 711 924 id
735 864 819 926 forte
846 866 1058 929 confiteretur
1078 867 1114 927 in
1618 898 1620 904 ·

320 953 518 1031 fraudem,a
544 961 710 1022 matronis
727 961 821 1023 bonae
848 964 1025 1041 opinionis
1049 963 1115 1024 side
1416 915 1628 1005 TITULUS
1652 916 1715 1004 ΠΙ

321 1052 430 1129 dignis
456 1071 495 1116 ac
524 1059 669 1135 expertis
693 1059 851 1136 inopere
875 1061 1027 1139 nuptiali,
1045 1061 1117 1121 dic-

319 1149 388 1210 tam
409 1151 533 1214 lecistis
553 1155 673 1232 inspici
692 1157 886 1227 mulierem,
914 1175 988 1236 quae
1002 1158 1117 1235 parhi-

320 1246 464 1312 huerunt
488 1253 713 1314 testimonium
742 1255 847 1331 ipsam
870 1256 978 1316 adhuc
1010 1256 1117 1331 virgi·
1170 1273 1317 1336 Xapton,
1329 1267 1414 1344 (atel
1424 1273 1589 1334 Lepva,
1606 1270 1654 1352 (b)
1670 1277 1772 1348 episc,
1789 1275 1824 1336 et
1836 1277 1969 1335 Mearm

321 1359 396 1406 nem
418 1364 613 1424 permanere
628 1371 635 1410 :
652 1351 859 1427 postmodum
873 1369 932 1429 per
946 1351 1118 1429 presbyte·
1494 1373 1644 1446 Buram,

321 1457 406 1515 runi,
421 1445 463 1505 de
476 1449 570 1525 cujus
594 1447 752 1524 parochia
766 1450 820 1511 vir
838 1450 1014 1527 praedictus
1030 1449 1118 1510 exti-

321 1540 371 1612 tit,
405 1540 531 1604 fecistis
560 1544 736 1620 diligenter
763 1547 900 1623 inquiri,
930 1549 1039 1608 utrum
1065 1546 1118 1608 vir
1476 1593 1647 1655 CAPUTI

321 1636 393 1713 ipse
406 1638 551 1716 aliquam
574 1643 793 1717 cognovisset,
817 1660 877 1704 nec
890 1661 950 1722 per
969 1643 1116 1720 inquisi-
1649 1638 1657 1653 ⁰

322 1733 446 1796 tionem
458 1737 565 1814 ipsam
579 1738 673 1801 vobis
684 1741 836 1802 constare
851 1741 958 1818 potuit
972 1741 1117 1819 aliquam
1212 1735 1521 1797 Revereudissimus
1546 1735 1581 1796 in
1612 1734 1743 1797 Christo
1758 1734 1847 1796 tilius
1872 1751 1906 1795 n.
1928 1738 1967 1796 Η.

323 1848 397 1894 esse
421 1835 600 1896 carnaliter
621 1837 787 1913 cognitam
812 1838 853 1898 ab
880 1839 1005 1899 eodem.
1034 1838 1117 1914 Ipsis
1172 1848 1234 1894 rex
1264 1832 1446 1908 anglorum
1470 1832 1611 1894 illustris
1646 1833 1726 1894 olim
1752 1831 1847 1894 nobis
1873 1849 1969 1893 suam

323 1930 433 1990 autem
443 1931 515 1992 viro
526 1934 559 1994 et
573 1935 712 1995 muliere
723 1934 914 2012 frequenter
929 1950 1119 2012 comparen·
1173 1930 1418 2007 querimoniam
1429 1930 1617 2003 destinavit,
1633 1931 1834 2008 quodquam
1844 1930 1970 1992 nobilis

322 2025 410 2088 libus
439 2045 550 2091 coram
588 2031 693 2104 vobis,
723 2047 762 2094 ac
788 2033 928 2094 muliere
954 2033 1119 2094 instanter
1172 2027 1225 2088 vir
1246 2024 1301 2106 Ι(ο)
1326 2029 1421 2103 Hugo
1446 2027 1485 2087 de
1512 2028 1708 2100 Lesiniano,
1741 2043 1850 2088 comes
1878 2029 1972 2087 Mar-

323 2123 500 2188 divortium
513 2129 702 2205 requirente
718 2131 750 2192 et
762 2129 903 2202 dicente,
914 2130 1000 2208 quod
1013 2130 1120 2192 mater
1173 2124 1268 2198 chiae,
1286 2124 1614 2202 qnondamjurasset,
1625 2125 1711 2202 quod
1718 2140 1866 2186 ⁸01'01'01ss
1874 2141 1970 2185 suam

322 2237 396 2283 esse
410 2224 551 2298 volebat,
569 2229 601 2288 et
623 2227 709 2289 illios
728 2244 905 2306 procreare
930 2251 937 2290 :
963 2229 1035 2290 viro
1058 2244 1121 2288 au·
1174 2223 1348 2300 quamcito
1363 2222 1486 2284 nubilis
1501 2225 1599 2296 esset,
1616 2223 1751 2284 duceret
1764 2223 1799 2283 iii
1816 2239 1968 2295 uxorem,

324 2319 389 2381 tem
405 2321 533 2384 dicente
549 2325 635 2400 quod
647 2327 784 2402 paratus
798 2327 870 2387 erat
895 2327 984 2387 stare
1009 2325 1120 2387 consi·
1174 2337 1213 2382 ac
1239 2321 1372 2382 interim
1399 2321 1567 2382 civitatem
1597 2321 1741 2382 Xanton.
1767 2321 1799 2382 et
1823 2321 1969 2382 insulam

325 2417 370 2479 lio
387 2420 1117 2501 etvoluntatiEcclesiae,injunxistiseisdem,
1174 2418 1336 2490 Oleronis,
1361 2435 1436 2479 cum
1466 2417 1543 2479 aliis
1577 2418 1677 2480 terris
1705 2419 1738 2479 et
1772 2417 1970 2490 redditibus,

324 2516 360 2575 ut
372 2515 543 2580 humiliter
563 2520 751 2599 reciperent
765 2522 797 2583 et
816 2522 953 2597 agerent
968 2521 1120 2598 peniten-
1175 2533 1256 2594 quos
1280 2517 1379 2577 clarae
1395 2516 1562 2577 memoriae
1576 2519 1594 2578 J
1598 2561 1618 2590 .,
1635 2532 1697 2577 rex
1710 2515 1850 2592 Angliae,
1875 2517 1971 2593 pater

323 2613 405 2674 tiam
416 2615 455 2676 de
465 2617 661 2691 commissis,
678 2620 707 2678 si
722 2617 807 2680 forte
818 2619 967 2696 placeret
977 2617 1120 2694 Deo,qui
1175 2618 1246 2692 ejus
1262 2631 1336 2675 cum
1349 2629 1389 2675 ea
1411 2614 1475 2675 sibi
1489 2614 1682 2687 tradiderat,
1704 2601 1846 2676 fideliter
1858 2615 1972 2676 custo-

324 2713 528 2774 matrimonii
546 2713 608 2776 luit
618 2716 786 2777 institutor
798 2718 831 2777 et
845 2717 972 2791 auctor,
988 2718 1023 2778 ut
1038 2731 1120 2792 opus
1175 2713 1271 2782 diret,
1285 2727 1503 2790 necunquam
1523 2711 1648 2789 aliquid
1663 2711 1797 2784 iaceret,
1812 2727 1872 2789 per
1884 2711 1970 2788 quod

324 2803 528 2872 matrimonii
546 2815 823 2886 consummarent,
840 2815 896 2891 qui
920 2815 994 2892 post
1008 2813 1120 2890 plures
1174 2811 1286 2886 posset
1300 2807 1491 2887 hujusmodi
1508 2809 1754 2882 matrimonium
1770 2808 1969 2884 disturbari;

322 2905 482 2968 terminos
495 2909 536 2969 ad
552 2911 825 2971 commanendum
841 2910 905 2972 sibi
921 2927 939 2970 a
956 2909 1050 2972 vobis
1064 2909 1121 2969 iii-
1174 2906 1262 2968 idem
1273 2908 1388 2969 contra
1404 2923 1510 2980 suum,
1528 2907 1712 2969 etaliorum
1726 2907 1782 2984 qui
1801 2906 1971 2983 superhoc

325 3003 445 3076 dultos,
460 3005 501 3066 ad
516 3007 660 3068 vestram
672 3009 800 3069 reversi
814 3009 1026 3085 praesentiam
1041 3022 1122 3069 coii-
1171 3006 1379 3081 juraverant,
1402 3005 1539 3066 veniens
1561 3005 1799 3082 juramentum,
1826 3001 1876 3084 (d)
1891 3019 1968 3064 ma-

326 3115 408 3162 sona
428 3118 509 3164 voce
525 3103 691 3176 dixerunt,
706 3105 792 3182 quod
803 3121 870 3166 non
885 3105 1038 3183 poteraut
1052 3121 1122 3166 car·
1174 3103 1258 3164 trem
1272 3102 1419 3180 praeiatae
1434 3105 1477 3177 h,
1492 3101 1816 3181 quondamreginam
1826 3101 1968 3178 Angliae,

326 3198 447 3260 naliter
468 3201 687 3272 commisceri,
708 3202 948 3279 propterquod
976 3202 1015 3263 de
1031 3202 1123 3280 ipso-
1175 3217 1248 3277 quae
1272 3199 1482 3278 sponsalibus
1510 3199 1688 3262 contractis
1704 3199 1792 3260 inter
1814 3213 1872 3260 eos
1891 3214 1972 3260 con-

325 3311 571 3359 rumconsensu
584 3314 720 3359 causam
730 3298 920 3378 hujusmodi
933 3299 1121 3376 apostolico
1175 3299 1336 3371 senserat,
1351 3297 1414 3358 sibi
1430 3297 1516 3360 sicut
1529 3297 1603 3359 fleri
1615 3297 1721 3375 potuit
1735 3296 1970 3358 matrimonia-

326 3393 469 3455 duxistis
485 3395 613 3472 judicio
639 3396 902 3474 relinquendam.
920 3397 1013 3459 Unde
1027 3396 1121 3460 vobis
1175 3394 1251 3457 liter
1261 3394 1438 3472 copulavit,
1451 3393 1856 3471 nihilominuspraelatam,
1867 3393 1970 3455 tiliam

326 3490 446 3553 iterato
468 3509 527 3569 per
550 3493 739 3571 apostolica
764 3495 887 3572 scripta
911 3495 1118 3568 mandamus,
1175 3495 1248 3570 ejus
1263 3509 1338 3555 cuin
1361 3493 1495 3554 civitate
1510 3491 1672 3566 detinens,
1694 3507 1733 3553 ac
1752 3490 1829 3554 aliis
1850 3507 1971 3568 supra-

327 3590 542 3665 quatenus,si
557 3591 704 3653 recolitis
719 3608 789 3654 rem
811 3593 922 3655 taliter
936 3592 1119 3666 sehabere,
1176 3590 1296 3652 dictiat
1321 3589 1407 3652 unde
1435 3606 1495 3652 nos
1524 3589 1590 3667 ipsi
1615 3589 1728 3652 comiti
1757 3589 1907 3650 dedimus
1936 3589 1970 3649 in

326 3686 457 3748 etvobis
470 3689 627 3761 constitit,
639 3690 692 3750 vel
701 3690 809 3751 adhuc
822 3691 1018 3763 constiterit,
1029 3707 1121 3768 prae-
1175 3688 1361 3766 preceptis,
1384 3687 1620 3749 utrestitueret
1634 3685 1699 3764 ipsi
1721 3687 1794 3762 regi
1821 3701 1969 3748 sororem

325 3782 412 3845 latos
439 3785 548 3846 virum
575 3787 608 3848 et
636 3787 809 3848 mulierem
828 3787 914 3849 insra
945 3787 1121 3864 praedictos
1176 3801 1270 3847 suam
1283 3801 1357 3846 cum
1369 3785 1513 3854 civitate,
1526 3799 1565 3846 ac
1575 3783 1651 3845 aliis
1663 3784 1873 3860 supradictis,
1891 3799 1969 3844 nec-

327 3883 400 3944 octo
414 3899 518 3946 annos
534 3900 593 3962 per
610 3885 803 3946 continuum
825 3885 1006 3946 triennium
1032 3885 1120 3946 insi·
1175 3899 1242 3945 uon
1258 3899 1332 3944 cum
1350 3881 1512 3944 fructibus
1536 3898 1618 3958 quos
1633 3883 1826 3959 perceperat
1846 3897 1890 3942 ex
1903 3883 1972 3944 eis·

327 3980 395 4040 mul
417 3981 597 4054 habitasse,
623 3982 705 4059 ipsis
725 3997 800 4043 cum
819 3983 958 4058 septima
980 3981 1120 4060 propin·
1175 3979 1276 4062 dem(
1296 3978 1323 4060 ).

1169 1135 1214 1182 DE
1234 1135 1321 1182 DOTE
1342 1135 1424 1183 POST
1438 1135 1625 1182 alvearium
1648 1133 1884 1182 Rusriruaiviia
1907 1119 1966 1200 (1).

327 4225 356 4274 a
364 4145 405 4274 lt)
412 4149 462 4275 133
471 4148 635 4276 illisit
650 4148 996 4277 ‘atrocitati
1012 4149 1119 4221 ''rim'’
1194 4149 1251 4277 tl
1262 4149 1449 4278 1313ng
1450 4149 1540 4278 iiii
1554 4147 1891 4277 {sarmatiam
1902 4149 1969 4276 iit

344 4287 406 4371 ,(α)
426 4289 562 4372 Episcopo
579 4237 764 4348 Xoiitoneoasi.
790 4291 836 4348 Sic
864 4263 1028 4363 legendum,
1045 4291 1120 4352 Hen·
1174 4236 1310 4373 gerones,
1333 4305 1383 4347 rex
1402 4261 1524 4364 h’nglia,
1538 4288 1657 4374 duxerat
1668 4233 1809 4371 uiioigom,¹
1823 4233 1968 4347 celebrato

327 4373 398 4427 rico,
411 4359 446 4416 39
461 4375 605 4434 episcopo.
1176 4361 1296 4419 divortio
1308 4363 1382 4418 iut'er
1396 4376 1472 4429 eum,
1486 4369 1516 4417 et
1531 4362 1696 4426 llauvisam‚
1713 4363 1826 4417 comitis
1848 4360 1965 4417 Glovcr·

365 4430 404 4503 (d)
420 4431 606 4488 lemovicensi
623 4431 758 4502 episcopo.
778 4431 879 4488 loanni
894 4429 930 4488 de
945 4432 1060 4504 Veyiat,
1076 4432 1121 4488 vel
1176 4435 1231 4490 nie
1251 4431 1349 4500 tiliam,
1363 4445 1398 4488 eo
1419 4431 1493 4504 quod
1510 4429 1610 4488 affines
1622 4438 1733 4501 essent;
1749 4437 1877 4501 atquem
1892 4429 1968 4486 idem

327 4501 431 4568 Verso,
459 4502 494 4558 55
513 4503 658 4574 episcopo,
682 4508 819 4558 vexatos
844 4515 914 4574 rege
928 4503 1050 4575 anglia,
1076 4502 1122 4560 vel
1175 4517 1273 4560 coines
1282 4503 1710 4575 Hugo,cognomentossrunus,
1724 4515 1822 4558 comes
1835 4500 1970 4558 blacchia

328 4571 473 4628 Bernardo
488 4573 523 4630 de
548 4575 672 4639 Faveria,
699 4586 751 4628 seii
772 4572 898 4642 Savaria,
911 4573 947 4632 56
975 4573 1119 4700 episcopo.
1176 4588 1226 4646 por
1252 4573 1338 4632 verba
1356 4572 1391 4630 de
1407 4573 1540 4646 presenti
1566 4571 1596 4628 in
1619 4587 1701 4630 suain
1716 4578 1874 4643 receperat,
1891 4579 1968 4628 antc-

363 4641 401 4716 (ιτ)
422 4643 502 4713 liupo
521 4642 726 4710 deleriiiiaoo,
747 4657 835 4698 comcs
849 4643 993 4700 Marciis.
1010 4645 1063 4701 llic
1087 4659 1119 4699 o·
1175 4659 1262 4716 quam
1272 4643 1334 4717 regi
1349 4644 1508 4717 anglorum
1532 4641 1762 4716 desponsaretur,
1797 4643 1843 4700 cui
1870 4649 1969 4713 postea

328 4727 380 4770 ciis
406 4721 449 4770 est
468 4712 633 4786 singularis,
661 4713 744 4784 plene
767 4713 843 4769 enlm
869 4712 1016 4771 historiam
1039 4713 1122 4771 nobis
1177 4715 1231 4772 hac
1249 4713 1285 4771 de
1306 4728 1392 4771 caiisa
1413 4712 1465 4771 liiii
1489 4713 1617 4796 publicus
1632 4713 1775 4783 inimicas,
1791 4718 1821 4770 ut
1844 4711 1971 4769 reserarit

316 4784 443 4841 exhibet
457 4783 492 4841 de
507 4782 687 4856 sponsalibus
701 4783 830 4852 Joaniiie,
843 4783 908 4842 illia
929 4785 1049 4843 loannis
1060 4786 1119 4841 Aa·
1176 4785 1251 4843 idem
1272 4785 1423 4844 llatthaeus
1437 4787 1517 4842 Paris
1535 4783 1588 4840 sub
1602 4785 1713 4840 tosnue
1728 4798 1795 4866 pag.
1811 4781 1872 4848 192,
1888 4782 1971 4839 dicte

327 4855 395 4928 gliae
411 4856 578 4927 regiarum
593 4855 843 4927 llugone,comite
860 4855 995 4912 biarchise
1006 4855 1046 4927 (et
1061 4854 1123 4912 e'us
1176 4855 1244 4914 edit.
1253 4857 1407 4930 Tigurinis,
1423 4861 1451 4912 et
1460 4854 1542 4913 Guill.
1558 4855 1635 4912 Brito
1645 4853 1830 4925 Philippides,
1850 4852 1899 4910 lib.
1919 4855 1967 4912 Vl.

327 4923 562 4996 circumstantiis)
582 4939 669 4996 quam
683 4924 835 4982 Mattheus
850 4927 930 4983 Paris
943 4932 1052 4983 tantuin
1070 4871 1119 4982 dc·
1175 4929 1243 4985 Post
1269 4935 1389 4984 mortain
1417 4925 1546 4994 loannis,
1582 4923 1674 4981 dictus
1706 4939 1805 4982 comes
1835 4923 1970 5004 biarchis

326 4997 394 5054 libat
408 4996 460 5053 sub
475 4999 596 5064 tonnae,
610 5011 644 5068 pa
671 5038 677 5053 .
695 4996 757 5064 239,
773 4995 840 5052 edit.
857 4997 1021 5080 ligurina:
1038 4994 1122 5054 reicrt
1176 5005 1270 5070 spreta
1294 4999 1403 5056 laeana
1429 4996 1486 5054 tilia
1509 5009 1572 5063 sua,
1602 4993 1751 5052 isabellam
1776 4993 1892 5050 viduam
1908 5009 1970 5067 ejus

327 5068 402 5124 onim
419 5067 511 5123 solnm
524 5065 629 5150 dictum
645 5009 785 5150 §oannem
803 5066 953 5138 scripsisse
963 5067 1123 5140 justitiariis
1176 5069 1357 5126 matrimonio
1372 5067 1426 5126 sibi
1441 5065 1594 5148 copulavit,
1610 5079 1675 5137 quai
1692 5064 1738 5122 tax
1751 5065 1803 5124 luit
1816 5063 1883 5148 belli
1897 5066 1971 5122 intcr

326 5140 386 5196 suis
396 5137 431 5195 ile
444 5151 589 5194 scaccario
603 5153 609 5194 :
625 5139 697 5204 Quia
705 5139 788 5208 prius
802 5141 956 5194 tractatum
972 5143 1034 5194 erui
1049 5139 1123 5194 inter
1177 5140 1310 5196 maritum
1337 5146 1467 5196 sanctum
1488 5135 1672 5206 ludovicum,
1698 5142 1726 5193 et
1741 5138 1895 5194 llenricum
1918 5137 1968 5204 111,

326 5213 413 5266 aocet
436 5209 562 5265 comitem
583 5209 718 5290 Murciie
740 5209 774 5265 cic
787 5208 975 5290 plancaro
997 5211 1121 5290 iocosa,
1176 5211 1413 5338 Anglioeregcm.
1504 5277 1509 5285 ,

325 5281 386 5408 fluo
410 5295 460 5336 suc
475 5279 569 5335 danda
584 5295 614 5334 m
634 5295 761 5346 uxorein,
782 5280 812 5334 id
835 5293 860 5333 m
883 5293 1075 5337 coricessrmus.
1091 5282 1122 5338 lii
1213 5282 1224 5354 t
1244 5281 1254 5354 )
1274 5284 1317 5338 Ειι
1352 5281 1406 5337 ioit
1420 5279 1580 5346 roinain,la
1595 5276 1644 5336 dot
1658 5285 1738 5336 entre
1753 5278 1864 5338 dansle
1881 5279 1966 5350 patri-

347 5366 381 5407 oc
397 5356 491 5406 tamen
515 5349 659 5423 discrepat
684 5349 719 5406 ab
735 5350 871 5417 honorio,
889 5347 965 5422 quod
979 5353 1122 5407 loanaam
1177 5353 1273 5409 moine
1287 5351 1325 5408 du
1337 5351 1421 5420 maii;
1437 5349 1510 5407 mais
1522 5350 1617 5434 quand
1630 5350 1656 5406 le
1675 5349 1805 5422 mariage
1818 5349 1897 5406 vient
1910 5345 1925 5404 a
1938 5363 1969 5428 se

328 5428 441 5505 pactam
463 5419 549 5478 luisse
571 5421 629 5477 illio
649 5419 763 5477 comitis
777 5419 862 5488 dicat,
888 5421 1031 5478 llonoiius
1056 5436 1123 5478 vero
1177 5422 1325 5480 dissoudrc
1338 5437 1388 5495 par
1403 5419 1580 5493 repudiation
1596 5419 1667 5478 delo
1678 5418 1794 5488 lemme,
1809 5419 1836 5477 la
1849 5419 1897 5475 dot
1910 5417 1969 5474 doit

327 5493 380 5565 ipsi
408 5492 516 5559 comiti,
543 5507 596 5548 nec
623 5491 698 5548 ullus
723 5491 796 5548 alius
819 5488 971 5548 historicus
998 5493 1122 5564 anglia,
1177 5496 1237 5551 dire
1257 5491 1389 5550 restitute
1404 5506 1440 5549 en
1455 5498 1559 5548 touton
1574 5491 1888 5564 enpartie,savoir,eu
1924 5505 1968 5545 ar·

326 5562 402 5636 quod
428 5563 529 5628 sciam,
545 5560 621 5618 liano
637 5561 785 5618 historiam
799 5563 923 5634 attingit.
954 5563 1042 5619 Porro
1061 5561 1123 5620 hac
1177 5566 1215 5622 tie
1225 5565 1384 5622 seulement
1396 5564 1454 5620 lors
1474 5561 1521 5618 u’il
1536 5561 1642 5635 yades
1653 5505 1968 5632 aulantem-raptante-

327 5637 436 5692 iuaiiiia
449 5633 544 5706 nupsit
554 5640 650 5706 postca
665 5631 837 5702 Alexandro,
854 5634 1002 5691 Scotorum
1013 5635 1085 5708 regi.
1177 5650 1273 5705 i·os‚ou
1285 5577 1616 5708 lorsqii’ilvaffautedela
1627 5632 1969 5704 lominaproptermoras.
