4084 6428
813 227 990 292 HONORII
1012 225 1058 287 111
1078 226 1228 288 OPERA.
1246 253 1284 270 -
1302 217 1537 290 SERMONES.
1963 226 2012 286 tis

348 235 410 299 923

350 395 407 474 qui
419 391 539 457 debent
559 405 633 455 esse
657 389 707 452 sal
728 391 843 462 terrae,
865 389 895 450 si
917 389 1077 466 nuquam
1098 386 1149 448 sal
1202 385 1320 462 mittit;
1337 385 1394 464 qui
1408 385 1508 448 etiam
1523 399 1544 448 a
1557 383 1689 449 Christo
1708 381 1957 446 mercenarius
1970 393 2002 446 es

350 492 549 555 infatuatum
572 489 809 552 evanescentes
831 487 874 548 ab
896 486 1050 548 omnibus
1072 485 1150 548 sunt
1203 484 1398 562 appellatus.
1416 482 1655 554 Mercenarius,
1668 482 1702 544 et
1712 482 1862 559 quinon
1878 481 1932 540 est
1946 497 2003 556 pas

349 588 586 662 conculcandi;
602 603 654 648 vae
668 585 896 648 venditoribus
909 583 1147 656 columbarum,
1203 582 1266 654 tor,
1282 586 1377 660 cujus
1393 597 1458 642 non
1481 581 1558 642 sunt
1578 595 1656 642 oves
1675 579 1844 657 propriae,
1863 578 2002 640 videtis

350 686 381 746 si
391 681 829 761 flagellolactodeluniculis
840 678 1009 756 detemplo
1019 678 1150 740 Domini
1204 695 1282 756 pum
1305 676 1493 741 venientem
1521 678 1554 739 et
1581 677 1718 738 dimittit
1742 686 1832 739 oves
1861 677 1900 736 et
1929 675 2002 751 sugit

352 781 429 843 sunt
444 781 651 859 expellendi!
675 781 733 842 Vae
746 779 803 856 qui
811 777 997 856 justificant
1012 776 1149 854 impium
1204 777 1282 838 Tria
1310 777 1389 838 sunt
1407 791 1480 853 quae
1504 774 1748 846 mercenarius,
1766 773 1886 844 idest,
1916 775 2003 834 malus

352 896 413 956 pro
419 878 663 950 muneribus,et
668 877 834 955 justitiam
844 876 927 955 justi
942 874 1098 938 eraserunt
1108 872 1150 934 ab

352 993 404 1056 eo,
418 977 448 1038 si
473 976 559 1038 siout
573 975 710 1038 devorat
723 973 879 1050 stipulam
893 973 993 1050 ignis,
1007 973 1041 1034 et
1059 970 1151 1033 calor

352 1075 495 1136 damme
515 1073 639 1147 exurit,
662 1074 786 1134 aeterno
807 1071 884 1150 igne
907 1072 985 1132 sunt
1009 1067 1150 1132 combu-

353 1172 464 1234 rendit

391 1270 467 1331 Non
493 1269 583 1331 euim
595 1268 705 1348 posuit
728 1283 788 1329 vos
813 1266 982 1337 Dominus,
1004 1265 1041 1328 ut
1062 1263 1150 1326 otie-

352 1367 447 1439 mini,
461 1367 519 1428 sed
538 1367 575 1428 ut
592 1364 788 1444 operemini,
811 1381 879 1426 non
900 1365 938 1426 ut
959 1362 1149 1440 quiescatis

353 1464 411 1526 sed
436 1465 472 1526 ut
490 1463 659 1537 laboretis,
683 1479 750 1526 ιιοιι
779 1465 816 1524 ut
840 1461 1012 1539 torpeatis,
1033 1458 1093 1522 sed
1116 1459 1153 1522 ut

353 1559 497 1623 fructum
519 1561 661 1632 faciatis,
678 1576 745 1621 non
769 1561 806 1623 ut
822 1559 1001 1637 quiescatis
1018 1558 1154 1636 propter

354 1673 430 1718 eum
445 1658 501 1734 qui
517 1657 601 1719 dixit
616 1658 735 1718 animae
750 1673 820 1718 suae
835 1678 842 1718 ι
858 1657 978 1718 Anima
990 1671 1075 1728 mea,
1089 1655 1152 1716 ha-

353 1751 413 1814 bes
428 1753 531 1836 multa
543 1753 630 1814 bona
644 1753 790 1831 reposita
806 1754 841 1814 in
856 1769 961 1816 annos
978 1753 1149 1830 plurimos.

353 1851 503 1924 Quiesce,
527 1851 672 1922 comede,
697 1849 843 1930 epulare,
873 1851 905 1912 et
927 1848 1014 1922 bibe,
1037 1849 1094 1910 sed
1116 1851 1153 1910 ut

352 1945 495 2009 labores.
512 1949 618 2008 Homo
644 1946 733 2007 enirn
757 1943 961 2008 naseiturad
991 1945 1150 2015 laborem,

222 2059 224 2064 ·
354 2043 547 2106 avisautem
562 2044 604 2106 ad
616 2043 810 2120 volandum3
838 2059 905 2105 non
919 2044 957 2105 ut
974 2043 1149 2120 torpeatis3

355 2141 433 2220 quia
453 2141 666 2202 maledicitur
687 2141 784 2202 homo
807 2139 987 2202 secundum
1007 2140 1153 2217 prophe-

352 2239 420 2301 tam
432 2241 450 2302 J
453 2239 622 2310 eremiam,
639 2237 696 2314 qui
712 2253 793 2316 opus
806 2238 865 2298 Dei
881 2237 959 2299 iecit
973 2238 1151 2316 negligen-

353 2335 416 2408 ter,
445 2334 502 2396 sed
527 2335 563 2396 ut
587 2334 732 2396 fructum
761 2332 911 2409 faciatis3
941 2350 1009 2395 non
1039 2335 1152 2412 utique

352 2432 495 2496 fructum
508 2434 564 2510 qui
579 2432 675 2510 perit,
699 2432 757 2494 sed
781 2433 838 2511 qui
859 2433 1030 2510 permanet
1051 2433 1085 2494 in
1100 2433 1153 2494 vi-

352 2534 421 2596 tem
434 2535 604 2595 aeternam.
621 2535 667 2594 De
683 2547 747 2610 quo
763 2531 833 2610 ipse
849 2532 1008 2594 Dominus
1027 2531 1075 2593 ait
1088 2531 1153 2592 dis·

352 2631 472 2708 cipulis
489 2651 497 2690 ι
519 2635 616 2704 Ecce,
631 2631 754 2705 inquit,
766 2629 1152 2704 postposueram

351 2729 506 2804 fructum
516 2728 674 2803 afferatis
688 2727 723 2790 et
735 2729 872 2802 fructus
882 2727 999 2789 vester
1011 2727 1152 2789 maneat

356 2823 465 2906 (ioan.
492 2842 549 2898 xv,
572 2824 636 2906 16).
666 2827 753 2889 Nam
775 2827 883 2889 omnis
907 2825 1093 2903 corruptela
1116 2825 1151 2886 in

353 2924 476 3000 populo
486 2924 716 3001 principaliter
725 2921 1150 3002 proceditasacerdotibus,

354 3019 473 3096 quiesi
489 3020 643 3081 sacerdos
663 3021 719 3096 qui
740 3020 791 3083 est
812 3021 930 3092 unctus
945 3009 1150 3097 peccaverit,

355 3114 436 3176 facit
449 3115 643 3191 delinquere
662 3115 828 3192 populum.
851 3116 1027 3178 Peccatum
1045 3132 1153 3177 sacer-

353 3211 440 3274 dotis
464 3211 522 3273 aut
543 3211 674 3288 praelati
696 3211 772 3272 aliis
791 3211 997 3284 damnosum,
1016 3213 1073 3274 sed
1089 3213 1152 3275 sibi

285 3336 289 3342 ·
355 3309 580 3388 periculosum
601 3308 725 3371 existit.
747 3309 842 3371 Certe
858 3309 936 3370 dum
948 3310 1026 3372 laici
1040 3310 1153 3372 vident

354 3406 543 3469 sacerdotes
558 3422 618 3468 seu
633 3405 789 3484 praelatos
800 3406 943 3485 turpiter
954 3410 987 3470 et
1001 3409 1151 3470 enormi-

352 3505 405 3567 ter
416 3505 626 3578 excedentes
648 3505 715 3582 ipsi
732 3519 847 3566 eorum
862 3505 1015 3584 exemplo
1030 3506 1072 3568 ad
1085 3507 1153 3567 ini-

353 3603 495 3680 quitates
511 3605 543 3665 et
558 3602 685 3682 scelera
697 3601 926 3680 prolabuntur.
940 3604 1087 3681 Cumque
1096 3619 1153 3666 re·

353 3699 1153 3778 prehendunturabaliquo,protinusseexousant

353 3797 500 3860 diceutes
524 3818 532 3858 ι
555 3799 666 3859 «Non
689 3797 797 3875 potest
819 3797 909 3860 illius
941 3797 1062 3871 iacere,
1086 3799 1152 3860 nisi

347 3895 439 3972 *quod
458 3895 586 3972 patrem
607 3895 729 3957 viderit
751 3894 927 3956 facientem
949 3912 968 3955 ι
992 3893 1102 3974 (ioan.
1116 3911 1150 3965 v,

354 3990 418 4071 19).
436 3991 475 4054 st
503 3991 657 4054 suflicit«
677 3991 839 4070 discipulo
864 3993 892 4054 si
911 3993 955 4056 sit
980 3993 1066 4056 sicut
1080 4009 1152 4054 ma-

351 4089 456 4164 gister
479 4091 591 4166 eius»
618 4087 711 4166 (Luc.
739 4105 786 4162 vr,
811 4087 877 4169 40).
903 4090 1075 4168 impletum
1101 4091 1152 4152 est

329 4207 332 4212 ·
352 4184 434 4246 illud
445 4185 673 4262 propheticum
688 4206 695 4244 :
712 4186 816 4247 «Erit
837 4187 923 4250 siout
942 4186 1082 4264 populus
1103 4187 1151 4250 sic

352 4281 509 4342 sacerdos
533 4277 684 4360 s(0see,
707 4297 753 4355 1v,
775 4281 821 4363 9).
845 4283 1027 4354 Quirino:
1051 4289 1149 4348 Dru·-

353 4380 458 4451 besce,
479 4379 595 4450 Sidon,
610 4379 662 4439 ait
675 4393 775 4441 more
790 4377 848 4458 (Is.
861 4395 959 4453 xxm,
975 4379 1020 4461 4).

392 4476 479 4538 Hinc
494 4475 605 4538 omnia
632 4475 720 4538 mala
744 4477 945 4553 proveniunt
968 4479 1005 4540 in
1027 4480 1150 4557 populo

353 4573 552 4635 Christiano.
578 4573 671 4635 Perit
684 4573 776 4647 tides,
798 4575 917 4651 religio
934 4576 1148 4651 deformatur,

352 4670 490 4733 libertas
515 4670 739 4744 confunditur,
763 4673 894 4749 Justitia
924 4674 1148 4749 conculcetur,

351 4768 501 4831 haeretici
513 4768 687 4847 pullulant,
710 4769 915 4834 insolescunt
933 4772 1148 4846 schismatici,

351 4866 470 4944 perfidi
516 4867 658 4930 saeviunt
696 4869 729 4928 et
769 4868 952 4945 prevalent
991 4871 1148 4946 agareni.

1204 870 2003 951 praelatusexigitabovibus,lac,scilicet,lanan,

1205 973 1238 1035 et
1250 987 1397 1034 carnem.
1410 973 1489 1044 Quae
1500 971 1674 1032 enumerat
1684 969 1846 1032 Ezechiel
1859 971 2004 1048 propbeta

1205 1067 1341 1128 dicens:
1363 1070 1419 1128 Voe
1428 1067 1628 1141 pastoritiae
1645 1068 1858 1139 israelque·
1876 1066 2004 1138 pmaovl

1204 1166 1423 1238 semetipsos!
1436 1167 1506 1226 Lac
1525 1163 1751 1226 comedebatis
1772 1163 1813 1225 et
1832 1165 1932 1224 larris
1947 1178 2004 1236 ope·

1205 1265 1399 1335 riebcmtnt,
1422 1263 1457 1324 et
1477 1264 1566 1336 quoa
1583 1275 1744 1322 crassum
1764 1261 1866 1332 erat,
1885 1262 2001 1321 ουσιαι-

1206 1360 1310 1422 batis:
1322 1375 1467 1436 prepem
1487 1359 1605 1422 ιιιιίειιι
1622 1373 1740 1422 meum
1757 1372 1834 1420 oon
1850 1361 2003 1432 pascale-

1206 1457 1252 1518 tts
1266 1453 1398 1535 (Erech.
1414 1471 1532 1528 xxxrv,
1548 1457 1579 1528 2,
1594 1453 1641 1534 3).
1657 1457 1695 1514 In
1710 1453 1799 1516 lacte
1809 1454 2003 1530 intelligitu-

1205 1552 1684 1628 Dmuimentumhonoris31n
1705 1551 1795 1622 lana,
1816 1551 1950 1613 divitie
1961 1554 1999 1624 ;iu

1206 1667 1319 1724 carne,
1343 1651 1490 1714 carmhs
1512 1650 1677 1727 voluptas.
1702 1650 1764 1722 Qui
1789 1665 1883 1725 ergo
1909 1647 2001 1708 eccle

1206 1749 1290 1811 siam
1311 1749 1474 1826 suscepit,
1494 1763 1564 1812 non
1584 1748 1621 1812 nt
1638 1750 1711 1810 Deo
1735 1747 1882 1818 serviat,
1904 1747 1958 1806 sed
1976 1749 2001 1805 ul

1206 1845 2001 1924 temporalemhonorcmacquirat,proiectomer·

1206 1945 1361 2006 senarius
1377 1944 1437 2016 est,
1455 1944 1533 2021 quia
1554 1943 1606 2005 lac
1625 1943 1689 2004 sibi
1709 1943 1848 2020 querit
1866 1944 1947 2004 Item
1958 1941 1999 2018 qui

1208 2041 1249 2104 ob
1264 2043 1328 2104 hoc
1343 2042 1518 2104 ecclesiam
1533 2041 1646 2114 intrat,
1659 2056 1727 2102 non
1736 2042 1774 2103 ut
1787 2043 1865 2102 Deo
1880 2039 2000 2108 serviat,

1206 2141 1263 2202 sed
1279 2140 1358 2222 quia
1373 2155 1448 2201 eam
1462 2139 1597 2202 divitem
1618 2154 1692 2225 esse
1714 2138 1905 2214 cognoscit,
1926 2153 1998 2197 mer·

1206 2239 1360 2300 canarius
1375 2238 1435 2310 est,
1453 2237 1531 2314 quia
1546 2236 1657 2298 lanam
1671 2236 1912 2313 principaliter
1929 2250 1997 2312 qua

1206 2335 1260 2398 rit.
1278 2337 1340 2407 Qui
1354 2351 1434 2396 vero
1449 2335 1625 2396 ecclesiam
1639 2333 1791 2410 suscipit,
1809 2349 1882 2395 nou
1899 2337 1933 2394 ut
1945 2349 1995 2392 ser

1205 2433 1276 2496 viat
1296 2435 1384 2504 Dee,
1411 2432 1468 2494 sed
1490 2433 1526 2494 ut
1548 2431 1584 2493 in
1603 2447 1644 2492 ea
1662 2430 1760 2509 plene
1784 2430 1993 2498 comedendo,

1205 2530 1359 2602 bibendo,
1370 2529 1583 2602 luxuriantis,
1595 2529 1782 2607 voluptates
1792 2530 1910 2591 carnis
1920 2544 1993 2589 exer

1206 2629 1290 2698 ceat,
1306 2628 1532 2690 mercenarius
1557 2627 1617 2698 est,
1630 2628 1707 2704 quia
1723 2625 1989 2705 carnem‘quaerit

1206 2729 1253 2788 De
1272 2741 1337 2803 quo
1361 2725 1520 2788 Dominus
1539 2725 1587 2786 eit
1609 2745 1617 2784 ι
1639 2727 1703 2792 Qut
1723 2739 1793 2786 oon
1813 2725 1926 2786 intrat
1941 2737 1991 2797 per

1206 2826 1334 2887 ostium
1345 2828 1382 2886 tn
1398 2827 1483 2886 ovile
1499 2825 1616 2886 ovium
1625 2825 1685 2884 sed
1694 2823 1853 2884 mcendit
1863 2824 1991 2887 etiams

1206 2925 1260 2984 itte
1270 2925 1331 2996 tur
1344 2922 1396 2984 est
1409 2922 1443 2984 et
1456 2921 1548 2984 latro
1563 2918 1687 2999 (ioan,
1701 2936 1734 2992 x,
1752 2917 1798 2998 1).

1247 3020 1340 3082 ovile
1356 3019 1467 3081 ovium
1490 3018 1612 3080 Sancta
1631 3017 1781 3080 Ecclesia
1800 3019 1870 3092 est,
1890 3017 1989 3078 ostium

1205 3133 1286 3179 vero
1301 3117 1451 3181 Christus
1470 3117 1531 3188 est,
1555 3115 1642 3178 sicut
1662 3116 1734 3192 ipse
1750 3115 1799 3176 ait
1816 3120 1912 3190 :Epo
1928 3128 1987 3174 ιιιιιι

1207 3216 1343 3276 ostium.
1356 3215 1419 3286 Qui
1430 3231 1508 3291 ergo
1519 3214 1622 3276 intrat
1631 3214 1667 3276 in
1677 3212 1765 3276 ovile
1775 3215 1901 3285 ovium,
1911 3212 1986 3278 idest,

1206 3308 1241 3371 in
1257 3309 1405 3388 aliquam
1419 3311 1598 3372 ecclesiam
1610 3325 1678 3371 non
1694 3323 1752 3386 per
1765 3311 1900 3380 ostium,
1911 3306 1986 3374 idest.

1206 3423 1272 3469 non
1286 3408 1423 3484 propter
1436 3410 1551 3478 Deum,
1572 3406 1636 3468 hoc
1651 3405 1712 3478 est,
1734 3406 1771 3467 ut
1790 3409 1863 3468 Deo
1877 3405 1987 3471 serviat

1208 3505 1266 3566 sed
1290 3505 1440 3568 escendit
1463 3505 1613 3577 aliunde,
1638 3504 1738 3580 idest,
1762 3505 1799 3565 ut
1824 3503 1924 3566 aliun
1942 3499 1989 3562 sibi

1206 3603 1361 3681 acquirat
1377 3602 1547 3675 honorem,
1565 3601 1732 3670 videlicet,
1748 3602 1887 3664 divitias
1901 3603 1930 3662 et
1940 3613 1988 3658 vo·

1207 3700 1351 3778 luptates
1366 3701 1530 3773 carnales,
1547 3700 1605 3762 ille
1620 3699 1767 3778 prolecto
1783 3699 1840 3762 fur
1852 3701 1902 3762 est
1913 3701 1942 3759 et
1953 3696 1990 3755 la-

1207 3799 1270 3861 tro.
1286 3799 1393 3860 Malus
1409 3799 1498 3860 enim
1513 3798 1627 3876 pastor
1645 3798 1771 3860 ideirco
1784 3794 1989 3860 mercenarius

1207 3896 1341 3968 dicitur,
1358 3896 1437 3974 quie
1450 3895 1636 3958 mercedem
1649 3895 1769 3974 quaerit
1785 3891 1988 3958 tautummodo

1206 3994 1422 4070 temporalem
1436 3993 1469 4056 et
1483 4009 1604 4055 vanam
1624 3993 1777 4071 gloriam,
1795 4009 1866 4056 non
1881 3991 1988 4054 utilita-

1207 4091 1273 4152 tem
1293 4090 1404 4153 ovium
1425 4107 1573 4153 suarum.
1596 4091 1636 4152 Et
1654 4091 1730 4153 ideo
1749 4105 1819 4152 nou
1841 4091 1917 4152 sunt
1935 4090 1988 4164 ejus

1205 4203 1284 4249 oves
1298 4188 1452 4265 propriae,
1469 4187 1547 4265 quia
1562 4203 1629 4250 non
1642 4188 1736 4250 curat
1748 4188 1789 4250 de
1801 4189 1869 4262 eis;
1887 4183 1983 4248 sedvi-

1205 4285 1258 4347 det
1280 4286 1393 4362 lupum
1414 4285 1613 4354 venientem,
1636 4283 1732 4358 idest,
1757 4285 1927 4348 diabolum
1944 4279 1981 4342 vel

1205 4381 1398 4444 hereticum
1418 4381 1644 4455 insidiantem,
1660 4384 1719 4444 aut
1737 4381 1919 4460 quemlibet
1934 4381 1981 4440 ho·

1204 4479 1331 4542 minum
1352 4479 1519 4558 potentem
1541 4480 1602 4542 Dei
1624 4480 1782 4558 populum
1808 4482 1981 4558 opprimen-

1204 4578 1281 4650 tem,
1296 4578 1329 4639 et
1342 4578 1478 4640 dimittit
1492 4593 1571 4640 oves
1584 4577 1618 4640 et
1627 4576 1721 4654 sugit,
1734 4578 1813 4655 quia
1828 4578 1922 4640 timet
1935 4589 1982 4636 ex·

1205 4691 1328 4753 ponere
1341 4691 1376 4737 se
1391 4673 1559 4752 periculis.
1576 4674 1670 4737 Unde
1681 4675 1842 4736 Dominus
1852 4677 1983 4753 perEze·

1205 4773 1346 4835 chielem
1361 4773 1408 4834 ait
1426 4771 1614 4849 pastoribus
1629 4793 1639 4833 ι
1653 4775 1733 4834 Νοιι
1746 4773 1983 4835 ascendistisst

1205 4873 1362 4942 adverso,
1374 4883 1483 4946 neque
1497 4871 1703 4944 opposuistis
1716 4885 1778 4932 vos
1787 4885 1929 4931 mserum
1935 4877 1983 4941 pro

352 4963 596 5040 Tempusenim
610 4965 671 5037 est,
686 4964 900 5030 sicutbeatus
915 4969 1033 5031 Petrus
1048 4972 1150 5046 Apos-
1204 4970 1304 5030 domo
1326 4969 1449 5039 lsrael,
1470 4967 1671 5040 cistarciis
1692 4969 1729 5028 in
1743 4967 1861 5040 pretio
1887 4973 1922 5030 in
1944 4965 1983 5023 db

351 5060 439 5124 tolus
454 5061 512 5133 ait,
533 5063 572 5123 ut
587 5064 761 5134 judicium
777 5065 952 5140 tncvpaoa
967 5069 1066 5132 domo
1086 5071 1151 5132 Dei
1204 5069 1343 5128 Domini
1367 5063 1511 5143 (Erech,
1534 5076 1609 5136 1111,
1635 5062 1681 5144 5).
1704 5063 1767 5126 ilic
1792 5065 1910 5141 pastor
1932 5061 1983 5121 sive

351 5159 382 5238 (l
397 5161 485 5221 Petr.
501 5173 548 5232 1v,
566 5158 630 5240 17).
1205 5163 1311 5224 malus
1326 5162 1484 5240 praelatus
1499 5161 1659 5239 dispergit
1673 5175 1751 5222 oves
1762 5161 1890 5224 Christi
1904 5162 1935 5222 in
1948 5171 1986 5232 sp·

391 5258 454 5318 Hic
479 5257 569 5318 enim
586 5258 706 5324 tertius
729 5259 854 5336 pastor,
877 5259 1014 5334 scilicet,
1043 5262 1150 5330 malus
1206 5275 1335 5337 nagoga
1359 5261 1496 5332 satane,
1520 5259 1584 5322 hoc
1605 5261 1666 5332 est,
1689 5257 1984 5336 incongregatione

351 5354 509 5432 prelatus
540 5353 700 5434 dispergit
722 5371 801 5422 oves
832 5358 969 5421 secundi
995 5361 1148 5436 pastoris,
1205 5357 1471 5436 malignantium.
1493 5359 1541 5420 De
1559 5373 1623 5435 qua
1647 5356 1728 5418 dicit
1748 5357 1855 5418 David
1878 5379 1886 5418 :
1911 5352 1984 5420 odivi

351 5450 490 5525 scilicet,
508 5451 642 5514 christi.
659 5453 753 5516 Unde
766 5453 801 5516 in
816 5457 995 5534 Evangelio
1012 5461 1151 5534 :Lupus
1204 5458 1487 5536 oonprepctiooes
1519 5459 1754 5532 mapparum
1781 5453 1852 5535 (Ps.
1877 5457 1931 5526 25,
1953 5447 1982 5523 5).

351 5549 446 5622 rapti
461 5550 494 5611 et
512 5549 673 5628 dispergit
691 5567 781 5626 oves,
800 5553 897 5628 idest,
913 5555 1060 5634 dispergi
1074 5572 1152 5635 per-
1178 5615 1183 5623 ,
1205 5557 1301 5618 Tales
1323 5555 1400 5617 suni
1423 5556 1575 5632 pastores
1601 5553 1657 5632 qui
1681 5568 1749 5616 ιιοιι
1772 5554 1843 5616 tam
1866 5551 1983 5616 salutem
