4078 6442
278 220 337 281 627
744 218 921 280 HONORII
943 219 989 280 111
1010 219 1160 280 OPERA.
1177 247 1215 262 -
1232 217 1465 318 SERMONES.
1870 221 1938 281 628

279 377 373 442 Unde
384 379 416 440 oi
428 377 560 447 dicitur,
571 376 657 456 quod
667 377 833 440 radestad
845 379 1076 456 prioraopera,
1133 395 1218 440 mur.
1238 379 1322 452 Quia
1346 379 1404 458 qui
1426 379 1586 441 venturus
1608 379 1659 440 est
1681 379 1793 444 veniet
1809 382 1843 442 et
1863 397 1937 444 non
2030 401 2031 418 .

279 480 313 539 ot
326 477 404 554 agat
420 477 662 554 poenitentiam.
684 476 743 538 Sin
762 480 873 538 autem
888 478 1000 538 veniet
1013 480 1080 538 Do-
1132 477 1318 538 tardabit.»
1541 543 1542 546 Ἴ

278 575 390 636 minus
402 575 443 636 ad
457 575 672 652 puniendum,
684 575 717 637 et
731 574 877 651 movebit
891 591 950 652 per
964 590 1079 652 poenas
1174 576 1322 646 Quatuor
1340 575 1446 636 modis
1465 575 1625 636 Dominus
1644 575 1746 638 venit.
1770 576 1885 639 Primo
1902 579 1939 640 et
2030 601 2031 606 ¹

280 674 313 735 et
335 673 567 736 tribulationes
587 673 833 746 candelabrum,
854 672 950 745 idest,
967 672 1079 734 eccle·
1135 672 1251 734 ultimo
1270 673 1362 734 venit
1376 673 1477 734 semel
1499 695 1507 733 ι
1529 671 1674 734 secundo
1695 675 1728 736 θῖ
1741 671 1847 753 [tertio
1867 691 1936 738 ve-

279 771 365 832 siam
380 787 475 832 suam
497 788 595 849 quam
616 771 750 833 cederat
770 772 802 832 ei
820 771 1011 847 regendam,
1026 770 1078 832 vel
1134 767 1184 829 nit
1204 783 1303 844 saepe.
1327 768 1438 829 Primo
1459 768 1607 830 venitin
1629 769 1789 830 mundum
1810 769 1852 830 ad
1876 786 1938 832 re-

279 869 461 946 potontiam
486 871 557 930 sive
575 869 770 945 dignitatem
792 869 832 929 da
852 869 925 930 loco
944 885 1016 941 suo,
1037 884 1079 929 ne
1134 866 1366 942 demptionem.
1384 866 1506 928 Ultimo
1520 866 1633 929 veniet
1651 867 1686 927 in
1702 866 1868 944 judicium
1890 869 1936 930 ad

280 966 422 1043 amplius
440 965 561 1029 haheat
576 967 719 1045 quietem
740 967 776 1028 in
797 966 989 1027 honoreuel
1006 964 1081 1041 dig·
1134 963 1396 1026 retributionem.
1425 964 1576 1026 Secundo
1605 965 1697 1027 venit
1724 965 1759 1026 in
1787 967 1936 1028 mentem

279 1065 383 1128 nitate
396 1065 429 1126 et
440 1064 588 1141 potentia
600 1081 671 1126 sua.
690 1065 730 1126 lit
742 1065 827 1136 ideo,
844 1063 1021 1136 carissimi,
1037 1077 1079 1124 ne
1135 1061 1176 1122 ad
1198 1062 1508 1124 sanctificationem.
1536 1063 1647 1124 Tertio
1675 1063 1826 1125 venitin
1854 1079 1937 1124 car-

280 1162 438 1222 Dominus
454 1163 537 1224 adeo
552 1163 634 1224 dure
649 1162 765 1240 puniat
784 1164 817 1224 et
830 1161 1001 1238 perturbet
1018 1175 1080 1222 nos
1135 1175 1211 1222 nem
1235 1159 1276 1223 ad
1301 1159 1564 1223 dissolutionem.
1592 1163 1639 1222 De
1663 1161 1769 1239 primo
1790 1182 1799 1222 ι
1823 1165 1938 1222 Exivi

280 1259 316 1320 in
330 1261 437 1337 poenis
460 1260 559 1338 hujus
582 1260 706 1333 saeculi,
722 1276 796 1338 quae
810 1259 924 1321 forsan
946 1259 1080 1336 possent
1134 1273 1157 1318 a
1177 1259 1298 1330 Patre,
1322 1259 1356 1319 ei
1374 1261 1454 1320 oeni
1475 1261 1512 1320 in
1532 1262 1701 1320 mnndum
1722 1256 1831 1338 (Joan.
1857 1275 1934 1330 xm,

280 1373 354 1419 esse
373 1357 542 1420 incohatio
564 1374 672 1436 poenae
693 1359 837 1431 aeternae,
860 1357 948 1433 agite
973 1357 1081 1434 poeni·
1133 1357 1199 1434 28).
1223 1357 1270 1416 De
1294 1355 1434 1418 ultimo:
1462 1358 1621 1418 Videbitis
1640 1360 1768 1418 Filium
1783 1359 1938 1420 bmninis

280 1456 429 1529 tantiam,
453 1458 486 1519 et
509 1456 636 1518 reddite
650 1456 692 1518 ad
707 1472 809 1533 opera
824 1459 895 1534 jam
915 1455 1080 1533 promissa
1135 1454 1330 1516 uenientem
1360 1457 1398 1516 in
1430 1457 1574 1518 nubibus
1605 1457 1682 1517 coeti
1711 1470 1791 1516 cum
1815 1455 1938 1529 potes-

281 1553 316 1614 in
341 1552 505 1631 baptismo
529 1554 583 1614 vel
606 1555 641 1614 in
666 1553 886 1615 ordinatione.
914 1552 998 1624 Quia
1023 1553 1081 1629 qui
1136 1551 1206 1613 tote
1229 1567 1358 1628 maana
1381 1552 1415 1614 et
1438 1553 1622 1626 majestate
1646 1549 1740 1630 (Luc.
1765 1551 1934 1631 xx1,27).

279 1651 441 1712 venturus
456 1653 506 1712 θεῖ
517 1651 628 1713 veniet
645 1651 677 1712 θῖ
692 1667 760 1712 non
772 1649 917 1712 tardabit
933 1649 974 1712 ad
989 1649 1081 1710 inili-
1135 1651 1182 1710 De
1197 1650 1343 1712 secundo
1361 1667 1369 1706 ε
1384 1654 1437 1712 Ad
1456 1666 1535 1714 eum
1556 1655 1750 1723 veniemus,
1775 1651 1809 1713 et
1830 1665 1938 1712 mori-

281 1748 423 1823 gendum
444 1749 551 1821 vobis,
568 1749 709 1821 dolores,
730 1749 952 1820 infirmitates,
968 1763 1080 1808 rerum
1134 1750 1458 1823 sionemopmteum
1468 1751 1636 1822 faciemus
1653 1745 1763 1826 (ioan.
1776 1763 1848 1821 xrs,
1864 1746 1934 1827 23).

280 1845 513 1922 temporalium
535 1846 744 1919 amissiones,
765 1846 857 1924 puta,
877 1845 1021 1906 liliorum
1048 1845 1081 1906 θῖ
1135 1846 1182 1905 1)θ
1200 1845 1298 1908 tertio
1316 1863 1323 1901 :
1344 1849 1428 1908 Cum
1449 1847 1565 1910 ueniet
1587 1846 1621 1908 et
1639 1847 1832 1920 pascuario
1850 1861 1939 1908 eon-

281 1942 425 2004 aliorum
438 1945 630 2006 amicorum.
648 1947 718 2016 Quo
734 1959 824 2015 casu,
842 1941 997 2015 ulmodo,
1013 1958 1081 2003 non
1134 1944 1251 2016 sentim
1274 1946 1432 2018 operient
1454 1948 1487 2006 ei
1514 1942 1616 2022 (Luc.
1640 1960 1707 2017 nu,
1736 1942 1811 2023 36).
1833 1943 1937 2006 Venit

283 2040 434 2118 poteritis
449 2042 581 2119 operari
594 2044 653 2105 aut
666 2045 734 2103 Deo
747 2041 890 2118 placere.
1136 2041 1171 2102 ut
1194 2042 1339 2102 animam
1362 2057 1460 2119 quam
1488 2041 1579 2104 dedit
1597 2042 1751 2118 accipiat.
1783 2041 1936 2103 Pulsatio

322 2139 453 2200 Tertius
476 2139 637 2201 adventus
658 2140 710 2202 θεῖ
729 2139 765 2200 in
787 2139 928 2212 terrore,
946 2154 1005 2215 par
1026 2154 1081 2199 se·
1135 2138 1417 2216 enimpercarnis
1429 2139 1612 2212 molestias,
1628 2140 1768 2202 mortem
1782 2139 1932 2202 vicinam

283 2237 491 2313 parationem
514 2238 635 2298 animae
661 2253 851 2314 acorpore.
879 2237 973 2298 Unde
994 2236 1077 2299 iob:
1135 2237 1319 2299 annuntiet.
1349 2238 1433 2309 Quia
1464 2237 1567 2313 igitur
1595 2237 1666 2300 dies
1698 2237 1814 2298 mortis
1837 2237 1936 2299 vobis

282 2335 391 2397 Nocte
403 2337 574 2410 opprimet
586 2352 666 2397 eum
679 2337 875 2410 tempestas.
890 2335 989 2396 Totiet
1001 2349 1081 2396 euin
1135 2333 1303 2410 incognita
1334 2336 1401 2408 est,
1434 2335 1611 2396 carissimi.
1651 2335 1792 2398 Solliciti
1827 2336 1936 2398 estote

283 2433 407 2494 sertim
421 2448 538 2506 ureris,
551 2433 585 2494 et
598 2435 737 2507 auferet
749 2437 789 2496 do
803 2436 926 2505 atterite,
944 2433 1080 2494 etueint
1134 2431 1303 2507 vigilando
1324 2433 1356 2495 et
1379 2431 1524 2494 debono
1544 2433 1579 2492 in
1599 2433 1718 2494 melius
1740 2432 1934 2494 crescendo.

170 2539 178 2546 ’
284 2531 382 2592 turbo
395 2533 510 2605 rapiet
524 2546 605 2592 euin
625 2535 666 2593 de
690 2535 760 2592 ioco
778 2545 840 2592 suo
860 2528 947 2610 (Job,
970 2545 1077 2601 numi,
1136 2531 1178 2590 Ut
1201 2546 1301 2606 qurum
1330 2531 1490 2592 Dominus
1517 2530 1558 2590 ad
1584 2546 1644 2591 uos
1667 2546 1727 2607 per
1750 2530 1934 2592 infirmitu-

282 2629 333 2699 20,
355 2630 392 2688 21
392 2627 420 2706 ).
444 2629 553 2690 Turbo
577 2628 698 2707 quippe
717 2629 838 2690 dicitur
859 2645 879 2688 a
902 2627 1077 2690 turbando.
1134 2627 1200 2688 iem
1218 2630 1276 2691 aut
1296 2628 1503 2706 repentinam
1526 2627 1665 2715 mortem
1686 2629 1825 2700 verterit,
1851 2643 1938 2689 con-

285 2725 369 2797 Quid
391 2727 501 2787 autom
526 2728 633 2803 magis
650 2726 825 2788 conturbat
845 2742 944 2803 quam
970 2725 1080 2788 morsi
1135 2725 1272 2787 suentes
1296 2725 1337 2787 de
1361 2726 1449 2788 bona
1475 2727 1544 2788 vita
1572 2727 1696 2795 vestra,
1721 2726 1832 2788 statim
1856 2741 1936 2787 eum

285 2823 1080 2902 UndescriptumastinEcclesiastiooztimorsl
1135 2839 1209 2884 curn
1233 2823 1350 2886 laetitia
1381 2824 1587 2900 suscipiatis,
1617 2827 1758 2886 mortem
1789 2823 1936 2898 benigne

283 2937 388 2995 ouum
400 2923 586 2984 omoraesi
595 2925 765 2984 memorio
776 2918 1078 3000 tuo(Eool.nn1,1.)
1135 2921 1343 2996 sustinend0,
1376 2922 1409 2983 et
1448 2921 1587 2985 dicendo
1629 2938 1704 2984 cum
1741 2920 1845 2999 beato,
1878 2921 1937 2982 Si-

283 3021 407 3080 Amara
426 3020 477 3080 est
494 3020 655 3081 memoria
677 3020 803 3092 mortis,
816 3019 928 3080 tamen
950 3033 1081 3096 semper
1135 3035 1250 3080 meone
1268 3041 1275 3079 :
1296 3023 1398 3082 Nunc
1418 3021 1552 3081 dimitte
1575 3035 1641 3093 me,
1667 3023 1823 3093 Donnine,
1848 3037 1935 3084 ser—

285 3116 1078 3193 debemuseamhabereinmemoria,juxtaillud
1134 3132 1216 3178 uum
1244 3119 1342 3178 titum
1371 3121 1559 3180 counradum
1588 3121 1729 3180 uerbum
1763 3118 1861 3180 inum
1895 3123 1936 3181 in

286 3214 495 3276 Salomonis:
512 3219 579 3276 Fili
594 3219 782 3277 recordare
796 3217 985 3276 nouissime
1007 3215 1077 3284 tuo,
1130 3230 1216 3290 poce
1231 3213 1324 3294 (Luc.
1341 3232 1377 3287 11,
1393 3214 1458 3295 29).

284 3311 368 3373 etin
384 3311 556 3373 oeternum
573 3328 642 3374 non
650 3315 806 3387 peccabis
820 3310 921 3390 (Eccl.
938 3327 996 3380 uu,
1013 3309 1077 3390 40).
1174 3314 1317 3384 Quartus
1332 3314 1492 3375 adventus
1508 3314 1573 3376 erit
1592 3314 1628 3376 in
1642 3314 1720 3390 igne
1735 3316 1768 3377 θῖ
1788 3314 1823 3375 in
1842 3314 1937 3374 indi-

283 3410 330 3470 De
354 3409 417 3470 hoc
432 3409 585 3484 adventu,
603 3427 667 3488 quo
682 3410 724 3471 nd
739 3425 800 3470 nos
815 3409 972 3471 Dominus
989 3409 1081 3471 venit
1134 3411 1291 3486 guntione
1325 3427 1385 3489 per
1419 3411 1603 3474 districtam
1636 3412 1932 3474 examinationem.

283 3506 320 3570 ut
336 3507 466 3569 animas
482 3508 522 3570 de
541 3509 735 3586 corporibus
750 3505 872 3571 nostris
887 3507 991 3580 tollat,
1009 3507 1079 3584 ipse
1135 3510 1218 3581 Quia
1234 3509 1279 3570 ibi
1302 3509 1429 3570 nullum
1445 3511 1569 3572 malum
1584 3510 1647 3572 erit
1667 3510 1878 3587 impunitum,
1897 3513 1934 3572 et

283 3605 331 3666 ait
356 3606 393 3666 in
416 3607 618 3682 Evangelio:
654 3607 806 3683 Vipitote,
834 3609 916 3680 quio
940 3606 1080 3666 nescitis
1134 3608 1261 3668 nullum
1269 3607 1391 3670 bonum
1401 3609 1692 3670 irremuneratum.
1703 3608 1797 3670 Unde
1807 3609 1933 3670 isaias:

284 3717 352 3777 ouo
380 3709 467 3766 bora
493 3708 661 3766 Dominus
693 3705 809 3766 vester
834 3703 1004 3764 venturus
1028 3703 1080 3764 est
1133 3709 1220 3767 Dece
1244 3721 1370 3768 nomen
1392 3709 1532 3768 Domini
1553 3707 1647 3768 ueriti
1670 3709 1711 3767 dc
1735 3709 1933 3782 tonpinquo,

284 3799 403 3880 (Malli.
427 3818 527 3875 xmp,
560 3801 625 3882 42).
655 3802 769 3863 Nescit
794 3799 883 3861 enim
908 3800 1018 3873 homo,
1044 3801 1080 3863 ut
1134 3806 1372 3876 ordenssuror
1381 3806 1467 3876 ejus,
1479 3805 1512 3864 ct
1524 3805 1698 3879 prouisad
1704 3805 1933 3878 portandum.

285 3898 440 3961 Salomon
458 3900 515 3972 ait,
533 3899 632 3960 linem
652 3915 759 3959 suum.
778 3897 842 3958 Sed
865 3896 951 3958 sicut
971 3897 1079 3974 pisces
1133 3903 1239 3962 Dubia
1251 3905 1328 3973 circs
1341 3903 1473 3976 repleto
1482 3902 1564 3962 sunt
1574 3901 1809 3977 insinuatione
1823 3902 1856 3962 et
1870 3905 1936 3962 tin-

283 3996 460 4072 capiuntur
474 3997 584 4070 hamc,
601 3999 633 4057 et
656 3997 743 4057 sicut
765 4010 844 4056 aves
859 3993 1081 4069 comprehen·
1133 4014 1202 4075 pua
1214 4001 1289 4070 cius
1307 4003 1407 4073 quusi
1421 4002 1512 4074 ipnts
1524 4002 1695 4060 devorans
1708 3995 1765 4076 (is,
1778 4013 1861 4069 xxx,
1878 3999 1932 4069 27,

284 4092 406 4154 duntur
418 4094 548 4171 laqueo,
568 4093 616 4154 sic
631 4093 808 4169 capiuntur
824 4090 975 4151 homines
989 4093 1078 4152 tom·
1133 4095 1198 4176 28).
1219 4098 1266 4156 De
1281 4097 1344 4158 hoc
1361 4097 1494 4158 nomine
1514 4096 1672 4173 scriptum
1691 4095 1741 4158 est
1760 4094 1796 4156 in
1820 4097 1937 4156 Evan-

284 4205 365 4266 pore
387 4190 487 4258 malo,
510 4191 597 4251 idest
619 4191 767 4266 tempore
788 4187 915 4258 mortis,
939 4203 1014 4249 cum
1029 4190 1079 4250 eis
1133 4196 1220 4271 gatto
1251 4195 1416 4258 ioannis:
1448 4198 1522 4270 Eoo
1551 4195 1776 4268 manifestant
1805 4207 1935 4254 tioiiien

283 4288 448 4364 extemplo
464 4286 700 4364 idemrepente
717 4285 957 4363 supervenerit.
975 4285 1076 4348 liam:
1134 4295 1233 4355 tuum
1262 4295 1471 4364 nominibus,
1506 4307 1590 4366 qnos
1621 4293 1746 4352 moirti
1776 4294 1864 4352 mim
1890 4294 1934 4352 de

161 4383 165 4389 “
281 4387 393 4448 Nemo
405 4385 457 4446 est
468 4389 527 4460 oui
538 4400 676 4459 semper
690 4385 786 4446 uiuat
800 4385 834 4445 ci
847 4387 906 4459 qui
916 4389 1080 4460 omasum·
1132 4394 1260 4452 mundo
1281 4386 1390 4468 (ioan.
1414 4405 1498 4462 xvu,
1523 4389 1570 4468 6).
1591 4390 1731 4466 Propter
1746 4389 1831 4466 quod
1856 4388 1933 4466 ipse

283 4485 407 4545 babeat
425 4486 588 4557 fiduciam
612 4481 715 4562 (Eccl.
736 4498 784 4553 rx,
801 4482 841 4554 4).
866 4485 1078 4548 UndeDnvid
1134 4487 1250 4560 Filius,
1285 4489 1401 4550 Sermo
1436 4487 1545 4549 Patris
1574 4487 1608 4550 θῖ
1641 4489 1769 4548 Nomen
1797 4486 1933 4547 Domini

283 4580 383 4642 dicit:
401 4582 545 4648 oanan
557 4587 656 4645 nomo
671 4587 729 4656 oui
743 4585 829 4646 uiuit
842 4586 877 4646 et
890 4599 959 4646 non
981 4587 1080 4646 uide-
1133 4587 1353 4664 nuncupatur.
1386 4587 1469 4646 Ecce
1502 4600 1622 4646 nomen
1655 4583 1810 4656 Domini,
1842 4582 1931 4647 idest

283 4681 330 4742 ou
348 4682 520 4743 mortem?
541 4682 588 4741 Ac
610 4681 639 4741 si
662 4680 807 4744 diceret:
834 4681 955 4742 Nullus
970 4682 1021 4743 est
1043 4682 1078 4742 in
1133 4683 1271 4747 verbum
1283 4684 1343 4744 Dei
1356 4683 1477 4756 Patris,
1502 4698 1611 4744 sermo
1632 4681 1806 4753 Altissimi,
1823 4681 1932 4742 Filius

282 4779 404 4840 mundo
419 4780 475 4858 qui
497 4795 564 4841 non
583 4779 745 4840 moriatur
765 4780 800 4841 in
820 4796 969 4857 corpore.
992 4781 1078 4841 Nam
1133 4782 1250 4844 aeterni
1267 4782 1367 4858 Regis
1384 4781 1476 4843 uenit
1494 4780 1535 4841 de
1556 4780 1749 4857 longinquo,
1772 4777 1868 4850 idest,
1890 4779 1932 4840 de

282 4878 330 4938 nil
358 4879 481 4941 certius
507 4879 628 4950 morte,
656 4880 690 4939 et
717 4877 803 4938 nihil
831 4877 923 4939 dubii
949 4895 1013 4956 quo
1046 4879 1080 4940 θῖ
1133 4879 1322 4942 coelestihus
1342 4879 1475 4955 regnis,
1502 4879 1588 4940 idest
1606 4893 1627 4939 a
1647 4877 1816 4954 regalibus
1840 4877 1935 4938 sedi-

282 4976 414 5054 quando
440 4978 473 5039 et
501 4977 674 5054 quomodo.
704 4977 797 5038 Unde
823 4977 1046 5054 Hieronymus
1068 4994 1075 5032 :
1132 4978 1193 5039 hus
1210 4979 1312 5040 venit.
1331 4977 1467 5049 Quando
1488 4977 1602 5050 reniti
1622 4977 1703 5038 Post
1720 4975 1824 5036 multa
1844 4974 1934 5036 tem-

282 5091 300 5134 «
323 5074 417 5136 Latet
431 5074 567 5136 ultimus
583 5075 665 5146 dies,
682 5074 718 5135 ut
731 5073 949 5136 observentur
964 5091 1077 5136 omnes
1133 5091 1225 5152 pora.
1243 5075 1307 5136 Sed
1331 5073 1495 5151 quomodo
1518 5073 1629 5135 ueniti
1643 5072 1815 5134 iucundus
1827 5072 1932 5148 justis

282 5173 364 5234 dies
381 5190 399 5232 »
415 5173 454 5234 ut
472 5171 587 5234 beatus
603 5173 804 5248 Gregorius:
821 5191 840 5232 u
862 5176 985 5234 Horam
1000 5174 1077 5234 vite
1133 5174 1166 5234 et
1177 5173 1282 5234 iratus
1295 5171 1417 5249 impiis.
1434 5173 1452 5233 J
1457 5171 1605 5232 ucundus
1623 5172 1735 5248 justis
1755 5170 1833 5246 quia
1848 5171 1929 5231 tuno

282 5271 432 5332 ultimam
451 5272 610 5332 Dominus
632 5273 744 5332 noster
763 5271 887 5332 idcirco
903 5271 998 5332 nobis
1013 5289 1076 5332 vo·
1134 5271 1286 5332 Salvator
1313 5269 1516 5347 adjudicabit
1532 5269 1633 5346 justis
1662 5285 1801 5344 regnum
1826 5267 1933 5328 coelo-

280 5369 343 5431 luit
357 5385 430 5430 osse
445 5369 659 5446 incognitam,
683 5370 719 5430 ut
732 5385 863 5445 semper
883 5369 987 5446 possit
1003 5385 1077 5430 osse
1133 5387 1217 5442 rum,
1239 5370 1374 5430 dicens:
1398 5368 1515 5430 Venite
1532 5368 1696 5428 benedieti
1708 5367 1831 5427 Patris
1845 5369 1927 5437 niet,

281 5467 1077 5545 suspecta3utdumillampraeviderenonpos-
1132 5473 1213 5542 pitto
1247 5469 1379 5529 esurit-i
1418 5467 1451 5526 et
1486 5467 1627 5526 declinis
1657 5467 1742 5526 milii
1774 5467 1929 5524 attulariu-

281 5581 405 5636 sumus,
417 5565 457 5627 ad
468 5565 561 5627 illam
573 5565 645 5628 sinc
655 5565 903 5628 intermissione
914 5581 1077 5644 praeparo·
1131 5582 1224 5629 core.
1242 5567 1398 5633 Quotidtu
1410 5563 1540 5638 fecistis
1555 5565 1615 5626 uni
1630 5578 1677 5624 eoi
1690 5565 1779 5624 bis...
1798 5561 1929 5638 (Metili.
