4084 6428
279 248 343 310 935
746 248 922 311 HONORII
943 249 989 310 111
1015 247 1165 326 ΟΡΕΜ.
1181 280 1219 296 -
1236 251 1470 314 SERMONES.
1885 255 1946 318 936

279 411 423 482 tumeat,
440 407 605 482 videlicet,
615 409 657 470 ad
672 409 782 471 Patris
795 409 966 473 dexteram
982 407 1081 471 collo·
1136 410 1258 488 cipitur
1272 411 1308 472 in
1323 410 1447 473 divinis
1461 411 1654 490 scripturis.
1666 415 1731 476 Pro
1748 413 1919 488 die,unde
1934 435 1942 474 ι

280 507 378 580 cavit,
387 511 423 569 ut
437 506 577 568 ibiesset
589 521 678 580 caro,
687 505 743 568 ubi
753 506 899 570 Verbum
909 508 1082 585 permanet
1135 510 1518 583 appropinquantium
1535 525 1753 584 azymorum,
1773 515 1836 586 oui
1857 515 1945 574 diot-
2040 521 2041 528 ’

278 605 316 666 in
329 605 452 668 saecula
464 605 675 667 saeculorum.
1136 605 1196 666 tur
1206 609 1342 668 Pascha
1356 604 1451 685 (Luc.
1466 622 1550 678 xxu,
1569 607 1615 686 l).
1635 609 1700 668 Pro
1713 608 1809 680 hora,
1828 609 1943 670 unda:

1135 703 1269 768 Quarta
1293 706 1428 766 melma
1452 707 1506 766 die
1529 707 1574 767 ad
1597 720 1782 780 vesperam
1801 711 1944 769 Pascha

605 839 752 924 XXXII
1134 798 1818 882 Domlrziest(bev.,xx111,5).Prehgno,
1830 804 1943 865 unde:

1140 898 1318 958 Venusiae
1329 913 1545 972 azymorum,
1558 903 1696 973 ozmndo
1708 915 1850 962 necesse
1863 904 1943 963 erat

1134 997 1240 1055 occidi
1256 999 1392 1058 Pascha
1415 994 1510 1074 (Luc.
1536 1011 1627 1068 ml,
1648 995 1694 1077 7).
1719 999 1788 1058 Pro
1808 1014 1942 1075 azymo,

422 1045 466 1106 IN
488 1043 618 1104 FESTO
640 1043 937 1104 PENTECOSTES
1134 1090 1244 1153 unde:
1267 1095 1346 1155 Noa
1363 1095 1579 1156 introierunt
1598 1098 1636 1157 in
1655 1097 1883 1169 pretorium,
1905 1099 1943 1158 at

320 1193 681 1270 rememorarentur
701 1195 774 1254 dtas
794 1191 1077 1254 Pentecostes.....
1134 1203 1203 1253 noo
1212 1191 1537 1253 contaminarentur
1549 1195 1611 1254 aad
1621 1195 1845 1256 comedes-ent
1854 1199 1943 1256 Pus-

276 1292 380 1388 ‚(Act.,
398 1290 493 1372 11,1).
1133 1294 1197 1352 cbo
1212 1285 1334 1368 (ioan,
1350 1303 1447 1361 xv111,
1463 1288 1712 1368 ammonete,
1727 1291 1943 1354 unaezante

320 1391 475 1467 Legimus
496 1391 532 1452 in
552 1389 658 1451 veteri
673 1388 895 1461 Testamenta,
912 1386 998 1466 quod
1019 1402 1079 1448 so·
1132 1390 1225 1448 diem
1244 1387 1372 1462 festam
1398 1391 1561 1458 Paschae,
1588 1390 1701 1450 aeteus
1726 1391 1832 1450 lesus
1855 1392 1942 1463 outa

280 1487 469 1550 lemnitates
493 1486 618 1564 legales
641 1485 850 1559 ludaeorum,
879 1501 961 1563 quas
986 1484 1079 1546 cele·
1133 1485 1228 1547 venit
1241 1489 1328 1547 bora
1342 1487 1418 1556 ejus
1435 1485 1474 1546 ut
1496 1485 1653 1546 transeat
1673 1488 1715 1546 cte
1731 1490 1796 1548 boc
1808 1489 1944 1548 mundo

279 1585 389 1656 brari,
407 1584 502 1646 erant
528 1585 664 1660 septem,
678 1582 845 1654 videlicet,
863 1581 1080 1654 sabbathum,
1133 1585 1177 1644 ad
1194 1583 1343 1643 Patrem
1357 1580 1482 1661 (toan,
1503 1577 1578 1655 xm,
1602 1584 1645 1655 lt.
1660 1583 1767 1644 Etiam
1781 1599 1844 1660 pro
1863 1585 1942 1661 ipso

277 1682 475 1752 Neomenia,
487 1680 837 1752 Phase,Pentecostes,
850 1679 969 1741 testum
980 1680 1081 1741 Clan—
1133 1679 1275 1752 Christo,
1291 1679 1380 1740 unde
1395 1701 1402 1740 :
1419 1683 1555 1742 Pascha
1564 1681 1725 1742 nostrum
1737 1683 1942 1744 immolatus

279 1779 385 1856 goris,
409 1778 529 1839 testum
553 1776 819 1854 Propitiationis,
849 1779 882 1838 et
908 1779 1077 1854 scenope-
1133 1777 1185 1840 est
1196 1777 1353 1840 certatus
1368 1775 1398 1856 (l
1413 1779 1502 1849 Gor„
1516 1793 1549 1850 r,
1565 1781 1608 1856 7).
1623 1779 1712 1840 Sane
1728 1779 1862 1842 Pascha
1878 1777 1942 1840 he-

277 1877 345 1952 gla.
371 1874 435 1936 sed
459 1875 547 1936 inter
569 1873 654 1934 istas
674 1872 870 1935 testivitates
892 1874 962 1936 tres
983 1873 1079 1935 erant
1132 1873 1246 1936 braioe
1267 1871 1389 1936 dicitur
1406 1879 1560 1948 apbose,
1581 1875 1668 1952 quod
1687 1877 1738 1936 est
1755 1875 1939 1944 transitus,

277 1972 495 2035 solemniores
522 1971 599 2032 aliis
622 1969 876 2043 festivitatibus,
902 1971 1076 2044 videlicet,
1132 1987 1241 2050 graece
1256 1987 1348 2043 vero,
1367 1979 1516 2044 anaqal,
1538 1972 1625 2050 quod
1642 1972 1678 2034 at
1693 1973 1839 2044 Pascha,
1855 1975 1938 2050 quia

276 2071 419 2142 Pascha,
438 2068 654 2145 scenopegia,
677 2069 711 2128 et
737 2067 964 2142 Pentecostes;
979 2067 1075 2140 idest,
1133 2085 1195 2146 per
1225 2069 1397 2146 passiones
1434 2069 1579 2132 transire
1607 2069 1766 2132 debemus
1794 2071 1837 2132 ad
1862 2071 1940 2146 glo-

277 2167 470 2230 solemnitas
485 2181 687 2243 azymorum,
704 2165 897 2227 solemnitas
916 2165 1078 2227 taberna·
1131 2167 1231 2239 riam,
1246 2166 1427 2228 secundum
1447 2168 1532 2244 quod
1548 2167 1673 2230 veritas
1690 2169 1763 2246 ipsa
1776 2167 1938 2230 dicebat:

276 2265 438 2336 culorum,
449 2263 683 2326 etsolemuitas
694 2261 987 2334 hebdomadarum,
996 2279 1078 2340 quas
1133 2265 1315 2338 Oportebat
1333 2265 1412 2338 pati
1429 2265 1616 2337 Obrutam,
1631 2266 1666 2327 et
1678 2266 1885 2345 stolati-arc
1900 2270 1939 2328 tn

275 2364 309 2424 et
332 2377 392 2423 nos
407 2361 442 2422 in
457 2359 639 2437 Evangelio
653 2375 719 2421 non
735 2358 776 2420 ad
793 2359 949 2431 litteram,
965 2359 1022 2420 sed
1041 2360 1077 2421 in
1126 2365 1279 2438 ¹gloriam
1292 2377 1392 2422 suam
1409 2361 1504 2440 (Luc.
1520 2377 1613 2434 xxiv,
1629 2361 1679 2440 7),

276 2459 396 2537 spiritu
406 2457 622 2520 celebramus.
635 2454 855 2533 litquodlibet
866 2455 1000 2517 illorum
1010 2455 1079 2518 ies-
1173 2459 1377 2536 Scenopegia
1403 2458 1484 2521 tinio
1509 2458 1801 2522 tabernaculorum
1824 2461 1937 2523 inter·

275 2560 344 2620 mm
358 2555 615 2634 protrahebatur
634 2555 758 2631 septam
780 2553 908 2615 diebus.
930 2556 1077 2626 Quarum
1131 2556 1293 2635 pretatur,
1316 2571 1356 2618 eo
1380 2557 1466 2634 quod
1493 2556 1634 2634 populus
1657 2557 1760 2619 Israel
1785 2559 1937 2635 quadra-

275 2655 348 2716 dies
363 2653 470 2730 prima
489 2653 522 2714 et
535 2653 652 2714 ultima
672 2651 838 2713 solemnes
858 2651 964 2721 erant,
982 2653 1014 2713 et
1027 2650 1079 2713 ie-
1131 2653 1224 2730 ginta
1256 2653 1354 2715 annis
1384 2655 1608 2716 commoratus
1631 2655 1683 2716 est
1711 2655 1747 2716 in
1786 2656 1934 2729 deserto,

275 2752 378 2814 riales
393 2749 434 2812 ab
450 2749 539 2812 omni
554 2765 655 2827 opere
667 2749 792 2816 servili.
806 2749 876 2810 Nos
886 2750 997 2811 autem
1006 2749 1077 2812 tres
1130 2751 1167 2812 in
1208 2753 1302 2829 cuius
1338 2752 1389 2812 rei
1429 2753 1624 2814 memoriam
1663 2752 1774 2815 Judaei
1823 2754 1934 2815 adhuc

274 2848 409 2910 illarum
425 2848 641 2910 festivitatum
656 2846 786 2910 tantum
804 2861 977 2910 servamus
992 2849 1080 2909 Pas-
1131 2847 1301 2910 celebrant
1329 2850 1571 2926 scenopegiam
1598 2849 1790 2912 habitantes
1816 2851 1853 2910 in
1878 2853 1935 2912 ta-

275 2947 351 3019 che,
367 2946 534 3017 videlicet,
562 2945 597 3007 in
618 2945 876 3017 resurrectione,
904 2947 1077 3021 Scenope-
1130 2945 1331 3008 bernaculis.
1363 2949 1469 3008 Porro
1498 2945 1749 3010 tabernaculum
1777 2949 1832 3009 est
1853 2964 1934 3010 cor-

274 3043 330 3119 gia
343 3043 377 3103 in
393 3042 609 3114 ascensione,
626 3043 845 3103 Pentecosten
865 3043 898 3104 in
918 3042 1074 3105 Paracliti
1131 3059 1192 3120 pus
1216 3043 1447 3120 Redemptoris
1469 3046 1686 3121 assumptum,
1713 3044 1749 3105 in
1779 3061 1847 3122 quo
1871 3045 1935 3106 sub

274 3140 446 3210 missione,
464 3137 521 3198 sed
537 3138 604 3198 alia
619 3138 749 3198 ratione
762 3153 861 3215 quam
876 3139 939 3199 illi.
1131 3141 1601 3204 humanitatelatetdivinitas.
1613 3143 1733 3219 mque
1750 3141 1832 3204 dicit
1840 3143 1935 3204 Psal-

315 3235 367 3298 llli
389 3234 560 3296 celebrant
579 3233 708 3294 Pascha
728 3235 860 3311 quando
879 3233 1015 3297 luerunt
1029 3235 1075 3296 li·
1131 3239 1229 3299 mista
1241 3259 1248 3298 :
1260 3241 1381 3302 insola
1389 3240 1505 3314 posuit
1517 3240 1777 3302 tabernometum
1787 3255 1935 3302 mum...

274 3333 381 3396 bereti
411 3349 430 3394 a
454 3331 616 3409 potestate
643 3331 829 3394 Pharaonis
858 3335 891 3395 et
917 3333 1076 3395 servitute
1131 3333 1200 3414 (Ps.
1216 3336 1264 3408 18,
1288 3334 1334 3416 6).
1360 3337 1429 3398 Nos
1453 3337 1564 3398 autem
1588 3336 1795 3398 celebramus
1811 3340 1935 3400 Sceno-

273 3429 518 3506 AEgyptiorum,
535 3427 622 3504 quod
643 3428 776 3490 Pascha
796 3428 959 3506 siquidem
977 3428 1075 3490 tran·
1130 3435 1261 3511 pegiam
1273 3433 1308 3495 in
1322 3433 1538 3502 ascensione,
1550 3433 1682 3511 quando
1693 3434 1766 3511 ipse
1779 3435 1934 3497 Christus

275 3529 359 3590 situs
369 3526 566 3605 appellatur,
574 3540 614 3588 ec
625 3524 711 3603 quod
719 3527 865 3602 Angelus
876 3528 1011 3590 transiit
1018 3543 1077 3605 per
1130 3548 1205 3593 cum
1219 3519 1358 3610 corpore
1373 3547 1434 3594 suo
1446 3531 1700 3609 quadragesimo
1720 3531 1774 3594 die
1787 3534 1863 3609 post
1875 3549 1934 3594 re-

273 3628 455 3703 AEgyptum
467 3624 696 3686 exterminans
710 3624 930 3700 primogenita
940 3625 1075 3702 AEgypti
1130 3631 1370 3692 surrectionem
1387 3629 1538 3692 ascendit
1552 3629 1595 3690 ad
1609 3629 1725 3703 coelos,
1740 3629 1932 3692 videntibus

275 3723 317 3785 ab
330 3722 464 3785 homine
479 3736 584 3798 usque
603 3719 645 3782 ad
666 3737 778 3799 pecus.
798 3722 988 3783 Transitum
1010 3738 1075 3783 au·
1130 3729 1164 3790 et
1185 3727 1425 3790 admirantibus
1449 3725 1621 3804 discipulis
1645 3742 1711 3788 non
1734 3727 1864 3789 unum
1889 3729 1933 3790 ad

272 3825 339 3884 tem
362 3821 462 3882 istum
483 3821 628 3881 loannes
649 3817 861 3894 Evangelista
890 3819 1073 3892 denuntiat,
1131 3825 1243 3895 coelos,
1260 3824 1317 3886 sed
1337 3825 1551 3902 supercoelcs
1572 3823 1730 3886 coelorum
1754 3824 1795 3886 ad
1811 3826 1933 3886 orien-

273 3919 388 3981 dicens
404 3939 411 3978 :
430 3919 550 3980 sciens
565 3919 667 3978 lesus
683 3920 764 3992 quta
782 3917 878 3978 canit
893 3921 980 3978 bora
1002 3921 1076 3991 ejus
1129 3923 1207 3984 tem.
1234 3922 1392 3984 Ascendit
1416 3937 1496 3998 ergo
1522 3920 1674 3984 Christus
1699 3937 1799 3999 super
1827 3923 1933 3984 coelos

271 4017 313 4078 ut
327 4014 484 4076 tralucet
496 4016 537 4074 de
550 4017 612 4074 boc
621 4015 749 4073 muodo
763 4015 807 4073 ad
821 4013 978 4085 Patrem,
996 4028 1076 4074 oum
1131 4019 1301 4092 caelorum,
1317 4019 1394 4096 quia
1410 4034 1509 4096 super
1529 4033 1643 4080 omnes
1658 4019 1830 4080 creaturas
1846 4019 1933 4080 visi-

273 4111 452 4174 dtteoctssat
466 4125 557 4180 suos,
571 4111 609 4170 tn
623 4110 728 4180 sinam
742 4111 864 4170 ademit
878 4123 936 4172 eoa
951 4107 1074 4188 (ioan,
1131 4115 1215 4179 biles
1243 4117 1276 4178 et
1302 4115 1489 4178 invisibiles
1516 4116 1650 4194 propria
1672 4116 1796 4178 virtute
1824 4117 1934 4178 subli-

273 4206 407 4286 x111‚'1)·
420 4207 488 4266 NOS
499 4207 609 4266 autem
622 4204 829 4266 ssfllflbl'afflfls
843 4207 983 4278 Patella,
997 4208 1074 4284 quia
1132 4213 1239 4276 matus
1253 4215 1302 4276 est
1316 4214 1357 4275 ad
1371 4213 1545 4286 orientem,
1562 4213 1658 4286 idest,
1675 4213 1717 4274 ad
1730 4215 1842 4275 Patris
1857 4214 1937 4276 dex-

274 4307 353 4368 tunc
365 4302 528 4378 redempti
542 4317 657 4390 sumus
673 4318 693 4363 a
708 4302 870 4378 potestate
881 4303 1005 4365 diaboli
1018 4319 1078 4382 per
1130 4309 1236 4373 teram
1261 4327 1509 4388 permansurus.
1533 4311 1573 4372 m
1595 4310 1670 4372 ideo
1699 4309 1785 4372 bene
1811 4311 1937 4372 dicitur

275 4401 465 4481 passionem
479 4399 513 4460 et
527 4399 666 4460 mortem
681 4401 762 4460 Jesu
777 4399 1078 4480 Christi,etasper-
1132 4409 1212 4471 fixio
1235 4407 1538 4480 tabernaculorum,
1560 4407 1638 4484 quia
1664 4406 1722 4468 illo
1745 4407 1801 4468 die
1830 4407 1935 4468 fixum

275 4499 462 4578 persionem
485 4495 658 4573 sanguinis
673 4499 757 4574 ejus,
780 4496 866 4559 sicut
885 4497 1078 4577 diciturper
1132 4491 1182 4568 est
1215 4505 1480 4573 tabernaculum,
1516 4505 1616 4577 idest,
1654 4519 1774 4582 corpus
1809 4505 1935 4568 Christi

276 4596 470 4661 Zachariam
501 4616 508 4654 ε
536 4599 580 4655 ln
604 4598 772 4671 scapulae
801 4596 999 4659 testamenti
1027 4599 1077 4660 tut
1132 4605 1235 4666 fixum
1256 4603 1362 4666 estin
1386 4602 1481 4675 caelo,
1498 4603 1531 4666 et
1550 4617 1690 4679 corpora
1710 4601 1859 4674 illorum,
1876 4603 1934 4679 qui

276 4694 430 4758 ademisti
451 4693 582 4755 strictos
601 4693 646 4754 de
669 4699 745 4754 mco
768 4696 805 4754 to
826 4707 891 4768 pao
912 4695 1077 4756 merserat
1132 4701 1313 4764 secundum
1344 4700 1504 4780 quosdam
1537 4700 1718 4762 creduntur
1752 4715 1828 4761 cum
1861 4701 1935 4778 ipso

277 4807 368 4867 adua
379 4789 505 4870 (zach,
522 4788 648 4869 1x‚ll).
665 4789 868 4862 Quasi-dicat
879 4812 886 4851 =
899 4793 924 4852 0
936 4792 1075 4864 Christe,
1132 4798 1319 4878 surrexisse
1332 4799 1415 4860 etin
1430 4797 1549 4861 coelum
1562 4797 1764 4859 ascendisse.

277 4889 409 4962 filibei,
426 4890 473 4961 tu,
488 4887 594 4950 effuso
610 4888 773 4964 sanguine
791 4887 848 4949 tuo
869 4888 904 4948 in
924 4889 1078 4966 redemp-
1152 4899 1212 4963 ¹Et
1237 4897 1316 4958 nota
1344 4895 1430 4973 quod
1459 4895 1532 4972 post
1566 4894 1688 4956 testum
1718 4895 1936 4956 ascensionis

276 4989 368 5050 tione
384 4988 604 5065 peccatorum,
622 4986 678 5062 qui
698 4985 821 5047 dicitur
840 4987 977 5061 sanguis
992 4989 1076 5050 Tes-
1132 4993 1281 5071 sequitur
1295 4993 1415 5055 festum
1426 4983 1650 5063 pentecostes,
1663 5007 1724 5052 nec
1735 4989 1936 5054 observatur

276 5085 426 5157 tamenti,
448 5100 508 5162 pro
523 5097 563 5144 ec
577 5083 664 5159 quod
679 5082 714 5142 in
733 5082 806 5159 ipso
824 5099 945 5144 novum
961 5086 1078 5147 Testa·
1132 5088 1886 5167 ordoinnovoTestamentoquieratinveteri.
1897 5091 1934 5150 ln

277 5185 424 5246 mentum
450 5180 673 5252 consecrasti,
707 5180 853 5242 eduxisti
879 5181 1009 5244 vinctos
1037 5184 1077 5245 de
1132 5190 1245 5250 vetere
1265 5189 1353 5250 enim
1368 5205 1387 5250 e
1402 5187 1475 5264 lege
1492 5187 1704 5249 Pentecostes
1723 5187 1936 5263 praecedebat

277 5284 369 5354 lacu,
383 5279 477 5350 idest,
494 5294 551 5340 eos
566 5277 623 5354 qui
634 5277 730 5338 erant
740 5277 774 5337 in
785 5277 931 5340 tenebris
943 5279 1075 5354 interni,
1133 5285 1383 5363 scenopegiam.
1398 5286 1494 5347 Nunc
1509 5283 1621 5346 autem
1634 5299 1652 5344 e
1667 5299 1830 5345 converso
1849 5285 1934 5344 Sce-

278 5377 416 5441 0bnoxii
438 5377 571 5454 peccato
596 5374 763 5450 originali.
792 5357 844 5438 Do
869 5381 954 5449 meo,
981 5376 1075 5452 idest,
1132 5384 1286 5460 nopegia,
1318 5371 1600 5455 idest‚'hscensi0
1625 5380 1783 5459 praecedit
1805 5383 1934 5442 Pente-

279 5477 474 5548 deinseffls
491 5473 526 5536 in
540 5489 604 5551 (11¹0
620 5489 686 5535 1¹0ss
701 5473 774 5536 elai
787 5489 885 5552 aqua,
907 5474 1002 5548 idest,
1023 5491 1079 5538 1‘0-
1133 5483 1257 5543 costen.
1284 5469 1434 5543 Unde‘in
1458 5480 1602 5542 lectione
1625 5481 1764 5542 hctuum
1790 5480 1937 5555 Aposto-

272 5573 463 5649 trigorium.
478 5571 607 5634 Pascha
622 5585 766 5648 namque
775 5571 889 5632 multis
902 5572 1009 5634 modis
1021 5589 1079 5636 ac·
1132 5578 1275 5641 talorum
1311 5591 1384 5656 quae
1415 5576 1511 5638 modo
1541 5577 1680 5638 recitata
1706 5574 1768 5647 est,
1791 5575 1937 5652 quatuor
