<?xml version="1.0" encoding="UTF-8"?>
<!DOCTYPE html PUBLIC "-//W3C//DTD XHTML 1.0 Transitional//EN"
    "http://www.w3.org/TR/xhtml1/DTD/xhtml1-transitional.dtd">
<html xmlns="http://www.w3.org/1999/xhtml" xml:lang="en" lang="en">
 <head>
  <title>
</title>
<meta http-equiv="Content-Type" content="text/html;charset=utf-8" />
  <meta name='ocr-system' content='tesseract 3.04.00' />
  <meta name='ocr-capabilities' content='ocr_page ocr_carea ocr_par ocr_line ocrx_word'/>
</head>
<body>
  <div class='ocr_page' id='page_1' title='image "./mediiaevibiblio05bottgoog_0399.png"; bbox 0 0 4076 6420; ppageno 0'>
   <div class='ocr_carea' id='block_1_1' title="bbox 294 245 1955 318">
    <p class='ocr_par' dir='ltr' id='par_1_1' title="bbox 294 245 1955 318">
     <span class='ocr_line' id='line_1_1' title="bbox 294 245 1955 318; baseline 0.003 -8"><span class='ocrx_word' id='word_1_1' title='bbox 294 249 354 310; x_wconf 80' lang='lat' dir='ltr'>tto</span> <span class='ocrx_word' id='word_1_2' title='bbox 758 251 934 316; x_wconf 86' lang='lat' dir='ltr'><strong>HONORII</strong></span> <span class='ocrx_word' id='word_1_3' title='bbox 955 251 999 314; x_wconf 87' lang='lat'>111</span> <span class='ocrx_word' id='word_1_4' title='bbox 1021 251 1169 316; x_wconf 80' lang='lat' dir='ltr'>OPERA.</span> <span class='ocrx_word' id='word_1_5' title='bbox 1188 285 1226 300; x_wconf 95' lang='lat'>-</span> <span class='ocrx_word' id='word_1_6' title='bbox 1242 251 1473 318; x_wconf 80' lang='lat' dir='ltr'><strong>SERMONES.</strong></span> <span class='ocrx_word' id='word_1_7' title='bbox 1888 245 1955 315; x_wconf 75' lang='grc'>720</span> 
     </span>
    </p>
   </div>
   <div class='ocr_carea' id='block_1_2' title="bbox 268 410 1954 5686">
    <p class='ocr_par' dir='ltr' id='par_1_2' title="bbox 268 410 1954 5686">
     <span class='ocr_line' id='line_1_2' title="bbox 294 410 1954 492; baseline 0.002 -20"><span class='ocrx_word' id='word_1_8' title='bbox 294 410 392 472; x_wconf 92' lang='lat' dir='ltr'>modo</span> <span class='ocrx_word' id='word_1_9' title='bbox 427 426 487 488; x_wconf 89' lang='lat' dir='ltr'>per</span> <span class='ocrx_word' id='word_1_10' title='bbox 514 410 803 487; x_wconf 82' lang='lat' dir='ltr'>gubernationem,</span> <span class='ocrx_word' id='word_1_11' title='bbox 834 415 870 476; x_wconf 92' lang='lat' dir='ltr'>in</span> <span class='ocrx_word' id='word_1_12' title='bbox 895 414 1006 476; x_wconf 87' lang='lat' dir='ltr'>tuturo</span> <span class='ocrx_word' id='word_1_13' title='bbox 1031 429 1090 491; x_wconf 90' lang='lat' dir='ltr'>per</span> <span class='ocrx_word' id='word_1_14' title='bbox 1145 414 1211 476; x_wconf 85' lang='lat' dir='ltr'>tris</span> <span class='ocrx_word' id='word_1_15' title='bbox 1238 417 1274 477; x_wconf 82' lang='lat' dir='ltr'>tn</span> <span class='ocrx_word' id='word_1_16' title='bbox 1301 420 1471 492; x_wconf 70' lang='lat' dir='ltr'>scarpariae</span> <span class='ocrx_word' id='word_1_17' title='bbox 1497 431 1571 476; x_wconf 79' lang='lat' dir='ltr'>sato.</span> <span class='ocrx_word' id='word_1_18' title='bbox 1598 413 1638 474; x_wconf 84' lang='lat' dir='ltr'>nt</span> <span class='ocrx_word' id='word_1_19' title='bbox 1655 413 1690 474; x_wconf 92' lang='lat' dir='ltr'>in</span> <span class='ocrx_word' id='word_1_20' title='bbox 1711 414 1861 490; x_wconf 78' lang='lat' dir='ltr'>Epistola</span> <span class='ocrx_word' id='word_1_21' title='bbox 1888 431 1954 476; x_wconf 88' lang='lat' dir='ltr'>ca-</span> 
     </span>
     <span class='ocr_line' id='line_1_3' title="bbox 294 508 1953 592; baseline 0.004 -24"><span class='ocrx_word' id='word_1_22' title='bbox 294 508 582 583; x_wconf 84' lang='lat' dir='ltr'>gloriticationem.</span> <span class='ocrx_word' id='word_1_23' title='bbox 608 513 673 571; x_wconf 89' lang='lat' dir='ltr'>Per</span> <span class='ocrx_word' id='word_1_24' title='bbox 699 514 993 587; x_wconf 75' lang='lat' dir='ltr'>gubernottooem,</span> <span class='ocrx_word' id='word_1_25' title='bbox 1011 514 1088 592; x_wconf 86' lang='lat' dir='ltr'>quia</span> <span class='ocrx_word' id='word_1_26' title='bbox 1144 514 1263 574; x_wconf 80' lang='lat' dir='ltr'>nonies</span> <span class='ocrx_word' id='word_1_27' title='bbox 1289 537 1297 573; x_wconf 91' lang='lat'><strong>:</strong></span> <span class='ocrx_word' id='word_1_28' title='bbox 1321 517 1471 590; x_wconf 72' lang='lat' dir='ltr'>sappus</span> <span class='ocrx_word' id='word_1_29' title='bbox 1497 515 1581 574; x_wconf 82' lang='lat' dir='ltr'>Jesu</span> <span class='ocrx_word' id='word_1_30' title='bbox 1608 513 1671 584; x_wconf 76' lang='lat' dir='ltr'>atta</span> <span class='ocrx_word' id='word_1_31' title='bbox 1704 515 1769 572; x_wconf 85' lang='lat' dir='ltr'>Det</span> <span class='ocrx_word' id='word_1_32' title='bbox 1796 515 1953 574; x_wconf 76' lang='lat' dir='ltr'>mundet</span> 
     </span>
     <span class='ocr_line' id='line_1_4' title="bbox 294 595 1953 688; baseline 0.004 -22"><span class='ocrx_word' id='word_1_33' title='bbox 294 607 367 683; x_wconf 92' lang='lat' dir='ltr'>ipse</span> <span class='ocrx_word' id='word_1_34' title='bbox 379 607 466 682; x_wconf 90' lang='lat' dir='ltr'>regit</span> <span class='ocrx_word' id='word_1_35' title='bbox 479 609 660 670; x_wconf 83' lang='lat' dir='ltr'>Ecclesiam</span> <span class='ocrx_word' id='word_1_36' title='bbox 683 625 777 670; x_wconf 88' lang='lat' dir='ltr'>suam</span> <span class='ocrx_word' id='word_1_37' title='bbox 799 611 887 672; x_wconf 90' lang='lat' dir='ltr'>inter</span> <span class='ocrx_word' id='word_1_38' title='bbox 909 612 1088 673; x_wconf 87' lang='lat' dir='ltr'>varietates</span> <span class='ocrx_word' id='word_1_39' title='bbox 1143 614 1267 672; x_wconf 83' lang='lat' dir='ltr'>nesab</span> <span class='ocrx_word' id='word_1_40' title='bbox 1295 615 1390 672; x_wconf 73' lang='lat' dir='ltr'>omitt</span> <span class='ocrx_word' id='word_1_41' title='bbox 1423 610 1565 684; x_wconf 81' lang='lat' dir='ltr'>peceato</span> <span class='ocrx_word' id='word_1_42' title='bbox 1595 607 1624 688; x_wconf 87' lang='lat'>(1</span> <span class='ocrx_word' id='word_1_43' title='bbox 1651 611 1749 672; x_wconf 88' lang='lat' dir='ltr'>Joan.</span> <span class='ocrx_word' id='word_1_44' title='bbox 1779 623 1803 681; x_wconf 86' lang='lat' dir='ltr'>r,</span> <span class='ocrx_word' id='word_1_45' title='bbox 1822 595 1878 688; x_wconf 87' lang='lat'><strong>&#39;7).</strong></span> <span class='ocrx_word' id='word_1_46' title='bbox 1910 613 1953 672; x_wconf 85' lang='lat' dir='ltr'>Et</span> 
     </span>
     <span class='ocr_line' id='line_1_5' title="bbox 294 705 1948 786; baseline 0.002 -22"><span class='ocrx_word' id='word_1_47' title='bbox 294 705 328 765; x_wconf 90' lang='lat' dir='ltr'>et</span> <span class='ocrx_word' id='word_1_48' title='bbox 346 705 494 780; x_wconf 85' lang='lat' dir='ltr'>periente</span> <span class='ocrx_word' id='word_1_49' title='bbox 509 705 608 783; x_wconf 85' lang='lat' dir='ltr'>hujus</span> <span class='ocrx_word' id='word_1_50' title='bbox 623 707 754 781; x_wconf 90' lang='lat' dir='ltr'>mundi;</span> <span class='ocrx_word' id='word_1_51' title='bbox 771 709 859 784; x_wconf 88' lang='lat' dir='ltr'>quia,</span> <span class='ocrx_word' id='word_1_52' title='bbox 878 711 914 770; x_wconf 93' lang='lat' dir='ltr'>ut</span> <span class='ocrx_word' id='word_1_53' title='bbox 927 708 975 771; x_wconf 88' lang='lat' dir='ltr'>ait</span> <span class='ocrx_word' id='word_1_54' title='bbox 989 714 1089 786; x_wconf 88' lang='lat' dir='ltr'>Apos-</span> <span class='ocrx_word' id='word_1_55' title='bbox 1144 709 1248 770; x_wconf 85' lang='lat' dir='ltr'>isaias</span> <span class='ocrx_word' id='word_1_56' title='bbox 1266 731 1273 768; x_wconf 77' lang='grc' dir='ltr'><strong>ι</strong></span> <span class='ocrx_word' id='word_1_57' title='bbox 1295 713 1380 770; x_wconf 89' lang='lat' dir='ltr'>Vere</span> <span class='ocrx_word' id='word_1_58' title='bbox 1399 713 1583 783; x_wconf 68' lang='lat' dir='ltr'>marmores</span> <span class='ocrx_word' id='word_1_59' title='bbox 1602 707 1741 768; x_wconf 76' lang='lat' dir='ltr'>nostros</span> <span class='ocrx_word' id='word_1_60' title='bbox 1756 709 1833 780; x_wconf 80' lang='lat' dir='ltr'>ipse</span> <span class='ocrx_word' id='word_1_61' title='bbox 1854 708 1948 780; x_wconf 75' lang='lat' dir='ltr'>tedii,</span> 
     </span>
     <span class='ocr_line' id='line_1_6' title="bbox 294 802 1948 883; baseline 0.001 -19"><span class='ocrx_word' id='word_1_62' title='bbox 294 803 382 864; x_wconf 89' lang='lat' dir='ltr'>tolus</span> <span class='ocrx_word' id='word_1_63' title='bbox 397 807 605 878; x_wconf 69' lang='lat' dir='ltr'>:Nereaque</span> <span class='ocrx_word' id='word_1_64' title='bbox 619 806 755 878; x_wconf 76' lang='lat' dir='ltr'>plantet</span> <span class='ocrx_word' id='word_1_65' title='bbox 769 807 821 868; x_wconf 87' lang='lat' dir='ltr'>est</span> <span class='ocrx_word' id='word_1_66' title='bbox 834 811 1089 882; x_wconf 68' lang='lat' dir='ltr'>oratoremque</span> <span class='ocrx_word' id='word_1_67' title='bbox 1143 809 1177 868; x_wconf 86' lang='lat' dir='ltr'>et</span> <span class='ocrx_word' id='word_1_68' title='bbox 1199 810 1333 868; x_wconf 87' lang='lat' dir='ltr'>dotores</span> <span class='ocrx_word' id='word_1_69' title='bbox 1354 807 1490 867; x_wconf 81' lang='lat' dir='ltr'>nostros</span> <span class='ocrx_word' id='word_1_70' title='bbox 1516 809 1589 878; x_wconf 77' lang='lat' dir='ltr'>ipse</span> <span class='ocrx_word' id='word_1_71' title='bbox 1608 805 1767 877; x_wconf 80' lang='lat' dir='ltr'>portavtt</span> <span class='ocrx_word' id='word_1_72' title='bbox 1788 802 1848 883; x_wconf 89' lang='lat' dir='ltr'>(Is.</span> <span class='ocrx_word' id='word_1_73' title='bbox 1871 821 1948 877; x_wconf 82' lang='lat' dir='ltr'>nur,</span> 
     </span>
     <span class='ocr_line' id='line_1_7' title="bbox 293 901 1949 982; baseline 0.001 -21"><span class='ocrx_word' id='word_1_74' title='bbox 293 905 352 975; x_wconf 77' lang='lat' dir='ltr'>qut</span> <span class='ocrx_word' id='word_1_75' title='bbox 370 902 475 978; x_wconf 80' lang='lat' dir='ltr'>rtgot,</span> <span class='ocrx_word' id='word_1_76' title='bbox 489 906 549 964; x_wconf 85' lang='lat' dir='ltr'>sed</span> <span class='ocrx_word' id='word_1_77' title='bbox 563 907 622 976; x_wconf 77' lang='lat' dir='ltr'>eut</span> <span class='ocrx_word' id='word_1_78' title='bbox 644 906 896 966; x_wconf 80' lang='lat' dir='ltr'>incrementum</span> <span class='ocrx_word' id='word_1_79' title='bbox 909 907 979 978; x_wconf 82' lang='lat' dir='ltr'>dot,</span> <span class='ocrx_word' id='word_1_80' title='bbox 996 910 1097 974; x_wconf 82' lang='lat' dir='ltr'>Deus¹</span> <span class='ocrx_word' id='word_1_81' title='bbox 1143 903 1189 982; x_wconf 81' lang='grc'>1).</span> <span class='ocrx_word' id='word_1_82' title='bbox 1214 903 1307 965; x_wconf 84' lang='lat' dir='ltr'>Unde</span> <span class='ocrx_word' id='word_1_83' title='bbox 1327 903 1521 964; x_wconf 89' lang='lat' dir='ltr'>Ambrosius</span> <span class='ocrx_word' id='word_1_84' title='bbox 1544 923 1552 960; x_wconf 73' lang='grc' dir='ltr'>ε</span> <span class='ocrx_word' id='word_1_85' title='bbox 1576 917 1595 960; x_wconf 73' lang='lat' dir='ltr'>a</span> <span class='ocrx_word' id='word_1_86' title='bbox 1616 901 1760 962; x_wconf 89' lang='lat' dir='ltr'>Mundus</span> <span class='ocrx_word' id='word_1_87' title='bbox 1780 903 1949 964; x_wconf 80' lang='lat' dir='ltr'>Dominus</span> 
     </span>
     <span class='ocr_line' id='line_1_8' title="bbox 295 997 1950 1079; baseline 0.002 -21"><span class='ocrx_word' id='word_1_88' title='bbox 295 998 324 1076; x_wconf 88' lang='grc' dir='ltr'>(Ι</span> <span class='ocrx_word' id='word_1_89' title='bbox 339 1000 413 1060; x_wconf 85' lang='lat' dir='ltr'>Gor.</span> <span class='ocrx_word' id='word_1_90' title='bbox 429 1014 479 1070; x_wconf 90' lang='lat'>111,</span> <span class='ocrx_word' id='word_1_91' title='bbox 495 997 541 1079; x_wconf 86' lang='lat'>7).</span> <span class='ocrx_word' id='word_1_92' title='bbox 555 1003 596 1062; x_wconf 85' lang='lat' dir='ltr'>nt</span> <span class='ocrx_word' id='word_1_93' title='bbox 612 1001 689 1062; x_wconf 87' lang='lat' dir='ltr'>lieet</span> <span class='ocrx_word' id='word_1_94' title='bbox 707 1001 828 1066; x_wconf 79' lang='lat' dir='ltr'>absens</span> <span class='ocrx_word' id='word_1_95' title='bbox 842 1003 996 1066; x_wconf 83' lang='lat' dir='ltr'>videatur</span> <span class='ocrx_word' id='word_1_96' title='bbox 1013 1019 1090 1064; x_wconf 82' lang='lat' dir='ltr'>eor-</span> <span class='ocrx_word' id='word_1_97' title='bbox 1144 1001 1299 1064; x_wconf 89' lang='lat' dir='ltr'>mundam</span> <span class='ocrx_word' id='word_1_98' title='bbox 1323 1000 1386 1062; x_wconf 89' lang='lat' dir='ltr'>sibi</span> <span class='ocrx_word' id='word_1_99' title='bbox 1406 999 1567 1061; x_wconf 79' lang='lat' dir='ltr'>familiam</span> <span class='ocrx_word' id='word_1_100' title='bbox 1583 1000 1619 1060; x_wconf 90' lang='lat' dir='ltr'>in</span> <span class='ocrx_word' id='word_1_101' title='bbox 1634 999 1698 1061; x_wconf 86' lang='lat' dir='ltr'>boe</span> <span class='ocrx_word' id='word_1_102' title='bbox 1716 1013 1860 1076; x_wconf 79' lang='lat' dir='ltr'>corpore</span> <span class='ocrx_word' id='word_1_103' title='bbox 1874 1001 1950 1061; x_wconf 84' lang='lat' dir='ltr'>ele-</span> 
     </span>
     <span class='ocr_line' id='line_1_9' title="bbox 294 1099 1237 1177; baseline 0.003 -20"><span class='ocrx_word' id='word_1_104' title='bbox 294 1112 386 1173; x_wconf 91' lang='lat' dir='ltr'>pore,</span> <span class='ocrx_word' id='word_1_105' title='bbox 413 1099 524 1159; x_wconf 87' lang='lat' dir='ltr'>tamen</span> <span class='ocrx_word' id='word_1_106' title='bbox 551 1114 698 1176; x_wconf 87' lang='lat' dir='ltr'>praesens</span> <span class='ocrx_word' id='word_1_107' title='bbox 726 1100 777 1161; x_wconf 88' lang='grc' dir='ltr'>θεῖ</span> <span class='ocrx_word' id='word_1_108' title='bbox 799 1099 984 1173; x_wconf 85' lang='lat' dir='ltr'>divinitate,</span> <span class='ocrx_word' id='word_1_109' title='bbox 1010 1099 1088 1177; x_wconf 87' lang='lat' dir='ltr'>quie</span> <span class='ocrx_word' id='word_1_110' title='bbox 1143 1099 1237 1176; x_wconf 85' lang='lat' dir='ltr'>git.»</span> 
     </span>
     <span class='ocr_line' id='line_1_10' title="bbox 268 1191 1947 1275; baseline 0.001 -21"><span class='ocrx_word' id='word_1_111' title='bbox 268 1196 381 1255; x_wconf 89' lang='lat' dir='ltr'>¹Deus</span> <span class='ocrx_word' id='word_1_112' title='bbox 412 1194 533 1272; x_wconf 92' lang='lat' dir='ltr'>ubique</span> <span class='ocrx_word' id='word_1_113' title='bbox 559 1196 610 1258; x_wconf 97' lang='grc' dir='ltr'>θεῖ</span> <span class='ocrx_word' id='word_1_114' title='bbox 637 1212 703 1257; x_wconf 95' lang='lat' dir='ltr'>non</span> <span class='ocrx_word' id='word_1_115' title='bbox 732 1197 839 1258; x_wconf 89' lang='lat' dir='ltr'>solum</span> <span class='ocrx_word' id='word_1_116' title='bbox 865 1198 1089 1275; x_wconf 83' lang='lat' dir='ltr'>potentialiter</span> <span class='ocrx_word' id='word_1_117' title='bbox 1183 1201 1333 1275; x_wconf 81' lang='lat' dir='ltr'>Regnum</span> <span class='ocrx_word' id='word_1_118' title='bbox 1354 1211 1434 1273; x_wconf 89' lang='lat' dir='ltr'>ergo</span> <span class='ocrx_word' id='word_1_119' title='bbox 1458 1196 1633 1268; x_wconf 78' lang='lat' dir='ltr'>emiorum,</span> <span class='ocrx_word' id='word_1_120' title='bbox 1665 1193 1764 1268; x_wconf 84' lang='lat' dir='ltr'>idest,</span> <span class='ocrx_word' id='word_1_121' title='bbox 1791 1191 1947 1257; x_wconf 79' lang='lat' dir='ltr'>Ecclesia</span> 
     </span>
     <span class='ocr_line' id='line_1_11' title="bbox 293 1291 1947 1371; baseline -0.001 -19"><span class='ocrx_word' id='word_1_122' title='bbox 293 1291 349 1352; x_wconf 87' lang='lat' dir='ltr'>sed</span> <span class='ocrx_word' id='word_1_123' title='bbox 372 1292 472 1354; x_wconf 85' lang='lat' dir='ltr'>etiam</span> <span class='ocrx_word' id='word_1_124' title='bbox 500 1293 733 1367; x_wconf 85' lang='lat' dir='ltr'>essentialiter,</span> <span class='ocrx_word' id='word_1_125' title='bbox 755 1295 840 1357; x_wconf 87' lang='lat' dir='ltr'>sieut</span> <span class='ocrx_word' id='word_1_126' title='bbox 861 1296 946 1356; x_wconf 82' lang='lat' dir='ltr'>dixit</span> <span class='ocrx_word' id='word_1_127' title='bbox 958 1296 1086 1358; x_wconf 86' lang='lat' dir='ltr'>David:</span> <span class='ocrx_word' id='word_1_128' title='bbox 1143 1311 1230 1358; x_wconf 87' lang='lat' dir='ltr'>nune</span> <span class='ocrx_word' id='word_1_129' title='bbox 1250 1297 1300 1358; x_wconf 89' lang='grc' dir='ltr'>θεῖ</span> <span class='ocrx_word' id='word_1_130' title='bbox 1326 1295 1435 1355; x_wconf 91' lang='lat' dir='ltr'>simile</span> <span class='ocrx_word' id='word_1_131' title='bbox 1463 1294 1602 1366; x_wconf 91' lang='lat' dir='ltr'>homini,</span> <span class='ocrx_word' id='word_1_132' title='bbox 1629 1293 1732 1366; x_wconf 88' lang='lat' dir='ltr'>idest,</span> <span class='ocrx_word' id='word_1_133' title='bbox 1753 1291 1947 1371; x_wconf 83' lang='lat' dir='ltr'>patrifami-</span> 
     </span>
     <span class='ocr_line' id='line_1_12' title="bbox 292 1391 1946 1468; baseline 0 -18"><span class='ocrx_word' id='word_1_134' title='bbox 292 1392 330 1450; x_wconf 82' lang='lat' dir='ltr'>st</span> <span class='ocrx_word' id='word_1_135' title='bbox 353 1393 541 1452; x_wconf 79' lang='lat' dir='ltr'>ascendero</span> <span class='ocrx_word' id='word_1_136' title='bbox 566 1395 603 1452; x_wconf 81' lang='lat' dir='ltr'>tn</span> <span class='ocrx_word' id='word_1_137' title='bbox 626 1399 748 1455; x_wconf 76' lang='lat' dir='ltr'>eretum</span> <span class='ocrx_word' id='word_1_138' title='bbox 772 1395 810 1454; x_wconf 84' lang='lat' dir='ltr'>tu</span> <span class='ocrx_word' id='word_1_139' title='bbox 836 1398 903 1455; x_wconf 80' lang='lat' dir='ltr'>tttte</span> <span class='ocrx_word' id='word_1_140' title='bbox 923 1409 971 1466; x_wconf 85' lang='lat' dir='ltr'>es,</span> <span class='ocrx_word' id='word_1_141' title='bbox 1001 1395 1035 1456; x_wconf 86' lang='lat' dir='ltr'>et</span> <span class='ocrx_word' id='word_1_142' title='bbox 1057 1399 1089 1456; x_wconf 73' lang='lat' dir='ltr'>st</span> <span class='ocrx_word' id='word_1_143' title='bbox 1143 1394 1216 1466; x_wconf 90' lang='lat' dir='ltr'>lias,</span> <span class='ocrx_word' id='word_1_144' title='bbox 1234 1393 1330 1465; x_wconf 86' lang='lat' dir='ltr'>idest,</span> <span class='ocrx_word' id='word_1_145' title='bbox 1352 1395 1430 1464; x_wconf 92' lang='lat' dir='ltr'>Deo,</span> <span class='ocrx_word' id='word_1_146' title='bbox 1446 1391 1608 1454; x_wconf 85' lang='lat' dir='ltr'>imitando</span> <span class='ocrx_word' id='word_1_147' title='bbox 1624 1394 1698 1468; x_wconf 86' lang='lat' dir='ltr'>ejus</span> <span class='ocrx_word' id='word_1_148' title='bbox 1715 1391 1946 1452; x_wconf 82' lang='lat' dir='ltr'>sanctitatem.</span> 
     </span>
     <span class='ocr_line' id='line_1_13' title="bbox 292 1487 1948 1571; baseline 0.001 -23"><span class='ocrx_word' id='word_1_149' title='bbox 292 1491 500 1549; x_wconf 78' lang='lat' dir='ltr'>descendero</span> <span class='ocrx_word' id='word_1_150' title='bbox 512 1493 548 1549; x_wconf 81' lang='lat' dir='ltr'>to</span> <span class='ocrx_word' id='word_1_151' title='bbox 566 1491 744 1564; x_wconf 77' lang='lat' dir='ltr'>infernum</span> <span class='ocrx_word' id='word_1_152' title='bbox 755 1537 763 1562; x_wconf 92' lang='lat'>,</span> <span class='ocrx_word' id='word_1_153' title='bbox 774 1496 856 1552; x_wconf 85' lang='lat' dir='ltr'>ades</span> <span class='ocrx_word' id='word_1_154' title='bbox 872 1490 942 1571; x_wconf 86' lang='lat' dir='ltr'>(Ps.</span> <span class='ocrx_word' id='word_1_155' title='bbox 955 1493 1024 1566; x_wconf 85' lang='lat'>138,</span> <span class='ocrx_word' id='word_1_156' title='bbox 1041 1490 1087 1571; x_wconf 86' lang='lat'>8.)</span> <span class='ocrx_word' id='word_1_157' title='bbox 1144 1492 1239 1554; x_wconf 82' lang='lat' dir='ltr'>Unde</span> <span class='ocrx_word' id='word_1_158' title='bbox 1254 1487 1413 1554; x_wconf 81' lang='lat' dir='ltr'>Dominus</span> <span class='ocrx_word' id='word_1_159' title='bbox 1431 1491 1466 1550; x_wconf 95' lang='lat' dir='ltr'>in</span> <span class='ocrx_word' id='word_1_160' title='bbox 1482 1492 1589 1565; x_wconf 86' lang='lat' dir='ltr'>Lege:</span> <span class='ocrx_word' id='word_1_161' title='bbox 1605 1490 1724 1551; x_wconf 77' lang='lat' dir='ltr'>Sortott</span> <span class='ocrx_word' id='word_1_162' title='bbox 1737 1490 1847 1552; x_wconf 82' lang='lat' dir='ltr'>estote</span> <span class='ocrx_word' id='word_1_163' title='bbox 1862 1492 1948 1562; x_wconf 77' lang='lat' dir='ltr'>ertia</span> 
     </span>
     <span class='ocr_line' id='line_1_14' title="bbox 293 1584 1946 1667; baseline 0.001 -23"><span class='ocrx_word' id='word_1_164' title='bbox 293 1587 334 1644; x_wconf 81' lang='lat' dir='ltr'>ut</span> <span class='ocrx_word' id='word_1_165' title='bbox 356 1586 428 1660; x_wconf 91' lang='lat' dir='ltr'>ipse</span> <span class='ocrx_word' id='word_1_166' title='bbox 449 1587 608 1646; x_wconf 89' lang='lat' dir='ltr'>Dominus</span> <span class='ocrx_word' id='word_1_167' title='bbox 629 1587 665 1646; x_wconf 91' lang='lat' dir='ltr'>in</span> <span class='ocrx_word' id='word_1_168' title='bbox 687 1589 869 1664; x_wconf 86' lang='lat' dir='ltr'>Evangelio</span> <span class='ocrx_word' id='word_1_169' title='bbox 891 1594 1003 1653; x_wconf 79' lang='lat' dir='ltr'>:Eece</span> <span class='ocrx_word' id='word_1_170' title='bbox 1027 1604 1088 1666; x_wconf 83' lang='lat' dir='ltr'>epo</span> <span class='ocrx_word' id='word_1_171' title='bbox 1142 1594 1216 1664; x_wconf 83' lang='lat' dir='ltr'>Ego</span> <span class='ocrx_word' id='word_1_172' title='bbox 1230 1589 1377 1650; x_wconf 79' lang='lat' dir='ltr'>Sanetus</span> <span class='ocrx_word' id='word_1_173' title='bbox 1400 1584 1946 1667; x_wconf 72' lang='lat' dir='ltr'>eemtnevtt.x1x,2).nienomo</span> 
     </span>
     <span class='ocr_line' id='line_1_15' title="bbox 293 1683 1946 1764; baseline -0.001 -20"><span class='ocrx_word' id='word_1_174' title='bbox 293 1685 467 1744; x_wconf 76' lang='lat' dir='ltr'>rodarum</span> <span class='ocrx_word' id='word_1_175' title='bbox 493 1698 574 1744; x_wconf 84' lang='lat' dir='ltr'>sum</span> <span class='ocrx_word' id='word_1_176' title='bbox 595 1686 752 1746; x_wconf 73' lang='lat' dir='ltr'>otntttbus</span> <span class='ocrx_word' id='word_1_177' title='bbox 775 1690 892 1748; x_wconf 79' lang='lat' dir='ltr'>diebus</span> <span class='ocrx_word' id='word_1_178' title='bbox 918 1703 1026 1760; x_wconf 76' lang='lat' dir='ltr'>usqae</span> <span class='ocrx_word' id='word_1_179' title='bbox 1044 1691 1089 1748; x_wconf 82' lang='lat' dir='ltr'>ad</span> <span class='ocrx_word' id='word_1_180' title='bbox 1143 1685 1384 1764; x_wconf 78' lang='lat' dir='ltr'>paterfamilias</span> <span class='ocrx_word' id='word_1_181' title='bbox 1402 1685 1485 1747; x_wconf 80' lang='lat' dir='ltr'>exiit</span> <span class='ocrx_word' id='word_1_182' title='bbox 1503 1686 1610 1763; x_wconf 89' lang='lat' dir='ltr'>primo</span> <span class='ocrx_word' id='word_1_183' title='bbox 1630 1699 1728 1745; x_wconf 89' lang='lat' dir='ltr'>mane</span> <span class='ocrx_word' id='word_1_184' title='bbox 1752 1683 1946 1746; x_wconf 86' lang='lat' dir='ltr'>conducere</span> 
     </span>
     <span class='ocr_line' id='line_1_16' title="bbox 293 1779 1945 1863; baseline 0.001 -23"><span class='ocrx_word' id='word_1_185' title='bbox 293 1779 1084 1863; x_wconf 64' lang='lat' dir='ltr'>concamerationemscectrtt(Matth.annnam).</span> <span class='ocrx_word' id='word_1_186' title='bbox 1143 1784 1314 1861; x_wconf 85' lang='lat' dir='ltr'>operarios</span> <span class='ocrx_word' id='word_1_187' title='bbox 1339 1782 1374 1845; x_wconf 94' lang='lat' dir='ltr'>in</span> <span class='ocrx_word' id='word_1_188' title='bbox 1398 1784 1530 1844; x_wconf 84' lang='lat' dir='ltr'>vineam</span> <span class='ocrx_word' id='word_1_189' title='bbox 1554 1797 1658 1843; x_wconf 87' lang='lat' dir='ltr'>suam.</span> <span class='ocrx_word' id='word_1_190' title='bbox 1678 1781 1871 1844; x_wconf 80' lang='lat' dir='ltr'>Notandum</span> <span class='ocrx_word' id='word_1_191' title='bbox 1891 1781 1945 1842; x_wconf 86' lang='lat' dir='ltr'>est</span> 
     </span>
     <span class='ocr_line' id='line_1_17' title="bbox 292 1877 1945 1960; baseline 0.002 -22"><span class='ocrx_word' id='word_1_192' title='bbox 292 1879 339 1938; x_wconf 89' lang='lat' dir='ltr'>Ao</span> <span class='ocrx_word' id='word_1_193' title='bbox 358 1877 386 1936; x_wconf 87' lang='lat' dir='ltr'>si</span> <span class='ocrx_word' id='word_1_194' title='bbox 410 1877 536 1938; x_wconf 87' lang='lat' dir='ltr'>diceret</span> <span class='ocrx_word' id='word_1_195' title='bbox 553 1899 560 1937; x_wconf 94' lang='lat'><strong>:</strong></span> <span class='ocrx_word' id='word_1_196' title='bbox 579 1877 756 1940; x_wconf 85' lang='lat' dir='ltr'>Vobiscum</span> <span class='ocrx_word' id='word_1_197' title='bbox 775 1897 848 1942; x_wconf 87' lang='lat' dir='ltr'>sum</span> <span class='ocrx_word' id='word_1_198' title='bbox 875 1882 1042 1957; x_wconf 88' lang='lat' dir='ltr'>protector</span> <span class='ocrx_word' id='word_1_199' title='bbox 1052 1883 1087 1943; x_wconf 92' lang='lat' dir='ltr'>in</span> <span class='ocrx_word' id='word_1_200' title='bbox 1142 1881 1228 1960; x_wconf 88' lang='lat' dir='ltr'>quod</span> <span class='ocrx_word' id='word_1_201' title='bbox 1242 1882 1386 1960; x_wconf 86' lang='lat' dir='ltr'>quinque</span> <span class='ocrx_word' id='word_1_202' title='bbox 1400 1880 1492 1942; x_wconf 86' lang='lat' dir='ltr'>horae</span> <span class='ocrx_word' id='word_1_203' title='bbox 1502 1881 1734 1957; x_wconf 82' lang='lat' dir='ltr'>exprimuntur</span> <span class='ocrx_word' id='word_1_204' title='bbox 1746 1879 1781 1939; x_wconf 94' lang='lat' dir='ltr'>in</span> <span class='ocrx_word' id='word_1_205' title='bbox 1791 1881 1945 1956; x_wconf 78' lang='lat' dir='ltr'>Evange-</span> 
     </span>
     <span class='ocr_line' id='line_1_18' title="bbox 292 1974 1945 2056; baseline 0 -20"><span class='ocrx_word' id='word_1_206' title='bbox 292 1974 561 2036; x_wconf 87' lang='lat' dir='ltr'>tribulationibus</span> <span class='ocrx_word' id='word_1_207' title='bbox 574 1977 607 2036; x_wconf 88' lang='lat' dir='ltr'>et</span> <span class='ocrx_word' id='word_1_208' title='bbox 619 1976 751 2053; x_wconf 82' lang='lat' dir='ltr'>adjutor</span> <span class='ocrx_word' id='word_1_209' title='bbox 763 1977 797 2038; x_wconf 94' lang='lat' dir='ltr'>in</span> <span class='ocrx_word' id='word_1_210' title='bbox 811 1977 908 2038; x_wconf 87' lang='lat' dir='ltr'>bonis</span> <span class='ocrx_word' id='word_1_211' title='bbox 919 1979 1085 2056; x_wconf 89' lang='lat' dir='ltr'>operibus,</span> <span class='ocrx_word' id='word_1_212' title='bbox 1143 1980 1199 2053; x_wconf 91' lang='lat' dir='ltr'>tio,</span> <span class='ocrx_word' id='word_1_213' title='bbox 1213 1979 1378 2050; x_wconf 84' lang='lat' dir='ltr'>videlicet,</span> <span class='ocrx_word' id='word_1_214' title='bbox 1394 1978 1511 2055; x_wconf 91' lang='lat' dir='ltr'>prima,</span> <span class='ocrx_word' id='word_1_215' title='bbox 1523 1979 1632 2050; x_wconf 83' lang='lat' dir='ltr'>tertia,</span> <span class='ocrx_word' id='word_1_216' title='bbox 1645 1979 1750 2048; x_wconf 82' lang='lat' dir='ltr'>sexta,</span> <span class='ocrx_word' id='word_1_217' title='bbox 1764 1992 1868 2049; x_wconf 85' lang='lat' dir='ltr'>nona,</span> <span class='ocrx_word' id='word_1_218' title='bbox 1882 1993 1945 2037; x_wconf 88' lang='lat' dir='ltr'>un·</span> 
     </span>
     <span class='ocr_line' id='line_1_19' title="bbox 293 2072 1942 2154; baseline 0.001 -22"><span class='ocrx_word' id='word_1_219' title='bbox 293 2073 329 2134; x_wconf 88' lang='lat' dir='ltr'>ut</span> <span class='ocrx_word' id='word_1_220' title='bbox 349 2072 384 2132; x_wconf 92' lang='lat' dir='ltr'>in</span> <span class='ocrx_word' id='word_1_221' title='bbox 404 2073 606 2134; x_wconf 83' lang='lat' dir='ltr'>adversitate</span> <span class='ocrx_word' id='word_1_222' title='bbox 625 2089 692 2134; x_wconf 92' lang='lat' dir='ltr'>non</span> <span class='ocrx_word' id='word_1_223' title='bbox 714 2074 876 2137; x_wconf 86' lang='lat' dir='ltr'>deficiatis</span> <span class='ocrx_word' id='word_1_224' title='bbox 898 2092 959 2153; x_wconf 90' lang='lat' dir='ltr'>per</span> <span class='ocrx_word' id='word_1_225' title='bbox 976 2077 1087 2154; x_wconf 83' lang='lat' dir='ltr'>impa-</span> <span class='ocrx_word' id='word_1_226' title='bbox 1143 2077 1288 2152; x_wconf 80' lang='lat' dir='ltr'>decima3</span> <span class='ocrx_word' id='word_1_227' title='bbox 1302 2077 1336 2138; x_wconf 88' lang='lat' dir='ltr'>et</span> <span class='ocrx_word' id='word_1_228' title='bbox 1353 2077 1505 2152; x_wconf 86' lang='lat' dir='ltr'>designat</span> <span class='ocrx_word' id='word_1_229' title='bbox 1519 2076 1664 2154; x_wconf 77' lang='lat' dir='ltr'>quinque</span> <span class='ocrx_word' id='word_1_230' title='bbox 1680 2075 1796 2136; x_wconf 83' lang='lat' dir='ltr'>aetates</span> <span class='ocrx_word' id='word_1_231' title='bbox 1810 2074 1942 2135; x_wconf 87' lang='lat' dir='ltr'>mundi.</span> 
     </span>
     <span class='ocr_line' id='line_1_20' title="bbox 292 2170 1941 2250; baseline 0.001 -19"><span class='ocrx_word' id='word_1_232' title='bbox 292 2170 454 2243; x_wconf 88' lang='lat' dir='ltr'>tientiam,</span> <span class='ocrx_word' id='word_1_233' title='bbox 485 2187 592 2248; x_wconf 87' lang='lat' dir='ltr'>neque</span> <span class='ocrx_word' id='word_1_234' title='bbox 624 2171 659 2231; x_wconf 91' lang='lat' dir='ltr'>in</span> <span class='ocrx_word' id='word_1_235' title='bbox 693 2171 983 2236; x_wconf 86' lang='lat' dir='ltr'>administratione</span> <span class='ocrx_word' id='word_1_236' title='bbox 1009 2174 1087 2236; x_wconf 91' lang='lat' dir='ltr'>honi</span> <span class='ocrx_word' id='word_1_237' title='bbox 1143 2177 1240 2238; x_wconf 85' lang='lat' dir='ltr'>Mane</span> <span class='ocrx_word' id='word_1_238' title='bbox 1267 2175 1355 2237; x_wconf 90' lang='lat' dir='ltr'>enim</span> <span class='ocrx_word' id='word_1_239' title='bbox 1376 2175 1440 2236; x_wconf 82' lang='lat' dir='ltr'>suit</span> <span class='ocrx_word' id='word_1_240' title='bbox 1464 2173 1507 2235; x_wconf 89' lang='lat' dir='ltr'>ab</span> <span class='ocrx_word' id='word_1_241' title='bbox 1529 2174 1635 2235; x_wconf 91' lang='lat' dir='ltr'>Adam</span> <span class='ocrx_word' id='word_1_242' title='bbox 1658 2171 1830 2250; x_wconf 82' lang='lat' dir='ltr'>usquead</span> <span class='ocrx_word' id='word_1_243' title='bbox 1854 2173 1941 2234; x_wconf 88' lang='lat' dir='ltr'>Noe.</span> 
     </span>
     <span class='ocr_line' id='line_1_21' title="bbox 292 2268 1943 2348; baseline 0.002 -20"><span class='ocrx_word' id='word_1_244' title='bbox 292 2269 402 2344; x_wconf 91' lang='lat' dir='ltr'>operis</span> <span class='ocrx_word' id='word_1_245' title='bbox 426 2284 486 2346; x_wconf 90' lang='lat' dir='ltr'>per</span> <span class='ocrx_word' id='word_1_246' title='bbox 516 2269 725 2347; x_wconf 85' lang='lat' dir='ltr'>injustitiam.</span> <span class='ocrx_word' id='word_1_247' title='bbox 742 2271 854 2332; x_wconf 83' lang='lat' dir='ltr'>Multae</span> <span class='ocrx_word' id='word_1_248' title='bbox 883 2273 971 2332; x_wconf 88' lang='lat' dir='ltr'>enim</span> <span class='ocrx_word' id='word_1_249' title='bbox 998 2273 1085 2346; x_wconf 88' lang='lat' dir='ltr'>sunt,</span> <span class='ocrx_word' id='word_1_250' title='bbox 1143 2277 1231 2334; x_wconf 88' lang='lat' dir='ltr'>Hora</span> <span class='ocrx_word' id='word_1_251' title='bbox 1249 2273 1378 2335; x_wconf 87' lang='lat' dir='ltr'>tertiaa</span> <span class='ocrx_word' id='word_1_252' title='bbox 1393 2273 1464 2334; x_wconf 90' lang='lat' dir='ltr'>Noe</span> <span class='ocrx_word' id='word_1_253' title='bbox 1475 2285 1578 2348; x_wconf 83' lang='lat' dir='ltr'>usque</span> <span class='ocrx_word' id='word_1_254' title='bbox 1589 2271 1630 2331; x_wconf 88' lang='lat' dir='ltr'>ad</span> <span class='ocrx_word' id='word_1_255' title='bbox 1642 2268 1820 2334; x_wconf 85' lang='lat' dir='ltr'>Abrabam.</span> <span class='ocrx_word' id='word_1_256' title='bbox 1837 2269 1943 2332; x_wconf 84' lang='lat' dir='ltr'>Sexta</span> 
     </span>
     <span class='ocr_line' id='line_1_22' title="bbox 291 2365 1941 2447; baseline 0.002 -22"><span class='ocrx_word' id='word_1_257' title='bbox 291 2367 328 2428; x_wconf 89' lang='lat' dir='ltr'>ut</span> <span class='ocrx_word' id='word_1_258' title='bbox 360 2367 408 2428; x_wconf 91' lang='lat' dir='ltr'>ait</span> <span class='ocrx_word' id='word_1_259' title='bbox 435 2365 624 2439; x_wconf 90' lang='lat' dir='ltr'>Psalmista,</span> <span class='ocrx_word' id='word_1_260' title='bbox 651 2367 883 2430; x_wconf 87' lang='lat' dir='ltr'>tribulationes</span> <span class='ocrx_word' id='word_1_261' title='bbox 907 2370 1085 2447; x_wconf 91' lang='lat' dir='ltr'>justorum,</span> <span class='ocrx_word' id='word_1_262' title='bbox 1142 2371 1184 2433; x_wconf 87' lang='lat' dir='ltr'>ab</span> <span class='ocrx_word' id='word_1_263' title='bbox 1209 2371 1376 2434; x_wconf 88' lang='lat' dir='ltr'>Abrabam</span> <span class='ocrx_word' id='word_1_264' title='bbox 1406 2385 1512 2446; x_wconf 84' lang='lat' dir='ltr'>usque</span> <span class='ocrx_word' id='word_1_265' title='bbox 1542 2368 1584 2430; x_wconf 90' lang='lat' dir='ltr'>ad</span> <span class='ocrx_word' id='word_1_266' title='bbox 1615 2369 1765 2445; x_wconf 83' lang='lat' dir='ltr'>bioysen.</span> <span class='ocrx_word' id='word_1_267' title='bbox 1797 2367 1896 2428; x_wconf 90' lang='lat' dir='ltr'>Nona</span> <span class='ocrx_word' id='word_1_268' title='bbox 1922 2384 1941 2428; x_wconf 91' lang='lat' dir='ltr'>a</span> 
     </span>
     <span class='ocr_line' id='line_1_23' title="bbox 292 2463 1944 2547; baseline 0.002 -25"><span class='ocrx_word' id='word_1_269' title='bbox 292 2463 349 2524; x_wconf 91' lang='lat' dir='ltr'>sed</span> <span class='ocrx_word' id='word_1_270' title='bbox 365 2464 405 2525; x_wconf 89' lang='lat' dir='ltr'>de</span> <span class='ocrx_word' id='word_1_271' title='bbox 420 2464 473 2525; x_wconf 90' lang='lat' dir='ltr'>his</span> <span class='ocrx_word' id='word_1_272' title='bbox 486 2465 638 2526; x_wconf 90' lang='lat' dir='ltr'>omnibus</span> <span class='ocrx_word' id='word_1_273' title='bbox 653 2465 775 2528; x_wconf 88' lang='lat' dir='ltr'>liberat</span> <span class='ocrx_word' id='word_1_274' title='bbox 785 2483 842 2528; x_wconf 90' lang='lat' dir='ltr'>eos</span> <span class='ocrx_word' id='word_1_275' title='bbox 856 2469 1025 2529; x_wconf 80' lang='lat' dir='ltr'>Dominus,</span> <span class='ocrx_word' id='word_1_276' title='bbox 1143 2472 1256 2547; x_wconf 88' lang='lat' dir='ltr'>Moyse</span> <span class='ocrx_word' id='word_1_277' title='bbox 1275 2483 1379 2546; x_wconf 87' lang='lat' dir='ltr'>usque</span> <span class='ocrx_word' id='word_1_278' title='bbox 1398 2467 1441 2528; x_wconf 87' lang='lat' dir='ltr'>ad</span> <span class='ocrx_word' id='word_1_279' title='bbox 1471 2466 1652 2528; x_wconf 79' lang='lat' dir='ltr'>adventum</span> <span class='ocrx_word' id='word_1_280' title='bbox 1668 2464 1810 2526; x_wconf 91' lang='lat' dir='ltr'>Domini.</span> <span class='ocrx_word' id='word_1_281' title='bbox 1825 2465 1944 2526; x_wconf 88' lang='lat' dir='ltr'>Unde-</span> 
     </span>
     <span class='ocr_line' id='line_1_24' title="bbox 330 2562 1942 2640; baseline -0.001 -17"><span class='ocrx_word' id='word_1_282' title='bbox 330 2566 404 2623; x_wconf 89' lang='lat' dir='ltr'>Per</span> <span class='ocrx_word' id='word_1_283' title='bbox 421 2564 716 2639; x_wconf 71' lang='lat' dir='ltr'>glorificationem,</span> <span class='ocrx_word' id='word_1_284' title='bbox 731 2565 809 2640; x_wconf 86' lang='lat' dir='ltr'>quia</span> <span class='ocrx_word' id='word_1_285' title='bbox 830 2565 865 2626; x_wconf 91' lang='lat' dir='ltr'>in</span> <span class='ocrx_word' id='word_1_286' title='bbox 888 2565 1000 2628; x_wconf 81' lang='lat' dir='ltr'>futuro</span> <span class='ocrx_word' id='word_1_287' title='bbox 1024 2567 1088 2629; x_wconf 87' lang='lat' dir='ltr'>erit</span> <span class='ocrx_word' id='word_1_288' title='bbox 1142 2569 1229 2629; x_wconf 87' lang='lat' dir='ltr'>eima</span> <span class='ocrx_word' id='word_1_289' title='bbox 1253 2565 1294 2628; x_wconf 90' lang='lat' dir='ltr'>ab</span> <span class='ocrx_word' id='word_1_290' title='bbox 1315 2566 1460 2628; x_wconf 83' lang='lat' dir='ltr'>adventu</span> <span class='ocrx_word' id='word_1_291' title='bbox 1485 2564 1618 2626; x_wconf 91' lang='lat' dir='ltr'>Domini</span> <span class='ocrx_word' id='word_1_292' title='bbox 1643 2562 1813 2640; x_wconf 81' lang='lat' dir='ltr'>usquead</span> <span class='ocrx_word' id='word_1_293' title='bbox 1838 2562 1942 2623; x_wconf 84' lang='lat' dir='ltr'>tinem</span> 
     </span>
     <span class='ocr_line' id='line_1_25' title="bbox 290 2659 1267 2739; baseline 0.006 -21"><span class='ocrx_word' id='word_1_294' title='bbox 290 2659 397 2734; x_wconf 88' lang='lat' dir='ltr'>gloria</span> <span class='ocrx_word' id='word_1_295' title='bbox 426 2659 554 2732; x_wconf 88' lang='lat' dir='ltr'>nostra,</span> <span class='ocrx_word' id='word_1_296' title='bbox 580 2661 658 2738; x_wconf 89' lang='lat' dir='ltr'>quia</span> <span class='ocrx_word' id='word_1_297' title='bbox 681 2663 716 2722; x_wconf 89' lang='lat' dir='ltr'>in</span> <span class='ocrx_word' id='word_1_298' title='bbox 744 2661 804 2724; x_wconf 91' lang='lat' dir='ltr'>illa</span> <span class='ocrx_word' id='word_1_299' title='bbox 829 2663 936 2739; x_wconf 90' lang='lat' dir='ltr'>gloria</span> <span class='ocrx_word' id='word_1_300' title='bbox 963 2665 1087 2726; x_wconf 87' lang='lat' dir='ltr'>aeterna</span> <span class='ocrx_word' id='word_1_301' title='bbox 1143 2665 1267 2725; x_wconf 91' lang='lat' dir='ltr'>mundi.</span> 
     </span>
     <span class='ocr_line' id='line_1_26' title="bbox 291 2757 1943 2838; baseline 0.002 -21"><span class='ocrx_word' id='word_1_302' title='bbox 291 2772 431 2834; x_wconf 87' lang='lat' dir='ltr'>corpora</span> <span class='ocrx_word' id='word_1_303' title='bbox 446 2757 560 2820; x_wconf 88' lang='lat' dir='ltr'>nostra</span> <span class='ocrx_word' id='word_1_304' title='bbox 579 2761 677 2821; x_wconf 90' lang='lat' dir='ltr'>erunt</span> <span class='ocrx_word' id='word_1_305' title='bbox 701 2760 873 2838; x_wconf 87' lang='lat' dir='ltr'>splendida</span> <span class='ocrx_word' id='word_1_306' title='bbox 895 2763 928 2824; x_wconf 88' lang='lat' dir='ltr'>et</span> <span class='ocrx_word' id='word_1_307' title='bbox 941 2761 1087 2838; x_wconf 90' lang='lat' dir='ltr'>gloriosa</span> <span class='ocrx_word' id='word_1_308' title='bbox 1183 2763 1294 2824; x_wconf 90' lang='lat' dir='ltr'>Prima</span> <span class='ocrx_word' id='word_1_309' title='bbox 1313 2757 1396 2822; x_wconf 84' lang='lat' dir='ltr'>hora</span> <span class='ocrx_word' id='word_1_310' title='bbox 1416 2761 1499 2822; x_wconf 81' lang='lat' dir='ltr'>exiit</span> <span class='ocrx_word' id='word_1_311' title='bbox 1519 2759 1555 2820; x_wconf 95' lang='lat' dir='ltr'>in</span> <span class='ocrx_word' id='word_1_312' title='bbox 1582 2758 1730 2835; x_wconf 81' lang='lat' dir='ltr'>Angelis,</span> <span class='ocrx_word' id='word_1_313' title='bbox 1756 2758 1854 2828; x_wconf 91' lang='lat' dir='ltr'>idest,</span> <span class='ocrx_word' id='word_1_314' title='bbox 1873 2773 1943 2820; x_wconf 79' lang='lat' dir='ltr'>vo-</span> 
     </span>
     <span class='ocr_line' id='line_1_27' title="bbox 290 2855 1941 2934; baseline 0.001 -18"><span class='ocrx_word' id='word_1_315' title='bbox 290 2856 325 2916; x_wconf 91' lang='lat' dir='ltr'>et</span> <span class='ocrx_word' id='word_1_316' title='bbox 338 2855 460 2916; x_wconf 86' lang='lat' dir='ltr'>similia</span> <span class='ocrx_word' id='word_1_317' title='bbox 475 2859 606 2934; x_wconf 85' lang='lat' dir='ltr'>corpori</span> <span class='ocrx_word' id='word_1_318' title='bbox 617 2858 739 2920; x_wconf 86' lang='lat' dir='ltr'>Christi</span> <span class='ocrx_word' id='word_1_319' title='bbox 751 2859 787 2919; x_wconf 89' lang='lat' dir='ltr'>in</span> <span class='ocrx_word' id='word_1_320' title='bbox 801 2859 952 2923; x_wconf 87' lang='lat' dir='ltr'>claritate</span> <span class='ocrx_word' id='word_1_321' title='bbox 967 2861 1000 2922; x_wconf 92' lang='lat' dir='ltr'>et</span> <span class='ocrx_word' id='word_1_322' title='bbox 1013 2860 1088 2922; x_wconf 91' lang='lat' dir='ltr'>bea·</span> <span class='ocrx_word' id='word_1_323' title='bbox 1142 2861 1303 2923; x_wconf 87' lang='lat' dir='ltr'>luntatem</span> <span class='ocrx_word' id='word_1_324' title='bbox 1328 2875 1422 2921; x_wconf 88' lang='lat' dir='ltr'>suam</span> <span class='ocrx_word' id='word_1_325' title='bbox 1443 2855 1670 2919; x_wconf 73' lang='lat' dir='ltr'>manifestavit</span> <span class='ocrx_word' id='word_1_326' title='bbox 1692 2871 1752 2934; x_wconf 89' lang='lat' dir='ltr'>per</span> <span class='ocrx_word' id='word_1_327' title='bbox 1770 2857 1941 2932; x_wconf 87' lang='lat' dir='ltr'>Angelos,</span> 
     </span>
     <span class='ocr_line' id='line_1_28' title="bbox 290 2952 1943 3038; baseline 0.001 -24"><span class='ocrx_word' id='word_1_328' title='bbox 290 2952 443 3025; x_wconf 88' lang='lat' dir='ltr'>titudine,</span> <span class='ocrx_word' id='word_1_329' title='bbox 460 2954 546 3015; x_wconf 89' lang='lat' dir='ltr'>sicut</span> <span class='ocrx_word' id='word_1_330' title='bbox 562 2955 642 3017; x_wconf 88' lang='lat' dir='ltr'>dicit</span> <span class='ocrx_word' id='word_1_331' title='bbox 655 2956 831 3032; x_wconf 88' lang='lat' dir='ltr'>Apostolus</span> <span class='ocrx_word' id='word_1_332' title='bbox 848 2979 855 3016; x_wconf 90' lang='lat'><strong>:</strong></span> <span class='ocrx_word' id='word_1_333' title='bbox 872 2959 1088 3020; x_wconf 73' lang='lat' dir='ltr'>salvatorem</span> <span class='ocrx_word' id='word_1_334' title='bbox 1143 2960 1220 3038; x_wconf 89' lang='lat' dir='ltr'>quia</span> <span class='ocrx_word' id='word_1_335' title='bbox 1261 2957 1380 3033; x_wconf 87' lang='lat' dir='ltr'>Angeli</span> <span class='ocrx_word' id='word_1_336' title='bbox 1417 2955 1639 3033; x_wconf 86' lang='lat' dir='ltr'>loquebantur</span> <span class='ocrx_word' id='word_1_337' title='bbox 1681 2953 1873 3015; x_wconf 88' lang='lat' dir='ltr'>hominibus</span> <span class='ocrx_word' id='word_1_338' title='bbox 1908 2957 1943 3016; x_wconf 88' lang='lat' dir='ltr'>et</span> 
     </span>
     <span class='ocr_line' id='line_1_29' title="bbox 291 3051 1943 3134; baseline 0 -22"><span class='ocrx_word' id='word_1_339' title='bbox 291 3051 1088 3130; x_wconf 73' lang='lat' dir='ltr'>eareatamasDomtnamlesumertstum,eut</span> <span class='ocrx_word' id='word_1_340' title='bbox 1142 3056 1372 3134; x_wconf 83' lang='lat' dir='ltr'>exprimebant</span> <span class='ocrx_word' id='word_1_341' title='bbox 1404 3053 1608 3116; x_wconf 81' lang='lat' dir='ltr'>voluntatem</span> <span class='ocrx_word' id='word_1_342' title='bbox 1640 3051 1697 3113; x_wconf 92' lang='lat' dir='ltr'>Dei</span> <span class='ocrx_word' id='word_1_343' title='bbox 1735 3051 1943 3125; x_wconf 87' lang='lat' dir='ltr'>hominibus,</span> 
     </span>
     <span class='ocr_line' id='line_1_30' title="bbox 290 3148 1943 3230; baseline 0.001 -21"><span class='ocrx_word' id='word_1_344' title='bbox 290 3148 495 3223; x_wconf 78' lang='lat' dir='ltr'>reformabit</span> <span class='ocrx_word' id='word_1_345' title='bbox 509 3163 634 3223; x_wconf 78' lang='lat' dir='ltr'>corpus</span> <span class='ocrx_word' id='word_1_346' title='bbox 648 3152 850 3212; x_wconf 77' lang='lat' dir='ltr'>barndttatts</span> <span class='ocrx_word' id='word_1_347' title='bbox 865 3154 1088 3216; x_wconf 78' lang='lat' dir='ltr'>reostrceeotr-</span> <span class='ocrx_word' id='word_1_348' title='bbox 1142 3157 1227 3218; x_wconf 88' lang='lat' dir='ltr'>sicut</span> <span class='ocrx_word' id='word_1_349' title='bbox 1254 3154 1395 3230; x_wconf 87' lang='lat' dir='ltr'>legimus</span> <span class='ocrx_word' id='word_1_350' title='bbox 1432 3151 1466 3212; x_wconf 91' lang='lat' dir='ltr'>in</span> <span class='ocrx_word' id='word_1_351' title='bbox 1502 3150 1654 3212; x_wconf 79' lang='lat' dir='ltr'>Genesi:</span> <span class='ocrx_word' id='word_1_352' title='bbox 1683 3150 1783 3211; x_wconf 86' lang='lat' dir='ltr'>Dterit</span> <span class='ocrx_word' id='word_1_353' title='bbox 1814 3153 1943 3212; x_wconf 85' lang='lat' dir='ltr'>Domi·-</span> 
     </span>
     <span class='ocr_line' id='line_1_31' title="bbox 291 3237 1953 3331; baseline 0.001 -25"><span class='ocrx_word' id='word_1_354' title='bbox 291 3247 484 3323; x_wconf 69' lang='lat' dir='ltr'>reparatam</span> <span class='ocrx_word' id='word_1_355' title='bbox 496 3251 634 3320; x_wconf 73' lang='lat' dir='ltr'>corpori</span> <span class='ocrx_word' id='word_1_356' title='bbox 648 3249 817 3310; x_wconf 75' lang='lat' dir='ltr'>claritatis</span> <span class='ocrx_word' id='word_1_357' title='bbox 828 3266 911 3311; x_wconf 75' lang='lat' dir='ltr'>sete.</span> <span class='ocrx_word' id='word_1_358' title='bbox 927 3249 1085 3331; x_wconf 86' lang='lat' dir='ltr'>(Philipp.</span> <span class='ocrx_word' id='word_1_359' title='bbox 1142 3269 1207 3316; x_wconf 78' lang='lat' dir='ltr'>aas</span> <span class='ocrx_word' id='word_1_360' title='bbox 1227 3257 1272 3314; x_wconf 86' lang='lat' dir='ltr'>od</span> <span class='ocrx_word' id='word_1_361' title='bbox 1291 3255 1402 3314; x_wconf 79' lang='lat' dir='ltr'>Adam</span> <span class='ocrx_word' id='word_1_362' title='bbox 1417 3247 1512 3328; x_wconf 83' lang='lat' dir='ltr'>(Gen.</span> <span class='ocrx_word' id='word_1_363' title='bbox 1528 3262 1577 3319; x_wconf 89' lang='lat'>111,</span> <span class='ocrx_word' id='word_1_364' title='bbox 1593 3245 1639 3325; x_wconf 85' lang='grc'>9).</span> <span class='ocrx_word' id='word_1_365' title='bbox 1660 3248 1700 3309; x_wconf 85' lang='grc' dir='ltr'>Εῖ</span> <span class='ocrx_word' id='word_1_366' title='bbox 1716 3246 1819 3308; x_wconf 77' lang='lat' dir='ltr'>item:</span> <span class='ocrx_word' id='word_1_367' title='bbox 1839 3237 1953 3309; x_wconf 65' lang='lat' dir='ltr'>Dt&#39;actt&#39;</span> 
     </span>
     <span class='ocr_line' id='line_1_32' title="bbox 292 3343 1944 3427; baseline 0 -20"><span class='ocrx_word' id='word_1_368' title='bbox 292 3360 342 3417; x_wconf 90' lang='lat'>111,</span> <span class='ocrx_word' id='word_1_369' title='bbox 357 3345 408 3416; x_wconf 78' lang='lat'>20,</span> <span class='ocrx_word' id='word_1_370' title='bbox 424 3343 490 3421; x_wconf 81' lang='lat'>21).</span> <span class='ocrx_word' id='word_1_371' title='bbox 506 3345 546 3406; x_wconf 85' lang='lat' dir='ltr'>nt</span> <span class='ocrx_word' id='word_1_372' title='bbox 559 3345 717 3406; x_wconf 91' lang='lat' dir='ltr'>Dominus</span> <span class='ocrx_word' id='word_1_373' title='bbox 731 3345 765 3406; x_wconf 94' lang='lat' dir='ltr'>in</span> <span class='ocrx_word' id='word_1_374' title='bbox 780 3347 866 3410; x_wconf 90' lang='lat' dir='ltr'>libro</span> <span class='ocrx_word' id='word_1_375' title='bbox 887 3351 1085 3427; x_wconf 88' lang='lat' dir='ltr'>sapientiae:</span> <span class='ocrx_word' id='word_1_376' title='bbox 1117 3381 1118 3388; x_wconf 22' lang='grc' dir='ltr'>ε</span> <span class='ocrx_word' id='word_1_377' title='bbox 1142 3355 1308 3415; x_wconf 73' lang='lat' dir='ltr'>Dominus</span> <span class='ocrx_word' id='word_1_378' title='bbox 1326 3352 1372 3410; x_wconf 86' lang='lat' dir='ltr'>ad</span> <span class='ocrx_word' id='word_1_379' title='bbox 1390 3349 1474 3410; x_wconf 81' lang='lat' dir='ltr'>Ceto</span> <span class='ocrx_word' id='word_1_380' title='bbox 1499 3344 1595 3425; x_wconf 74' lang='lat' dir='ltr'>(Gen.</span> <span class='ocrx_word' id='word_1_381' title='bbox 1620 3357 1665 3417; x_wconf 85' lang='lat' dir='ltr'>rr,</span> <span class='ocrx_word' id='word_1_382' title='bbox 1685 3343 1731 3424; x_wconf 85' lang='grc'>9).</span> <span class='ocrx_word' id='word_1_383' title='bbox 1753 3345 1837 3418; x_wconf 86' lang='lat' dir='ltr'>Quia</span> <span class='ocrx_word' id='word_1_384' title='bbox 1859 3345 1944 3408; x_wconf 91' lang='lat' dir='ltr'>tuno</span> 
     </span>
     <span class='ocr_line' id='line_1_33' title="bbox 292 3443 1946 3523; baseline -0.001 -19"><span class='ocrx_word' id='word_1_385' title='bbox 292 3443 580 3519; x_wconf 74' lang='lat' dir='ltr'>nupeoaatjesrt</span> <span class='ocrx_word' id='word_1_386' title='bbox 593 3444 682 3504; x_wconf 83' lang='lat' dir='ltr'>sicet</span> <span class='ocrx_word' id='word_1_387' title='bbox 700 3450 750 3506; x_wconf 87' lang='lat' dir='ltr'>sot</span> <span class='ocrx_word' id='word_1_388' title='bbox 768 3449 805 3506; x_wconf 82' lang='lat' dir='ltr'>tn</span> <span class='ocrx_word' id='word_1_389' title='bbox 833 3461 940 3523; x_wconf 79' lang='lat' dir='ltr'>regno</span> <span class='ocrx_word' id='word_1_390' title='bbox 964 3451 1087 3512; x_wconf 84' lang='lat' dir='ltr'>Patris</span> <span class='ocrx_word' id='word_1_391' title='bbox 1142 3467 1208 3512; x_wconf 92' lang='lat' dir='ltr'>non</span> <span class='ocrx_word' id='word_1_392' title='bbox 1246 3447 1342 3510; x_wconf 87' lang='lat' dir='ltr'>erant</span> <span class='ocrx_word' id='word_1_393' title='bbox 1377 3444 1551 3521; x_wconf 75' lang='lat' dir='ltr'>Propheta</span> <span class='ocrx_word' id='word_1_394' title='bbox 1586 3458 1693 3520; x_wconf 85' lang='lat' dir='ltr'>neque</span> <span class='ocrx_word' id='word_1_395' title='bbox 1734 3443 1848 3504; x_wconf 84' lang='lat' dir='ltr'>Sancti</span> <span class='ocrx_word' id='word_1_396' title='bbox 1880 3459 1946 3519; x_wconf 90' lang='lat' dir='ltr'>per</span> 
     </span>
     <span class='ocr_line' id='line_1_34' title="bbox 292 3539 1942 3627; baseline -0.002 -23"><span class='ocrx_word' id='word_1_397' title='bbox 292 3557 414 3604; x_wconf 75' lang='lat' dir='ltr'>eoram</span> <span class='ocrx_word' id='word_1_398' title='bbox 425 3539 555 3620; x_wconf 87' lang='lat' dir='ltr'>(Matth.</span> <span class='ocrx_word' id='word_1_399' title='bbox 567 3557 646 3614; x_wconf 80' lang='lat' dir='ltr'>mn,</span> <span class='ocrx_word' id='word_1_400' title='bbox 658 3540 723 3622; x_wconf 83' lang='grc'>43).</span> <span class='ocrx_word' id='word_1_401' title='bbox 735 3546 854 3606; x_wconf 74' lang='lat' dir='ltr'>Stratie</span> <span class='ocrx_word' id='word_1_402' title='bbox 873 3545 925 3606; x_wconf 87' lang='lat' dir='ltr'>est</span> <span class='ocrx_word' id='word_1_403' title='bbox 939 3561 1088 3624; x_wconf 80' lang='lat' dir='ltr'>regnum</span> <span class='ocrx_word' id='word_1_404' title='bbox 1142 3564 1222 3627; x_wconf 85' lang='lat' dir='ltr'>quos</span> <span class='ocrx_word' id='word_1_405' title='bbox 1235 3543 1436 3623; x_wconf 82' lang='lat' dir='ltr'>exprimeret</span> <span class='ocrx_word' id='word_1_406' title='bbox 1451 3539 1816 3602; x_wconf 84' lang='lat' dir='ltr'>Dominusvoluntatem</span> <span class='ocrx_word' id='word_1_407' title='bbox 1830 3555 1942 3614; x_wconf 88' lang='lat' dir='ltr'>suam,</span> 
     </span>
     <span class='ocr_line' id='line_1_35' title="bbox 291 3638 1945 3722; baseline -0.001 -20"><span class='ocrx_word' id='word_1_408' title='bbox 291 3643 456 3702; x_wconf 79' lang='lat' dir='ltr'>eceteram</span> <span class='ocrx_word' id='word_1_409' title='bbox 475 3644 606 3702; x_wconf 80' lang='lat' dir='ltr'>bomtat</span> <span class='ocrx_word' id='word_1_410' title='bbox 621 3641 879 3716; x_wconf 70' lang='lat' dir='ltr'>patmsomtttes.</span> <span class='ocrx_word' id='word_1_411' title='bbox 898 3645 1003 3706; x_wconf 91' lang='lat' dir='ltr'>Homo</span> <span class='ocrx_word' id='word_1_412' title='bbox 1027 3661 1087 3722; x_wconf 87' lang='lat' dir='ltr'>pa·</span> <span class='ocrx_word' id='word_1_413' title='bbox 1141 3647 1174 3708; x_wconf 89' lang='lat' dir='ltr'>et</span> <span class='ocrx_word' id='word_1_414' title='bbox 1202 3645 1266 3706; x_wconf 88' lang='lat' dir='ltr'>hoc</span> <span class='ocrx_word' id='word_1_415' title='bbox 1298 3642 1360 3706; x_wconf 81' lang='lat' dir='ltr'>tuit</span> <span class='ocrx_word' id='word_1_416' title='bbox 1388 3638 1428 3702; x_wconf 91' lang='lat' dir='ltr'>ab</span> <span class='ocrx_word' id='word_1_417' title='bbox 1460 3639 1566 3702; x_wconf 85' lang='lat' dir='ltr'>Adam</span> <span class='ocrx_word' id='word_1_418' title='bbox 1597 3653 1702 3716; x_wconf 87' lang='lat' dir='ltr'>usque</span> <span class='ocrx_word' id='word_1_419' title='bbox 1735 3638 1777 3699; x_wconf 89' lang='lat' dir='ltr'>ad</span> <span class='ocrx_word' id='word_1_420' title='bbox 1809 3639 1945 3716; x_wconf 90' lang='lat' dir='ltr'>tempus</span> 
     </span>
     <span class='ocr_line' id='line_1_36' title="bbox 290 3738 1223 3818; baseline 0.003 -18"><span class='ocrx_word' id='word_1_421' title='bbox 290 3738 488 3800; x_wconf 83' lang='lat' dir='ltr'>terlamilias</span> <span class='ocrx_word' id='word_1_422' title='bbox 514 3739 564 3800; x_wconf 88' lang='lat' dir='ltr'>est</span> <span class='ocrx_word' id='word_1_423' title='bbox 591 3740 679 3800; x_wconf 91' lang='lat' dir='ltr'>Deus</span> <span class='ocrx_word' id='word_1_424' title='bbox 707 3739 807 3801; x_wconf 89' lang='lat' dir='ltr'>Pater</span> <span class='ocrx_word' id='word_1_425' title='bbox 834 3742 891 3818; x_wconf 84' lang='lat' dir='ltr'>qui</span> <span class='ocrx_word' id='word_1_426' title='bbox 918 3741 996 3804; x_wconf 88' lang='lat' dir='ltr'>iecit</span> <span class='ocrx_word' id='word_1_427' title='bbox 1022 3743 1086 3805; x_wconf 90' lang='lat' dir='ltr'>sibi</span> <span class='ocrx_word' id='word_1_428' title='bbox 1141 3745 1223 3806; x_wconf 92' lang='lat' dir='ltr'>Noe.</span> 
     </span>
     <span class='ocr_line' id='line_1_37' title="bbox 291 3834 1942 3914; baseline 0.001 -17"><span class='ocrx_word' id='word_1_429' title='bbox 291 3837 453 3898; x_wconf 81' lang='lat' dir='ltr'>familiam</span> <span class='ocrx_word' id='word_1_430' title='bbox 467 3836 590 3898; x_wconf 91' lang='lat' dir='ltr'>virtute</span> <span class='ocrx_word' id='word_1_431' title='bbox 605 3851 674 3897; x_wconf 87' lang='lat' dir='ltr'>suaa</span> <span class='ocrx_word' id='word_1_432' title='bbox 691 3837 866 3914; x_wconf 81' lang='lat' dir='ltr'>potentiaa3</span> <span class='ocrx_word' id='word_1_433' title='bbox 891 3839 978 3902; x_wconf 87' lang='lat' dir='ltr'>idest</span> <span class='ocrx_word' id='word_1_434' title='bbox 992 3856 1088 3902; x_wconf 90' lang='lat' dir='ltr'>crea·</span> <span class='ocrx_word' id='word_1_435' title='bbox 1181 3843 1270 3902; x_wconf 88' lang='lat' dir='ltr'>Hora</span> <span class='ocrx_word' id='word_1_436' title='bbox 1292 3838 1392 3902; x_wconf 87' lang='lat' dir='ltr'>tertia</span> <span class='ocrx_word' id='word_1_437' title='bbox 1415 3835 1498 3898; x_wconf 84' lang='lat' dir='ltr'>exiit</span> <span class='ocrx_word' id='word_1_438' title='bbox 1522 3836 1559 3896; x_wconf 91' lang='lat' dir='ltr'>in</span> <span class='ocrx_word' id='word_1_439' title='bbox 1582 3834 1807 3907; x_wconf 89' lang='lat' dir='ltr'>Patrlarehis,</span> <span class='ocrx_word' id='word_1_440' title='bbox 1832 3835 1942 3905; x_wconf 88' lang='lat' dir='ltr'>idest,</span> 
     </span>
     <span class='ocr_line' id='line_1_38' title="bbox 290 3931 1942 4014; baseline -0.001 -18"><span class='ocrx_word' id='word_1_441' title='bbox 290 3935 339 3996; x_wconf 82' lang='lat' dir='ltr'>vit</span> <span class='ocrx_word' id='word_1_442' title='bbox 345 3935 501 4010; x_wconf 89' lang='lat' dir='ltr'>Angelos,</span> <span class='ocrx_word' id='word_1_443' title='bbox 514 3933 668 3996; x_wconf 79' lang='lat' dir='ltr'>formavit</span> <span class='ocrx_word' id='word_1_444' title='bbox 678 3934 846 3996; x_wconf 90' lang='lat' dir='ltr'>hominem</span> <span class='ocrx_word' id='word_1_445' title='bbox 856 3934 898 3996; x_wconf 87' lang='lat' dir='ltr'>ad</span> <span class='ocrx_word' id='word_1_446' title='bbox 907 3936 1086 4014; x_wconf 88' lang='lat' dir='ltr'>imaginem</span> <span class='ocrx_word' id='word_1_447' title='bbox 1142 3937 1367 4000; x_wconf 80' lang='lat' dir='ltr'>manifestavit</span> <span class='ocrx_word' id='word_1_448' title='bbox 1380 3935 1584 3997; x_wconf 84' lang='lat' dir='ltr'>voluntatem</span> <span class='ocrx_word' id='word_1_449' title='bbox 1597 3948 1692 3994; x_wconf 86' lang='lat' dir='ltr'>suam</span> <span class='ocrx_word' id='word_1_450' title='bbox 1708 3948 1768 4012; x_wconf 88' lang='lat' dir='ltr'>per</span> <span class='ocrx_word' id='word_1_451' title='bbox 1782 3931 1942 3994; x_wconf 85' lang='lat' dir='ltr'>Patriar-</span> 
     </span>
     <span class='ocr_line' id='line_1_39' title="bbox 290 4031 1940 4111; baseline -0.001 -17"><span class='ocrx_word' id='word_1_452' title='bbox 290 4033 324 4094; x_wconf 91' lang='lat' dir='ltr'>et</span> <span class='ocrx_word' id='word_1_453' title='bbox 353 4031 604 4092; x_wconf 89' lang='lat' dir='ltr'>similitudinem</span> <span class='ocrx_word' id='word_1_454' title='bbox 628 4045 739 4102; x_wconf 85' lang='lat' dir='ltr'>suam,</span> <span class='ocrx_word' id='word_1_455' title='bbox 760 4031 861 4106; x_wconf 91' lang='lat' dir='ltr'>elegit</span> <span class='ocrx_word' id='word_1_456' title='bbox 879 4034 1087 4109; x_wconf 87' lang='lat' dir='ltr'>patriarchas</span> <span class='ocrx_word' id='word_1_457' title='bbox 1142 4037 1233 4109; x_wconf 84' lang='lat' dir='ltr'>ebes,</span> <span class='ocrx_word' id='word_1_458' title='bbox 1247 4036 1343 4107; x_wconf 87' lang='lat' dir='ltr'>idest,</span> <span class='ocrx_word' id='word_1_459' title='bbox 1363 4049 1422 4111; x_wconf 90' lang='lat' dir='ltr'>per</span> <span class='ocrx_word' id='word_1_460' title='bbox 1436 4033 1508 4094; x_wconf 91' lang='lat' dir='ltr'>Noe</span> <span class='ocrx_word' id='word_1_461' title='bbox 1522 4033 1555 4093; x_wconf 91' lang='lat' dir='ltr'>et</span> <span class='ocrx_word' id='word_1_462' title='bbox 1568 4031 1655 4092; x_wconf 87' lang='lat' dir='ltr'>tilios</span> <span class='ocrx_word' id='word_1_463' title='bbox 1671 4045 1759 4103; x_wconf 87' lang='lat' dir='ltr'>suos,</span> <span class='ocrx_word' id='word_1_464' title='bbox 1776 4031 1856 4107; x_wconf 86' lang='lat' dir='ltr'>quia</span> <span class='ocrx_word' id='word_1_465' title='bbox 1870 4031 1940 4108; x_wconf 91' lang='lat' dir='ltr'>ipsi</span> 
     </span>
     <span class='ocr_line' id='line_1_40' title="bbox 291 4127 1943 4210; baseline -0.001 -20"><span class='ocrx_word' id='word_1_466' title='bbox 291 4129 326 4190; x_wconf 88' lang='lat' dir='ltr'>et</span> <span class='ocrx_word' id='word_1_467' title='bbox 342 4129 537 4204; x_wconf 88' lang='lat' dir='ltr'>prophetas,</span> <span class='ocrx_word' id='word_1_468' title='bbox 563 4127 739 4204; x_wconf 84' lang='lat' dir='ltr'>Apostolos</span> <span class='ocrx_word' id='word_1_469' title='bbox 764 4129 798 4189; x_wconf 89' lang='lat' dir='ltr'>et</span> <span class='ocrx_word' id='word_1_470' title='bbox 824 4128 990 4204; x_wconf 87' lang='lat' dir='ltr'>doctores,</span> <span class='ocrx_word' id='word_1_471' title='bbox 1020 4133 1087 4194; x_wconf 92' lang='lat' dir='ltr'>imo</span> <span class='ocrx_word' id='word_1_472' title='bbox 1141 4135 1276 4197; x_wconf 88' lang='lat' dir='ltr'>suerunt</span> <span class='ocrx_word' id='word_1_473' title='bbox 1304 4131 1401 4210; x_wconf 91' lang='lat' dir='ltr'>primi</span> <span class='ocrx_word' id='word_1_474' title='bbox 1433 4129 1639 4191; x_wconf 80' lang='lat' dir='ltr'>Patriarohae</span> <span class='ocrx_word' id='word_1_475' title='bbox 1674 4128 1707 4189; x_wconf 88' lang='lat' dir='ltr'>et</span> <span class='ocrx_word' id='word_1_476' title='bbox 1734 4128 1850 4205; x_wconf 84' lang='lat' dir='ltr'>postea</span> <span class='ocrx_word' id='word_1_477' title='bbox 1879 4143 1943 4206; x_wconf 89' lang='lat' dir='ltr'>per</span> 
     </span>
     <span class='ocr_line' id='line_1_41' title="bbox 290 4219 1940 4306; baseline 0 -19"><span class='ocrx_word' id='word_1_478' title='bbox 290 4226 393 4287; x_wconf 85' lang='lat' dir='ltr'>totam</span> <span class='ocrx_word' id='word_1_479' title='bbox 414 4223 596 4285; x_wconf 81' lang='lat' dir='ltr'>Ecclesiam</span> <span class='ocrx_word' id='word_1_480' title='bbox 620 4224 838 4297; x_wconf 82' lang='lat' dir='ltr'>catholicam,</span> <span class='ocrx_word' id='word_1_481' title='bbox 861 4243 934 4303; x_wconf 88' lang='lat' dir='ltr'>quae</span> <span class='ocrx_word' id='word_1_482' title='bbox 953 4245 1013 4306; x_wconf 88' lang='lat' dir='ltr'>per</span> <span class='ocrx_word' id='word_1_483' title='bbox 1031 4245 1088 4292; x_wconf 87' lang='lat' dir='ltr'>or·</span> <span class='ocrx_word' id='word_1_484' title='bbox 1141 4232 1319 4303; x_wconf 78' lang='lat' dir='ltr'>Abrabam,</span> <span class='ocrx_word' id='word_1_485' title='bbox 1348 4231 1457 4297; x_wconf 88' lang='lat' dir='ltr'>Isaac,</span> <span class='ocrx_word' id='word_1_486' title='bbox 1484 4227 1518 4288; x_wconf 92' lang='grc' dir='ltr'>θῖ</span> <span class='ocrx_word' id='word_1_487' title='bbox 1541 4219 1644 4289; x_wconf 80' lang='lat' dir='ltr'>iacob</span> <span class='ocrx_word' id='word_1_488' title='bbox 1667 4227 1700 4287; x_wconf 89' lang='lat' dir='ltr'>et</span> <span class='ocrx_word' id='word_1_489' title='bbox 1730 4225 1816 4286; x_wconf 86' lang='lat' dir='ltr'>lilios</span> <span class='ocrx_word' id='word_1_490' title='bbox 1840 4241 1940 4295; x_wconf 86' lang='lat' dir='ltr'>suos,</span> 
     </span>
     <span class='ocr_line' id='line_1_42' title="bbox 289 4321 1940 4410; baseline 0 -26"><span class='ocrx_word' id='word_1_491' title='bbox 289 4323 365 4384; x_wconf 90' lang='lat' dir='ltr'>bem</span> <span class='ocrx_word' id='word_1_492' title='bbox 379 4323 544 4384; x_wconf 89' lang='lat' dir='ltr'>terrarum</span> <span class='ocrx_word' id='word_1_493' title='bbox 555 4323 689 4398; x_wconf 88' lang='lat' dir='ltr'>copiosa</span> <span class='ocrx_word' id='word_1_494' title='bbox 700 4321 870 4386; x_wconf 79' lang='lat' dir='ltr'>fertilitate</span> <span class='ocrx_word' id='word_1_495' title='bbox 880 4325 1085 4391; x_wconf 85' lang='lat' dir='ltr'>diffunditur.</span> <span class='ocrx_word' id='word_1_496' title='bbox 1142 4347 1201 4410; x_wconf 89' lang='lat' dir='ltr'>per</span> <span class='ocrx_word' id='word_1_497' title='bbox 1216 4345 1297 4407; x_wconf 89' lang='lat' dir='ltr'>quos</span> <span class='ocrx_word' id='word_1_498' title='bbox 1314 4327 1473 4389; x_wconf 88' lang='lat' dir='ltr'>Dominus</span> <span class='ocrx_word' id='word_1_499' title='bbox 1493 4322 1719 4386; x_wconf 79' lang='lat' dir='ltr'>manifestarit</span> <span class='ocrx_word' id='word_1_500' title='bbox 1731 4323 1940 4386; x_wconf 82' lang='lat' dir='ltr'>voluntatem</span> 
     </span>
     <span class='ocr_line' id='line_1_43' title="bbox 292 4419 1939 4500; baseline 0.001 -19"><span class='ocrx_word' id='word_1_501' title='bbox 292 4420 375 4492; x_wconf 89' lang='lat' dir='ltr'>Quia</span> <span class='ocrx_word' id='word_1_502' title='bbox 400 4421 577 4496; x_wconf 87' lang='lat' dir='ltr'>antequam</span> <span class='ocrx_word' id='word_1_503' title='bbox 600 4419 749 4496; x_wconf 92' lang='lat' dir='ltr'>Apostoli</span> <span class='ocrx_word' id='word_1_504' title='bbox 770 4424 959 4498; x_wconf 85' lang='lat' dir='ltr'>portassent</span> <span class='ocrx_word' id='word_1_505' title='bbox 978 4429 1088 4489; x_wconf 82' lang='lat' dir='ltr'>livan-</span> <span class='ocrx_word' id='word_1_506' title='bbox 1142 4445 1247 4500; x_wconf 89' lang='lat' dir='ltr'>suam,</span> <span class='ocrx_word' id='word_1_507' title='bbox 1264 4426 1374 4488; x_wconf 86' lang='lat' dir='ltr'>etboc</span> <span class='ocrx_word' id='word_1_508' title='bbox 1392 4423 1456 4486; x_wconf 85' lang='lat' dir='ltr'>luit</span> <span class='ocrx_word' id='word_1_509' title='bbox 1471 4437 1574 4500; x_wconf 86' lang='lat' dir='ltr'>usque</span> <span class='ocrx_word' id='word_1_510' title='bbox 1589 4421 1630 4482; x_wconf 87' lang='lat' dir='ltr'>ad</span> <span class='ocrx_word' id='word_1_511' title='bbox 1644 4422 1775 4497; x_wconf 89' lang='lat' dir='ltr'>tempus</span> <span class='ocrx_word' id='word_1_512' title='bbox 1789 4421 1939 4499; x_wconf 78' lang='lat' dir='ltr'>Moysls3</span> 
     </span>
     <span class='ocr_line' id='line_1_44' title="bbox 291 4517 1939 4596; baseline 0.002 -17"><span class='ocrx_word' id='word_1_513' title='bbox 291 4517 415 4595; x_wconf 89' lang='lat' dir='ltr'>getium</span> <span class='ocrx_word' id='word_1_514' title='bbox 438 4533 499 4595; x_wconf 86' lang='lat' dir='ltr'>per</span> <span class='ocrx_word' id='word_1_515' title='bbox 522 4518 716 4579; x_wconf 86' lang='lat' dir='ltr'>universum</span> <span class='ocrx_word' id='word_1_516' title='bbox 743 4519 873 4594; x_wconf 89' lang='lat' dir='ltr'>orbem,</span> <span class='ocrx_word' id='word_1_517' title='bbox 898 4525 995 4586; x_wconf 91' lang='lat' dir='ltr'>notus</span> <span class='ocrx_word' id='word_1_518' title='bbox 1015 4527 1087 4588; x_wconf 86' lang='lat' dir='ltr'>eret</span> <span class='ocrx_word' id='word_1_519' title='bbox 1142 4528 1175 4590; x_wconf 89' lang='grc' dir='ltr'>θῖ</span> <span class='ocrx_word' id='word_1_520' title='bbox 1189 4517 1838 4596; x_wconf 79' lang='lat' dir='ltr'>dreituruorataataproptertresauos</span> <span class='ocrx_word' id='word_1_521' title='bbox 1853 4518 1939 4590; x_wconf 87' lang='lat' dir='ltr'>Noe,</span> 
     </span>
     <span class='ocr_line' id='line_1_45' title="bbox 289 4615 1941 4698; baseline 0 -20"><span class='ocrx_word' id='word_1_522' title='bbox 289 4617 417 4678; x_wconf 85' lang='lat' dir='ltr'>tentum</span> <span class='ocrx_word' id='word_1_523' title='bbox 436 4617 471 4677; x_wconf 92' lang='lat' dir='ltr'>in</span> <span class='ocrx_word' id='word_1_524' title='bbox 485 4618 503 4678; x_wconf 87' lang='lat' dir='ltr'>J</span> <span class='ocrx_word' id='word_1_525' title='bbox 507 4615 600 4676; x_wconf 81' lang='lat' dir='ltr'>udaea</span> <span class='ocrx_word' id='word_1_526' title='bbox 608 4618 713 4690; x_wconf 82' lang='lat' dir='ltr'>Deus3</span> <span class='ocrx_word' id='word_1_527' title='bbox 731 4617 788 4678; x_wconf 91' lang='lat' dir='ltr'>sed</span> <span class='ocrx_word' id='word_1_528' title='bbox 802 4619 898 4681; x_wconf 91' lang='lat' dir='ltr'>modo</span> <span class='ocrx_word' id='word_1_529' title='bbox 913 4637 971 4698; x_wconf 91' lang='lat' dir='ltr'>per</span> <span class='ocrx_word' id='word_1_530' title='bbox 985 4624 1087 4684; x_wconf 87' lang='lat' dir='ltr'>mise-</span> <span class='ocrx_word' id='word_1_531' title='bbox 1141 4621 1307 4693; x_wconf 82' lang='lat' dir='ltr'>videlicet,</span> <span class='ocrx_word' id='word_1_532' title='bbox 1322 4623 1409 4692; x_wconf 86' lang='lat' dir='ltr'>Sem,</span> <span class='ocrx_word' id='word_1_533' title='bbox 1429 4618 1532 4681; x_wconf 80' lang='lat' dir='ltr'>cham</span> <span class='ocrx_word' id='word_1_534' title='bbox 1545 4617 1578 4678; x_wconf 90' lang='lat' dir='ltr'>et</span> <span class='ocrx_word' id='word_1_535' title='bbox 1596 4615 1727 4692; x_wconf 83' lang='lat' dir='ltr'>taphet.</span> <span class='ocrx_word' id='word_1_536' title='bbox 1739 4617 1830 4678; x_wconf 83' lang='lat' dir='ltr'>Hora</span> <span class='ocrx_word' id='word_1_537' title='bbox 1843 4618 1941 4678; x_wconf 77' lang='lat' dir='ltr'>sexta</span> 
     </span>
     <span class='ocr_line' id='line_1_46' title="bbox 290 4711 1943 4794; baseline -0.001 -17"><span class='ocrx_word' id='word_1_538' title='bbox 290 4715 467 4777; x_wconf 89' lang='lat' dir='ltr'>ricordiam</span> <span class='ocrx_word' id='word_1_539' title='bbox 483 4713 542 4774; x_wconf 92' lang='lat' dir='ltr'>Dei</span> <span class='ocrx_word' id='word_1_540' title='bbox 557 4729 617 4791; x_wconf 92' lang='lat' dir='ltr'>per</span> <span class='ocrx_word' id='word_1_541' title='bbox 631 4715 823 4776; x_wconf 90' lang='lat' dir='ltr'>universum</span> <span class='ocrx_word' id='word_1_542' title='bbox 843 4717 1002 4780; x_wconf 90' lang='lat' dir='ltr'>mundum</span> <span class='ocrx_word' id='word_1_543' title='bbox 1021 4721 1088 4781; x_wconf 86' lang='lat' dir='ltr'>dit·</span> <span class='ocrx_word' id='word_1_544' title='bbox 1141 4721 1223 4784; x_wconf 76' lang='lat' dir='ltr'>exiit</span> <span class='ocrx_word' id='word_1_545' title='bbox 1238 4722 1273 4782; x_wconf 94' lang='lat' dir='ltr'>in</span> <span class='ocrx_word' id='word_1_546' title='bbox 1292 4716 1455 4794; x_wconf 90' lang='lat' dir='ltr'>legalibus</span> <span class='ocrx_word' id='word_1_547' title='bbox 1471 4711 1644 4785; x_wconf 86' lang='lat' dir='ltr'>institutis,</span> <span class='ocrx_word' id='word_1_548' title='bbox 1666 4713 1762 4785; x_wconf 86' lang='lat' dir='ltr'>idest,</span> <span class='ocrx_word' id='word_1_549' title='bbox 1779 4713 1943 4776; x_wconf 83' lang='lat' dir='ltr'>volunta-</span> 
     </span>
     <span class='ocr_line' id='line_1_47' title="bbox 289 4812 1940 4896; baseline -0.002 -22"><span class='ocrx_word' id='word_1_550' title='bbox 289 4813 398 4874; x_wconf 85' lang='lat' dir='ltr'>tusum</span> <span class='ocrx_word' id='word_1_551' title='bbox 414 4813 464 4875; x_wconf 86' lang='lat' dir='ltr'>est</span> <span class='ocrx_word' id='word_1_552' title='bbox 487 4827 607 4874; x_wconf 86' lang='lat' dir='ltr'>nornen</span> <span class='ocrx_word' id='word_1_553' title='bbox 632 4814 715 4890; x_wconf 75' lang='lat' dir='ltr'>eJ&#39;us,</span> <span class='ocrx_word' id='word_1_554' title='bbox 738 4813 911 4892; x_wconf 88' lang='lat' dir='ltr'>sicutipse</span> <span class='ocrx_word' id='word_1_555' title='bbox 932 4815 1013 4881; x_wconf 88' lang='lat' dir='ltr'>dicit</span> <span class='ocrx_word' id='word_1_556' title='bbox 1027 4834 1087 4896; x_wconf 88' lang='lat' dir='ltr'>per</span> <span class='ocrx_word' id='word_1_557' title='bbox 1140 4821 1206 4882; x_wconf 88' lang='lat' dir='ltr'>tem</span> <span class='ocrx_word' id='word_1_558' title='bbox 1221 4833 1315 4879; x_wconf 87' lang='lat' dir='ltr'>suam</span> <span class='ocrx_word' id='word_1_559' title='bbox 1328 4813 1553 4876; x_wconf 77' lang='lat' dir='ltr'>manifestavit</span> <span class='ocrx_word' id='word_1_560' title='bbox 1566 4827 1626 4889; x_wconf 88' lang='lat' dir='ltr'>per</span> <span class='ocrx_word' id='word_1_561' title='bbox 1638 4813 1774 4887; x_wconf 78' lang='lat' dir='ltr'>Legem3</span> <span class='ocrx_word' id='word_1_562' title='bbox 1791 4827 1867 4888; x_wconf 83' lang='lat' dir='ltr'>quae</span> <span class='ocrx_word' id='word_1_563' title='bbox 1881 4812 1940 4871; x_wconf 93' lang='lat' dir='ltr'>di-</span> 
     </span>
     <span class='ocr_line' id='line_1_48' title="bbox 287 4909 1942 4990; baseline 0 -18"><span class='ocrx_word' id='word_1_564' title='bbox 287 4912 488 4973; x_wconf 87' lang='lat' dir='ltr'>Malachiam</span> <span class='ocrx_word' id='word_1_565' title='bbox 503 4911 698 4987; x_wconf 84' lang='lat' dir='ltr'>propnetam</span> <span class='ocrx_word' id='word_1_566' title='bbox 709 4932 716 4970; x_wconf 75' lang='grc' dir='ltr'>ε</span> <span class='ocrx_word' id='word_1_567' title='bbox 726 4913 775 4972; x_wconf 81' lang='lat' dir='ltr'>Ab</span> <span class='ocrx_word' id='word_1_568' title='bbox 789 4913 869 4974; x_wconf 80' lang='lat' dir='ltr'>ortu</span> <span class='ocrx_word' id='word_1_569' title='bbox 883 4917 965 4976; x_wconf 82' lang='lat' dir='ltr'>sotis</span> <span class='ocrx_word' id='word_1_570' title='bbox 979 4931 1085 4990; x_wconf 74' lang='lat' dir='ltr'>aspare</span> <span class='ocrx_word' id='word_1_571' title='bbox 1141 4918 1227 4979; x_wconf 90' lang='lat' dir='ltr'>eitur</span> <span class='ocrx_word' id='word_1_572' title='bbox 1241 4915 1324 4977; x_wconf 88' lang='lat' dir='ltr'>hora</span> <span class='ocrx_word' id='word_1_573' title='bbox 1343 4913 1449 4984; x_wconf 78' lang='lat' dir='ltr'>sexta,</span> <span class='ocrx_word' id='word_1_574' title='bbox 1470 4911 1548 4989; x_wconf 88' lang='lat' dir='ltr'>quia</span> <span class='ocrx_word' id='word_1_575' title='bbox 1563 4911 1598 4972; x_wconf 93' lang='lat' dir='ltr'>in</span> <span class='ocrx_word' id='word_1_576' title='bbox 1620 4912 1707 4986; x_wconf 87' lang='lat' dir='ltr'>Lege</span> <span class='ocrx_word' id='word_1_577' title='bbox 1725 4909 1942 4986; x_wconf 86' lang='lat' dir='ltr'>promittebat</span> 
     </span>
     <span class='ocr_line' id='line_1_49' title="bbox 286 5006 1940 5084; baseline -0.002 -12"><span class='ocrx_word' id='word_1_578' title='bbox 286 5014 331 5072; x_wconf 82' lang='lat' dir='ltr'>ad</span> <span class='ocrx_word' id='word_1_579' title='bbox 345 5025 505 5072; x_wconf 82' lang='lat' dir='ltr'>oecos-em</span> <span class='ocrx_word' id='word_1_580' title='bbox 523 5023 690 5084; x_wconf 71' lang='lat' dir='ltr'>tempnunt</span> <span class='ocrx_word' id='word_1_581' title='bbox 708 5011 760 5070; x_wconf 83' lang='lat' dir='ltr'>est</span> <span class='ocrx_word' id='word_1_582' title='bbox 779 5025 904 5072; x_wconf 78' lang='lat' dir='ltr'>comeo</span> <span class='ocrx_word' id='word_1_583' title='bbox 918 5028 1035 5076; x_wconf 82' lang='lat' dir='ltr'>meum</span> <span class='ocrx_word' id='word_1_584' title='bbox 1048 5018 1085 5076; x_wconf 86' lang='lat' dir='ltr'>tn</span> <span class='ocrx_word' id='word_1_585' title='bbox 1141 5018 1227 5075; x_wconf 89' lang='lat' dir='ltr'>Deus</span> <span class='ocrx_word' id='word_1_586' title='bbox 1247 5011 1371 5075; x_wconf 80' lang='lat' dir='ltr'>iudaeis</span> <span class='ocrx_word' id='word_1_587' title='bbox 1399 5006 1604 5070; x_wconf 91' lang='lat' dir='ltr'>solummodo</span> <span class='ocrx_word' id='word_1_588' title='bbox 1624 5008 1759 5068; x_wconf 90' lang='lat' dir='ltr'>terrena</span> <span class='ocrx_word' id='word_1_589' title='bbox 1781 5021 1856 5084; x_wconf 88' lang='lat' dir='ltr'>quae</span> <span class='ocrx_word' id='word_1_590' title='bbox 1878 5021 1940 5068; x_wconf 86' lang='lat' dir='ltr'>sex</span> 
     </span>
     <span class='ocr_line' id='line_1_50' title="bbox 286 5103 1942 5186; baseline -0.001 -16"><span class='ocrx_word' id='word_1_591' title='bbox 286 5109 443 5185; x_wconf 75' lang='lat' dir='ltr'>peractores</span> <span class='ocrx_word' id='word_1_592' title='bbox 477 5105 633 5186; x_wconf 87' lang='lat' dir='ltr'>(Malach.</span> <span class='ocrx_word' id='word_1_593' title='bbox 666 5121 688 5178; x_wconf 88' lang='lat' dir='ltr'>t,</span> <span class='ocrx_word' id='word_1_594' title='bbox 720 5105 784 5185; x_wconf 84' lang='lat'><strong>11).</strong></span> <span class='ocrx_word' id='word_1_595' title='bbox 812 5110 852 5170; x_wconf 81' lang='lat' dir='ltr'>nt</span> <span class='ocrx_word' id='word_1_596' title='bbox 878 5110 951 5186; x_wconf 88' lang='lat' dir='ltr'>ipse</span> <span class='ocrx_word' id='word_1_597' title='bbox 978 5111 1084 5173; x_wconf 80' lang='lat' dir='ltr'>Filius</span> <span class='ocrx_word' id='word_1_598' title='bbox 1140 5110 1256 5174; x_wconf 91' lang='lat' dir='ltr'>diebus</span> <span class='ocrx_word' id='word_1_599' title='bbox 1277 5107 1554 5170; x_wconf 81' lang='lat' dir='ltr'>suntiaota.Lex</span> <span class='ocrx_word' id='word_1_600' title='bbox 1574 5104 1663 5166; x_wconf 91' lang='lat' dir='ltr'>enim</span> <span class='ocrx_word' id='word_1_601' title='bbox 1683 5106 1755 5165; x_wconf 88' lang='lat' dir='ltr'>erat</span> <span class='ocrx_word' id='word_1_602' title='bbox 1778 5103 1888 5166; x_wconf 81' lang='lat' dir='ltr'>torma</span> <span class='ocrx_word' id='word_1_603' title='bbox 1907 5105 1942 5168; x_wconf 88' lang='grc' dir='ltr'>θῖ</span> 
     </span>
     <span class='ocr_line' id='line_1_51' title="bbox 286 5201 1941 5282; baseline -0.002 -14"><span class='ocrx_word' id='word_1_604' title='bbox 286 5207 345 5268; x_wconf 90' lang='lat' dir='ltr'>Dei</span> <span class='ocrx_word' id='word_1_605' title='bbox 377 5204 518 5267; x_wconf 90' lang='lat' dir='ltr'>redemit</span> <span class='ocrx_word' id='word_1_606' title='bbox 551 5219 612 5265; x_wconf 93' lang='lat' dir='ltr'>nos</span> <span class='ocrx_word' id='word_1_607' title='bbox 640 5203 785 5282; x_wconf 89' lang='lat' dir='ltr'>pretioso</span> <span class='ocrx_word' id='word_1_608' title='bbox 819 5208 981 5282; x_wconf 87' lang='lat' dir='ltr'>sanguine</span> <span class='ocrx_word' id='word_1_609' title='bbox 1009 5225 1083 5279; x_wconf 86' lang='lat' dir='ltr'>suo,</span> <span class='ocrx_word' id='word_1_610' title='bbox 1139 5209 1330 5272; x_wconf 87' lang='lat' dir='ltr'>constitutio</span> <span class='ocrx_word' id='word_1_611' title='bbox 1359 5207 1392 5267; x_wconf 92' lang='lat' dir='ltr'>et</span> <span class='ocrx_word' id='word_1_612' title='bbox 1415 5203 1580 5266; x_wconf 87' lang='lat' dir='ltr'>ordinatio</span> <span class='ocrx_word' id='word_1_613' title='bbox 1604 5201 1749 5273; x_wconf 86' lang='lat' dir='ltr'>vivendi,</span> <span class='ocrx_word' id='word_1_614' title='bbox 1778 5202 1859 5280; x_wconf 83' lang='lat' dir='ltr'>quia</span> <span class='ocrx_word' id='word_1_615' title='bbox 1883 5203 1941 5264; x_wconf 83' lang='lat' dir='ltr'>lex</span> 
     </span>
     <span class='ocr_line' id='line_1_52' title="bbox 286 5299 1938 5390; baseline -0.002 -24"><span class='ocrx_word' id='word_1_616' title='bbox 286 5304 372 5366; x_wconf 90' lang='lat' dir='ltr'>sicut</span> <span class='ocrx_word' id='word_1_617' title='bbox 391 5303 531 5379; x_wconf 89' lang='lat' dir='ltr'>legimus</span> <span class='ocrx_word' id='word_1_618' title='bbox 555 5301 589 5362; x_wconf 92' lang='lat' dir='ltr'>in</span> <span class='ocrx_word' id='word_1_619' title='bbox 605 5301 804 5380; x_wconf 88' lang='lat' dir='ltr'>Apocalypsi</span> <span class='ocrx_word' id='word_1_620' title='bbox 825 5301 872 5381; x_wconf 89' lang='lat' dir='ltr'>(v,</span> <span class='ocrx_word' id='word_1_621' title='bbox 889 5303 922 5384; x_wconf 88' lang='grc'>9)</span> <span class='ocrx_word' id='word_1_622' title='bbox 946 5309 1082 5390; x_wconf 67' lang='lat' dir='ltr'>:Dede-</span> <span class='ocrx_word' id='word_1_623' title='bbox 1139 5307 1276 5370; x_wconf 88' lang='lat' dir='ltr'>docebat</span> <span class='ocrx_word' id='word_1_624' title='bbox 1289 5303 1497 5383; x_wconf 86' lang='lat' dir='ltr'>quidlacere,</span> <span class='ocrx_word' id='word_1_625' title='bbox 1509 5299 1629 5378; x_wconf 85' lang='lat' dir='ltr'>etquid</span> <span class='ocrx_word' id='word_1_626' title='bbox 1639 5300 1750 5360; x_wconf 88' lang='lat' dir='ltr'>dicere</span> <span class='ocrx_word' id='word_1_627' title='bbox 1760 5299 1938 5373; x_wconf 87' lang='lat' dir='ltr'>debebant,</span> 
     </span>
     <span class='ocr_line' id='line_1_53' title="bbox 284 5397 1941 5479; baseline -0.001 -15"><span class='ocrx_word' id='word_1_628' title='bbox 284 5403 380 5464; x_wconf 74' lang='lat' dir='ltr'>retati</span> <span class='ocrx_word' id='word_1_629' title='bbox 396 5417 468 5472; x_wconf 80' lang='lat' dir='ltr'>nos,</span> <span class='ocrx_word' id='word_1_630' title='bbox 489 5403 634 5462; x_wconf 79' lang='lat' dir='ltr'>Domine</span> <span class='ocrx_word' id='word_1_631' title='bbox 652 5403 756 5472; x_wconf 83' lang='lat' dir='ltr'>Deus,</span> <span class='ocrx_word' id='word_1_632' title='bbox 773 5404 810 5462; x_wconf 81' lang='lat' dir='ltr'>tn</span> <span class='ocrx_word' id='word_1_633' title='bbox 832 5407 1000 5479; x_wconf 77' lang='lat' dir='ltr'>sattgutne</span> <span class='ocrx_word' id='word_1_634' title='bbox 1025 5406 1083 5468; x_wconf 83' lang='lat' dir='ltr'>tuo</span> <span class='ocrx_word' id='word_1_635' title='bbox 1138 5410 1170 5470; x_wconf 88' lang='lat' dir='ltr'>et</span> <span class='ocrx_word' id='word_1_636' title='bbox 1189 5406 1237 5468; x_wconf 88' lang='lat' dir='ltr'>sie</span> <span class='ocrx_word' id='word_1_637' title='bbox 1254 5403 1346 5474; x_wconf 79' lang='lat' dir='ltr'>exiit,</span> <span class='ocrx_word' id='word_1_638' title='bbox 1370 5401 1465 5472; x_wconf 90' lang='lat' dir='ltr'>idest,</span> <span class='ocrx_word' id='word_1_639' title='bbox 1490 5397 1714 5460; x_wconf 81' lang='lat' dir='ltr'>manifestavit</span> <span class='ocrx_word' id='word_1_640' title='bbox 1732 5398 1941 5461; x_wconf 84' lang='lat' dir='ltr'>voluntatem</span> 
     </span>
     <span class='ocr_line' id='line_1_54' title="bbox 285 5494 1940 5581; baseline -0.007 -23"><span class='ocrx_word' id='word_1_641' title='bbox 285 5499 440 5558; x_wconf 78' lang='lat' dir='ltr'>oenomai</span> <span class='ocrx_word' id='word_1_642' title='bbox 460 5496 552 5555; x_wconf 81' lang='lat' dir='ltr'>tribe</span> <span class='ocrx_word' id='word_1_643' title='bbox 570 5494 603 5555; x_wconf 85' lang='lat' dir='ltr'>et</span> <span class='ocrx_word' id='word_1_644' title='bbox 624 5497 752 5569; x_wconf 67' lang='lat' dir='ltr'>tattone.</span> <span class='ocrx_word' id='word_1_645' title='bbox 770 5496 809 5556; x_wconf 86' lang='lat' dir='ltr'>Et</span> <span class='ocrx_word' id='word_1_646' title='bbox 828 5494 950 5558; x_wconf 89' lang='lat' dir='ltr'>ibidem</span> <span class='ocrx_word' id='word_1_647' title='bbox 968 5496 1005 5578; x_wconf 87' lang='lat' dir='ltr'>(r,</span> <span class='ocrx_word' id='word_1_648' title='bbox 1022 5497 1055 5579; x_wconf 84' lang='lat'>5)</span> <span class='ocrx_word' id='word_1_649' title='bbox 1073 5523 1081 5561; x_wconf 71' lang='grc' dir='ltr'><strong>ι</strong></span> <span class='ocrx_word' id='word_1_650' title='bbox 1138 5521 1232 5567; x_wconf 78' lang='lat' dir='ltr'>suam</span> <span class='ocrx_word' id='word_1_651' title='bbox 1249 5503 1455 5581; x_wconf 74' lang='lat' dir='ltr'>perlegam,</span> <span class='ocrx_word' id='word_1_652' title='bbox 1472 5499 1505 5561; x_wconf 85' lang='lat' dir='ltr'>et</span> <span class='ocrx_word' id='word_1_653' title='bbox 1519 5499 1581 5560; x_wconf 80' lang='lat' dir='ltr'>hoc</span> <span class='ocrx_word' id='word_1_654' title='bbox 1596 5496 1658 5559; x_wconf 81' lang='lat' dir='ltr'>fuit</span> <span class='ocrx_word' id='word_1_655' title='bbox 1673 5497 1832 5574; x_wconf 74' lang='lat' dir='ltr'>usquead</span> <span class='ocrx_word' id='word_1_656' title='bbox 1847 5498 1940 5560; x_wconf 67' lang='lat' dir='ltr'>tem.</span> 
     </span>
     <span class='ocr_line' id='line_1_55' title="bbox 290 5592 1412 5686; baseline -0.004 -24"><span class='ocrx_word' id='word_1_657' title='bbox 290 5596 355 5662; x_wconf 79' lang='lat' dir='ltr'>out</span> <span class='ocrx_word' id='word_1_658' title='bbox 367 5593 488 5656; x_wconf 75' lang='lat' dir='ltr'>atterit</span> <span class='ocrx_word' id='word_1_659' title='bbox 503 5606 565 5653; x_wconf 83' lang='lat' dir='ltr'>nos</span> <span class='ocrx_word' id='word_1_660' title='bbox 580 5592 612 5653; x_wconf 85' lang='lat' dir='ltr'>et</span> <span class='ocrx_word' id='word_1_661' title='bbox 626 5593 710 5654; x_wconf 79' lang='lat' dir='ltr'>tecit</span> <span class='ocrx_word' id='word_1_662' title='bbox 725 5607 787 5654; x_wconf 75' lang='lat' dir='ltr'>reos</span> <span class='ocrx_word' id='word_1_663' title='bbox 800 5607 822 5655; x_wconf 85' lang='lat' dir='ltr'>a</span> <span class='ocrx_word' id='word_1_664' title='bbox 835 5597 985 5669; x_wconf 64' lang='lat' dir='ltr'>peremis</span> <span class='ocrx_word' id='word_1_665' title='bbox 1004 5613 1083 5662; x_wconf 85' lang='lat' dir='ltr'>nos-</span> <span class='ocrx_word' id='word_1_666' title='bbox 1138 5620 1219 5686; x_wconf 87' lang='lat' dir='ltr'>pora</span> <span class='ocrx_word' id='word_1_667' title='bbox 1237 5599 1412 5664; x_wconf 84' lang='lat' dir='ltr'>Samuelis.</span> 
     </span>
    </p>
   </div>
   <div class='ocr_carea' id='block_1_3' title="bbox 0 0 2042 6420">
    <p class='ocr_par' dir='ltr' id='par_1_3' title="bbox 0 0 2042 6420">
     <span class='ocr_line' id='line_1_56' title="bbox 0 0 2042 6420; baseline 0 2"><span class='ocrx_word' id='word_1_668' title='bbox 0 0 2042 6420; x_wconf 95' lang='lat' dir='ltr'> </span> 
     </span>
    </p>
   </div>
  </div>
 </body>
</html>
