4108 6418
565 271 722 343 QUINTA
743 271 1006 332 complanato.
1030 271 1109 332 LIB.
1133 273 1158 332 Ι.

45 275 105 340 isi
1636 281 1693 341 154

44 452 144 516 nobis
166 450 323 529 petitione
346 448 552 522 monstravit,
570 449 657 528 quod
676 465 751 512 cum
765 449 846 512 Vir·
897 447 1042 511 tionibus
1066 449 1212 512 alienum
1236 445 1292 528 (b)
1312 448 1354 510 ad
1385 451 1555 530 exemplar
1583 454 1691 520 felicis

43 551 148 628 gilius
164 547 346 626 presbyter,
358 549 540 609 Tornacen.
553 546 717 621 dioecesis,
730 562 843 625 quain·
898 546 1025 608 record.
1053 546 1145 608 Alex.
1170 548 1279 623 Papae,
1305 547 1559 624 praedecessoris
1574 553 1690 628 nostri,

44 649 124 710 dam
148 644 522 725 praebendamejusdem
547 645 705 706 Ecclesiae
729 660 843 706 curam
897 642 1168 706 auctoritatetibi
1189 646 1250 721 Ap.
1267 643 1487 721 indulgemus,
1513 648 1549 709 ut
1577 649 1606 708 si
1634 651 1692 726 qui

45 746 236 808 animarum
262 740 456 814 habentem,
488 757 586 820 quam
615 742 706 804 nullo
734 742 843 804 medio
898 739 1011 801 clerici
1035 740 1076 800 de
1098 739 1218 801 alienis
1233 741 1476 819 episcopatibus
1491 743 1526 804 iii
1541 745 1691 809 ecclesiis

46 841 165 904 habuit
188 841 284 918 pater
305 842 388 917 ejus,
410 841 480 900 tam
506 838 622 901 contra
644 839 841 901 Lateranen.
896 835 1693 914 tuaeJurisdictionissineconscientiaetassensu

46 955 146 1018 quain
160 937 327 1015 generalis
343 936 482 996 concilii
498 936 620 998 statuta
634 935 790 1008 obtineat,
807 937 842 997 in
896 934 953 996 tuo
968 934 1055 1006 surii,
1078 933 1131 995 vel
1154 933 1278 996 luerint
1296 935 1332 996 in
1353 937 1521 1013 posterum
1534 938 1690 1013 instituti,

45 1037 241 1098 scandalum
264 1034 501 1112 plurimorum3
527 1033 614 1095 idem
638 1034 746 1111 ipsum
770 1049 844 1095 mo·
895 1030 957 1093 tibi
977 1031 1078 1092 liceat
1100 1047 1157 1093 eos
1181 1047 1224 1093 ex
1247 1033 1444 1096 auctoritate
1464 1035 1588 1110 nostra,
1614 1052 1690 1115 app.

45 1135 121 1196 nuit
135 1132 322 1210 diligenter,
338 1131 374 1192 ut
388 1131 575 1207 resignaret
594 1131 743 1193 eamdem
760 1153 767 1193 ε
784 1131 841 1193 sed
896 1129 1015 1206 postp.‚
1042 1144 1232 1204 removere;
1257 1127 1324 1192 nisi
1348 1131 1477 1208 aliquos
1502 1149 1545 1194 eii
1571 1133 1624 1196 liis
1648 1151 1693 1196 ex

3 1279 4 1284 1
44 1233 133 1292 idem
161 1245 314 1292 asserens
343 1229 428 1306 quod
457 1228 552 1291 bonae
577 1230 746 1291 memoriae
773 1231 839 1301 W,
896 1226 1141 1302 dispensatione
1167 1227 1202 1288 in
1225 1227 1351 1289 eisdem
1374 1229 1525 1294 ecclesiis
1554 1230 1691 1296 dureris

41 1328 220 1390 'Remensis
240 1326 520 1404 archiepiscopus,
541 1327 619 1387 tuiic
642 1326 841 1403 apostolicae

46 1427 144 1487 Sedis
166 1425 305 1501 legatae,
331 1423 534 1500 dispensavit
553 1439 627 1485 cuin
648 1440 698 1496 eo,
715 1423 748 1483 id
768 1423 842 1484 elfl-

44 1540 122 1584 cere
149 1520 361 1596 contradicit3
388 1536 585 1599 quamquam
609 1537 683 1582 cuin
711 1535 750 1582 eo
774 1536 841 1583 non

44 1620 147 1683 suerit
168 1635 227 1698 per
245 1622 430 1681 Romanum
450 1618 644 1680 Pontificem
668 1618 842 1695 dispensa-

43 1720 127 1781 tum.
151 1717 313 1790 Quocirca
328 1715 409 1776 disc.
429 1733 461 1777 v.
487 1715 527 1776 de
548 1715 840 1793 utriusquepartis

44 1815 297 1893 procuratorum
308 1828 447 1874 assensu
460 1813 665 1884 mandamns,
679 1813 839 1890 quatenus

44 1912 195 1990 partibus
221 1910 423 1979 convocatis,
449 1911 482 1972 et
506 1909 628 1972 auditis
656 1909 734 1971 binc
762 1910 839 1971 iride

43 2009 234 2087 propositis,
252 2023 318 2068 noii
337 2006 487 2070 obstante
507 2007 753 2084 dispensatione
776 2007 840 2069 ali-

42 2123 122 2185 qua,
132 2121 204 2184 quae
215 2121 234 2166 a
246 2105 330 2167 Sede
342 2105 530 2182 apostolica
541 2119 608 2166 non
619 2106 837 2178 emanaverit,

44 2204 133 2282 quod
156 2203 351 2266 canonicum
379 2201 488 2275 inerit,
516 2217 591 2280 app.
623 2202 742 2280 postp,
769 2203 840 2265 sta-

41 2301 157 2363 tiiatis.

278 2431 490 2522 'aithalis
527 2433 604 2518 XII

180 2599 224 2645 on
245 2597 395 2646 cbitltlcis
416 2597 619 2646 rnnaeniiiis
655 2579 702 2662 (1)

248 2710 417 2783 Episcopo
428 2709 570 2782 Regino.
585 2706 634 2784 (a)

351 2849 488 2910 CAPUT
502 2850 528 2908 Ι.

72 2975 125 3035 Te
139 2971 234 3033 nobis
249 2972 451 3049 proponente
464 2969 652 3044 didicimus,
667 2968 753 3046 quod
769 2968 838 3046 qui-

36 3074 117 3133 dam
132 3068 263 3147 praelati
283 3068 349 3129 tuae
364 3067 619 3145 jurisdictionis,
636 3067 672 3127 in
686 3065 836 3128 ecclesiis

37 3169 106 3231 sibi
120 3165 303 3228 commissis
316 3165 388 3226 sine
401 3164 615 3237 conscientia,
627 3162 660 3225 et
672 3179 836 3225 consensu

35 3268 109 3337 tu0,
127 3264 264 3326 clericos
279 3263 319 3325 de
334 3261 453 3324 alienis
472 3261 717 3339 episcopatibus
732 3260 834 3322 insti-

35 3365 136 3424 tuere
159 3375 224 3421 non
247 3360 428 3422 verentur:
449 3358 656 3420 attendentes
679 3357 781 3434 igitur
801 3357 835 3418 id

36 3459 88 3519 eis
112 3457 206 3518 nulla
230 3457 359 3518 ratione
382 3455 495 3528 licere,
517 3471 591 3516 cum
611 3455 654 3516 sit
669 3455 835 3516 honestati

38 3554 255 3626 contrarium,
271 3553 303 3615 et
318 3569 337 3613 a
352 3553 541 3614 sanctorum
556 3551 686 3628 patrum
701 3551 837 3612 institu-

37 3702 97 3758 indi
124 3701 224 3759 ilatum
246 3699 306 3759 luit.
322 3700 395 3760 Vide
409 3701 519 3758 litteras
536 3702 692 3757 liemarum
707 3699 836 3782 episcopi

39 3773 74 3829 ad
98 3717 268 3829 finitimum
291 3773 441 3852 Ferreum,
464 3770 604 3826 Flandiim
626 3769 833 3838 marchionem,

37 3845 173 3900 inventas
197 3843 226 3898 iii
240 3847 329 3897 veleri
347 3854 451 3896 scrinio
472 3853 537 3896 cuin
559 3841 721 3910 corpores.
738 3842 832 3898 Dona·

38 3914 126 3980 tiani,
144 3913 222 3982 apitii
235 3911 390 3970 Molonem.
407 3911 439 3966 iia
452 3909 581 3965 inrdiculo
596 3912 642 3966 SS.
656 3910 756 3980 Belpii.
792 3917 794 3924 '

73 3985 156 4040 Licet
170 3981 244 4039 iliius
259 3980 415 4053 presbyteri
428 3994 485 4037 non
500 3980 589 4053 possit
603 3979 731 4037 obtinere
745 3981 832 4036 bene·

38 4054 137 4111 licium
153 4053 250 4124 patris,
264 4065 361 4109 cuium
383 4049 493 4107 habens
513 4051 673 4108 animarum
689 4051 718 4107 in
733 4051 835 4108 eadem

37 4123 183 4192 ecclesia3
199 4123 223 4179 si
238 4121 274 4178 sit
292 4129 389 4178 tamen
410 4119 619 4178 boneficiumsi
671 4121 716 4176 lex
737 4123 766 4177 iii
788 4136 833 4189 ea,

37 4195 196 4260 obtineret,
222 4193 261 4248 ait
284 4189 445 4249 Bernartius
464 4190 622 4272 papiensis.
661 4194 716 4248 laec
739 4200 834 4249 autem

38 4263 195 4336 prohibitio
209 4263 239 4319 di
250 4270 366 4344 propter
377 4268 567 4318 reverentiam
577 4268 832 4331 sacramentorum,

37 4343 66 4391 et
80 4335 111 4390 iii
127 4333 343 4390 detestationem
358 4332 495 4388 criminis.

82 4403 125 4477 tl)
151 4405 188 4461 (Σο
211 4403 275 4460 titre
297 4401 388 4459 forme
415 4403 442 4484 le
470 4402 517 4458 ibi
541 4401 577 4458 de
607 4401 634 4458 la
669 4401 835 4473 Compilutio

35 4477 135 4544 prima
147 4481 174 4531 et
186 4473 213 4530 le
225 4473 273 4531 22⁰
286 4472 337 4530 des
348 4472 510 4530 Decreteles
525 4470 579 4528 did
602 4471 743 4530 oiieiines.

74 4544 116 4628 (a)
128 4545 228 4613 Epiron
247 4544 386 4614 ellepino.
398 4543 521 4616 liegium
532 4543 561 4598 iii
611 4542 698 4611 milia,
713 4543 834 4616 Regium

38 4614 149 4688 Lepidi,
162 4558 302 4681 Straboni,
320 4613 355 4670 ad
368 4613 558 4670 diiieientiam
573 4611 835 4686 archiepiscopatus

39 4685 192 4744 ileoiensis
204 4685 233 4740 iii
250 4685 357 4752 Brutia,
372 4683 479 4741 dictum
495 4683 616 4741 neotum
630 4684 707 4752 iulii,
722 4685 833 4756 Reppio,

38 4729 222 4838 suffraganea
236 4755 360 4827 episcopi
376 4725 574 4836 manatensis.
770 4825 776 4836 ,

73 4830 284 4885 institutionem
308 4823 356 4880 liic
378 4839 459 4881 suine
480 4831 586 4891 stricte,
610 4838 660 4895 pio
684 4823 834 4881 collatione

40 4895 268 4969 praebendorum,
294 4896 339 4952 vel
366 4893 580 4962 beneficiorum,
607 4908 657 4965 pro
683 4894 833 4964 electione,

40 4967 245 5039 postulatione,
271 4967 504 5037 praesentatione,
535 4963 728 5031 translatione,
753 4979 832 5021 coin·

39 5037 154 5106 ineiida,
171 5051 221 5093 seii
236 5035 348 5103 fiducia,
362 5050 425 5108 cap.
441 5051 505 5093 cnm
518 5035 666 5100 venissent,
685 5040 764 5090 extra
780 5035 835 5092 lioc

38 5110 79 5165 tit.
107 5123 170 5179 cap.
183 5123 246 5164 cnm
259 5121 294 5162 cc
308 5107 487 5178 traiciendo
501 5105 622 5162 teretia.
637 5106 734 5162 Potest
745 5113 773 5162 et
784 5121 834 5179 pro

38 5150 171 5235 ordinum
196 5177 346 5234 collatione
370 5177 455 5246 sumi,
479 5183 511 5232 ut
535 5176 564 5232 in
590 5189 655 5232 can.
686 5176 784 5232 itnllus
809 5181 834 5233 et

37 5265 104 5320 sep,
135 5249 171 5306 60
197 5248 262 5304 dist.
289 5247 434 5304 Ordinatio
459 5253 487 5302 et
511 5245 649 5303 institutio
674 5247 834 5317 promiscue

38 5325 163 5392 sumpta,
175 5319 239 5390 quia
249 5317 318 5374 olim
329 5318 404 5373 nulla
415 5315 555 5374 ordinatio
569 5316 632 5372 siue
646 5315 832 5386 institutione,

38 5405 89 5516 zeii
123 5390 230 5517 {lirim
262 5402 326 5444 caii.
354 5391 534 5456 sanctornm,
571 5387 604 5444 70
632 5385 698 5444 dist.
722 5392 748 5444 et
776 5395 832 5446 tota

57 5463 103 5517 ist.
159 5503 166 5516 .

74 5533 114 5602 (b)
130 5531 176 5587 Ad
189 5530 343 5600 eceinplor.
366 5526 502 5610 intelligit
522 5526 758 5586 Constitutionem
774 5530 831 5602 pri-

38 5616 115 5660 maiii
134 5601 217 5674 hujus
233 5601 285 5672 tit,
303 5614 366 5672 quae
382 5613 494 5672 proprie
505 5605 548 5654 est
560 5596 595 5654 dc
614 5598 724 5658 clericIs
739 5607 830 5660 truns-

895 1322 1099 1386 retinendos.

1117 1464 1329 1555 titulos
1363 1467 1461 1555 XIII

1018 1620 1063 1668 iili
1085 1619 1215 1668 orricio
1236 1621 1491 1672 incriminari.
1515 1608 1563 1690 (2)

933 1737 1054 1799 Abbati
1071 1739 1255 1810 Arrcinnr,
1273 1735 1320 1816 (c)
1336 1743 1475 1802 Trecen.
1492 1744 1600 1813 dicen,
1616 1743 1651 1806 et

993 1837 1119 1896 decano
1133 1836 1251 1896 Sancti
1265 1836 1430 1911 Stephani
1450 1841 1588 1902 trecen.

1205 1959 1341 2020 CAPUT
1356 1961 1380 2020 1.

932 2080 1058 2142 Dilecto
1075 2081 1156 2153 tilio,
1172 2084 1205 2144 ct
1221 2085 1327 2156 inmo.
1350 2083 1399 2144 Ad
1419 2085 1611 2160 petitionem
1633 2105 1690 2150 ar-

893 2177 1080 2240 chidiaconi
1094 2180 1214 2240 Senon.
1229 2181 1461 2256 conquerentis
1474 2183 1559 2258 quod
1573 2184 1686 2260 abbas,

893 2276 927 2336 et
948 2273 1128 2336 conventus
1160 2275 1353 2337 monasterii
1378 2275 1428 2356 (d)
1455 2280 1568 2342 Sancti
1597 2283 1688 2346 Petri

892 2370 969 2432 Vivi
984 2372 1104 2432 Senon.
1119 2371 1385 2447 procurationem
1395 2389 1552 2449 annuam,
1562 2379 1594 2441 et
1602 2396 1689 2456 quae·

893 2468 968 2530 dam
992 2468 1077 2539 alia,
1102 2467 1232 2530 ratinne
1255 2469 1307 2530 sui
1331 2471 1621 2536 archidiaconatus
1645 2478 1688 2539 ad

892 2565 1000 2641 ipsum
1014 2564 1197 2641 spectantia
1212 2566 1370 2628 exhibere
1386 2567 1450 2628 sibi
1465 2571 1580 2632 contra
1589 2574 1688 2650 justi-

892 2661 973 2723 tiam
987 2660 1204 2737 denegabant,
1221 2661 1332 2725 abbati
1355 2666 1466 2727 Sancti
1483 2668 1637 2745 Crispini,
1655 2674 1688 2736 et

892 2757 1027 2834 collegae
1042 2760 1114 2835 ejus
1134 2758 1284 2820 dedimus
1307 2759 1343 2820 iii
1366 2763 1541 2837 mandatis,
1563 2767 1600 2828 ut
1622 2784 1687 2829 au-

892 2854 1001 2917 dirent
1012 2869 1146 2918 causam
1159 2855 1348 2933 hujusmodi
1361 2859 1393 2920 et
1413 2859 1479 2921 dne
1494 2861 1602 2925 debito
1617 2865 1688 2926 ter-

891 2953 1067 3014 minarent.
1083 2953 1201 3014 Coram
1217 2953 1335 3030 quibus
1350 2957 1444 3032 petiit
1456 2958 1562 3020 dictus
1578 2962 1687 3023 archi·

891 3050 1061 3123 diaconus,
1078 3050 1114 3113 ut
1127 3067 1228 3129 quum
1243 3049 1330 3112 idem
1345 3054 1583 3118 monasterium
1597 3058 1686 3122 intra

889 3147 994 3209 metas
1007 3147 1059 3208 sui
1074 3147 1363 3210 archidiaconatus
1379 3149 1422 3212 sit
1434 3151 1544 3226 situm,
1560 3155 1592 3216 ei
1603 3173 1686 3234 prae·

890 3242 949 3306 iati
963 3243 1072 3306 Abbas
1087 3245 1120 3307 et
1133 3245 1288 3306 monachi
1307 3245 1478 3310 obedirent
1492 3249 1528 3310 iii
1542 3251 1595 3313 liis
1611 3269 1685 3332 quae

889 3341 1055 3418 pertinent
1075 3341 1116 3404 ad
1134 3341 1411 3420 jurisdictionem,
1431 3349 1681 3425 correctionem,

889 3439 1205 3511 reconciliationem,
1232 3441 1265 3500 et
1285 3441 1522 3516 visitationem,
1550 3446 1682 3524 adjus,

890 3537 926 3596 ut
946 3534 1086 3608 dicebat,
1110 3535 1379 3598 archidiaconale
1402 3541 1604 3618 spectantem
1626 3546 1683 3604 vi-

890 3700 1021 3769 mariuis,
1042 3707 1070 3757 et
1093 3714 1109 3756 e
1136 3700 1302 3773 regionibus
1324 3703 1441 3760 remotis
1456 3703 1684 3776 advertentibus,

890 3771 965 3828 circa
980 3785 1051 3852 quos
1068 3776 1169 3842 potest,
1184 3785 1270 3828 causa
1290 3773 1416 3845 cognita,
1432 3773 1601 3846 dIspensari.
1623 3781 1685 3836 Hoc

890 3854 953 3914 cap.
969 3847 1032 3914 ugit
1044 3841 1186 3898 Honorius
1200 3840 1236 3897 de
1249 3841 1294 3898 liis
1309 3841 1356 3914 qui
1367 3857 1382 3900 a
1394 3845 1522 3902 Praetutia
1537 3847 1685 3906 instituun-

889 3911 978 3992 tuiiu
992 3911 1131 3979 coeleste,
1148 3911 1238 3968 inscio
1253 3913 1403 3996 episcop03
1419 3914 1466 3972 ubi
1481 3918 1596 3974 nomine
1610 3920 1686 3978 Pre-

890 3981 943 4038 loti
955 3981 1086 4053 intelligit
1102 3981 1233 4050 abbates,
1250 3982 1478 4054 archidiaconos,
1494 3987 1639 4058 plebanos,
1655 3998 1686 4047 et

890 4052 960 4108 alios
975 4051 1010 4108 de
1025 4051 1128 4124 quibus
1144 4052 1173 4108 iii
1188 4067 1251 4134 cap.
1268 4053 1295 4121 2,
1315 4054 1348 4110 de
1361 4055 1467 4124 india,
1483 4064 1512 4113 et
1531 4058 1597 4114 alibi
1609 4058 1682 4116 dixi·

889 4137 968 4192 mus;
983 4129 1011 4178 et
1027 4120 1113 4178 verba
1129 4123 1246 4178 lionorii
1268 4122 1408 4194 indicant3
1431 4125 1551 4192 Quidam
1569 4131 1685 4200 proeloti

888 4197 943 4249 tun
961 4192 1172 4263 jurisdictionis
1196 4193 1227 4247 in
1248 4194 1370 4251 ecclesiis
1392 4195 1446 4252 sibi
1464 4199 1631 4269 commissis,
1648 4215 1685 4260 ex

889 4264 990 4344 quibus
1014 4263 1119 4336 colligo
1143 4262 1303 4336 intelligere
1332 4265 1463 4337 praelatos
1480 4269 1572 4340 alios,
1597 4285 1684 4344 quam

889 4348 986 4406 episco
1006 4349 1049 4391 oe.

925 4402 966 4531 (ig
986 4349 1024 4462 ge
1048 4405 1111 4461 titre
1127 4401 1216 4461 lorine
1233 4404 1260 4461 le
1276 4405 1324 4462 ibt
1339 4405 1374 4462 de
1388 4406 1415 4463 la
1432 4407 1599 4480 Compitalia
1614 4412 1639 4482 i,
1655 4421 1685 4472 et

888 4475 914 4532 le
932 4475 946 4529 i
967 4483 979 4517 ο
994 4472 1045 4530 des
1060 4472 1170 4531 Deerit.
1185 4473 1404 4548 Gregodennes.

928 4541 966 4617 (c)
986 4544 1087 4600 Abbati
1100 4545 1285 4628 Ariminensi.
1304 4547 1350 4605 Sic
1363 4546 1438 4619 apud
1458 4549 1609 4608 linimund.
1633 4553 1684 4610 scd

890 4617 963 4696 male
979 4629 985 4670 :
1003 4615 1209 4684 Arremnieusi,
1231 4617 1260 4673 iii
1279 4618 1357 4676 MSS.
1378 4619 1570 4677 Arimaiensis
1594 4620 1683 4680 abba·

889 4693 937 4753 tia,
965 4685 994 4740 iii
1023 4685 1138 4743 dioecesi
1163 4688 1311 4755 inecaret,
1339 4687 1447 4744 ordinis
1466 4690 1494 4746 S.
1517 4691 1680 4762 Benedicti,

888 4755 1142 4829 monstier-rumen
1158 4755 1230 4816 Vide
1243 4757 1425 4815 Sirmundum
1441 4758 1476 4815 ad
1493 4762 1608 4818 Petruin
1623 4764 1682 4820 Cel·

888 4826 1007 4894 lenscm,
1024 4827 1116 4896 Epist.
1131 4828 1157 4894 i,
1175 4827 1222 4883 lib.
1236 4827 1276 4883 ii.

926 4898 986 4953 lloc
998 4899 1100 4968 capite,
1115 4895 1332 4953 archidiaconus
1342 4896 1405 4969 jure
1420 4901 1566 4957 communi
1580 4917 1682 4961 omues

889 4965 961 5023 intra
977 4975 1068 5024 metas
1081 4968 1125 5024 sui
1140 4966 1396 5036 archidiaconatus,
1415 4983 1475 5025 suae
1493 4969 1682 5042 jurisdictioni

889 5043 916 5093 ct
939 5037 1095 5094 vtsitationi
1120 5035 1247 5094 subditos
1268 5051 1332 5094 esse
1355 5039 1466 5108 asserit,
1480 5047 1508 5097 et
1533 5041 1596 5098 ideo
1620 5060 1683 5116 pro·

888 5108 1049 5164 curationes
1061 5107 1113 5164 sibi
1129 5105 1235 5176 deberi,
1252 5106 1326 5164 'uita
1342 5123 1374 5164 oa
1399 5114 1670 5182 pinnipotens

888 5183 913 5233 et
931 5192 994 5250 cap.
1015 5178 1119 5260 sopite:
1142 5183 1216 5260 ectr,
1239 5123 1273 5234 Ic
1294 5125 1406 5249 cerisiAE,
1428 5182 1493 5252 quia
1513 5197 1623 5242 annexa
1639 5159 1684 5246 es’t

888 5255 1049 5320 procuratio
1064 5256 1228 5318 visitationi,
1248 5263 1311 5322 cap.
1332 5265 1395 5306 cnm
1427 5253 1603 5323 oemrutitis,
1621 5259 1680 5318 cod.

888 5321 1029 5387 Quantum
1053 5318 1089 5376 ad
1115 5320 1298 5388 monasteria,
1324 5327 1426 5392 praetei
1446 5321 1494 5393 jus
1516 5337 1680 5400 commuue,

888 5388 1108 5446 consuetudines
1131 5391 1218 5447 etiain
1239 5391 1328 5462 exigit
1346 5389 1413 5447 dict.
1436 5405 1499 5464 cap.
1522 5395 1626 5464 sopite.
1652 5409 1681 5458 et

887 5460 1030 5588 &confitens
1050 5461 1105 5518 tic.
1127 5464 1169 5519 Dc
1190 5461 1300 5533 juribus
1327 5459 1520 5520 archidiaconi
1542 5465 1626 5528 latius
1651 5471 1683 5529 in

911 5546 988 5587 crui
1015 5547 1048 5588 is.

932 5599 974 5675 (d)
1005 5601 1096 5659 Attus
1121 5603 1148 5660 S.
1175 5601 1255 5659 Petri
1280 5602 1347 5660 ctat.
1372 5604 1450 5664 tiss.
1481 5604 1587 5667 babent
1618 5611 1682 5672 liat
