4076 6420
81 214 149 274 ss:
510 209 916 284 momumensrun.
941 185 1147 276 noumron
1167 210 1313 274 perun.
1674 213 1734 275 res

83 371 141 434 est
152 365 299 444 luxuria,
316 369 394 448 quia
409 367 542 432 luxuria
564 371 654 448 iguis
669 371 731 434 est.
747 370 788 432 Et
801 369 889 432 sicut
943 368 1017 448 plus
1029 369 1155 444 volunt,
1172 367 1258 434 sicut
1270 368 1310 432 de
1322 367 1525 448 hydropicis,
1541 370 1598 450 qui
1611 371 1735 449 quanto

84 468 141 530 illi
154 467 327 544 serpentes
337 467 518 544 projiciunt
528 467 651 544 ignem,
666 468 745 545 quia
759 481 888 528 morsus
943 467 1017 546 plus
1031 468 1148 530 bibunt
1163 469 1255 530 tanto
1277 467 1351 545 plus
1369 467 1495 530 sitiunt.
1513 467 1553 530 nt
1568 469 1615 531 ita
1630 469 1680 531 est
1695 469 1736 531 de

83 565 179 641 ignis
190 565 250 636 est,
264 564 310 625 ita
324 565 460 642 spiritus
475 565 618 628 luxuriae
633 565 766 642 proiicit
778 565 888 642 ignem
943 566 1011 628 illis
1036 567 1092 644 qui
1116 567 1219 627 morsi
1243 564 1381 627 suntab
1412 565 1485 627 istis
1514 566 1734 642 serpentibus.

86 661 293 734 hominibus,
307 661 503 726 ethomiues
525 679 591 724 non
613 663 752 740 possunt
772 663 889 724 satiari
945 665 1038 726 Unde
1067 665 1244 729 Salomon:
1278 667 1419 726 Avarus
1444 678 1514 724 noe
1541 663 1738 738 implebitur·

86 760 237 821 luxuria.
251 758 344 820 Unde
359 760 529 822 Salomon:
539 765 648 822 Terra
658 775 727 822 noa
738 761 891 822 satietur
939 766 1089 838 peceato
1105 759 1206 841 (Eccl.
1227 779 1258 834 v,
1275 759 1321 840 9).
1342 762 1383 823 nt
1399 761 1595 837 Apostolus:
1624 765 1739 824 eadee

85 873 183 933 aque
200 853 313 935 (Prov.
335 873 416 930 xxx,
436 857 500 938 16).
520 861 623 919 Terra
643 861 694 920 est
720 873 799 920 caro
820 857 888 917 hu·
944 863 1099 922 euentum
1117 865 1289 923 melorum
1310 860 1361 922 est
1378 860 1532 920 otroritto
1546 857 1575 938 (1
1597 859 1679 920 TIm.
1691 875 1737 932 vr,

87 971 202 1024 mana,
219 954 308 1032 quia,
326 955 413 1017 sicut
430 956 520 1018 terra
540 971 607 1016 nou
629 954 772 1016 satiatur
790 969 888 1032 aqua,
945 956 1009 1036 10).
1031 959 1071 1019 Et
1090 958 1170 1020 item
1182 956 1377 1034 Apostolus:
1404 958 1520 1018 Omnis
1533 958 1737 1031 semenator,

87 1053 139 1114 ita
161 1068 239 1114 caro
254 1052 401 1114 humana
424 1069 491 1114 uon
516 1051 659 1114 satiatur
679 1051 825 1113 luxuria.
851 1053 892 1113 Et
945 1056 1006 1118 oet
1024 1058 1232 1128 immundus,
1251 1055 1313 1116 out
1331 1069 1462 1118 avares
1476 1055 1741 1118 1611616116-

87 1149 164 1214 Joel
181 1171 189 1210 :
207 1150 672 1224 Gornputreeruutjumeata
685 1153 723 1210 tu
737 1150 891 1212 stercore
944 1154 1130 1216 reditotee:
1143 1155 1181 1214 te
1193 1167 1303 1229 regno
1325 1153 1452 1214 Christi
1467 1151 1499 1214 et
1514 1155 1578 1214 Det
1592 1150 1687 1231 (Eph.
1705 1169 1738 1225 v,

87 1262 156 1310 suo
185 1244 283 1328 (Joel.
308 1263 335 1318 1,
362 1245 427 1327 17).
455 1246 610 1310 tumenta
637 1247 715 1309 sunt
739 1246 890 1310 homines
944 1252 990 1331 5).
1011 1253 1143 1328 Moyses
1160 1250 1271 1328 posuit
1290 1249 1476 1326 serpentem
1491 1265 1620 1311 aeneum
1634 1249 1671 1310 in
1692 1249 1739 1311 li-

89 1343 248 1406 earnales
263 1343 321 1421 qui
335 1344 604 1421 computrescunt
613 1343 648 1404 in
661 1359 721 1406 suo
732 1347 888 1416 stercore,
944 1365 1021 1426 gno.
1062 1351 1127 1410 Pro
1162 1349 1315 1426 serpente
1357 1347 1575 1424 intelligimus
1621 1363 1741 1424 corpus

90 1441 151 1519 qui
173 1441 321 1518 corrupti
343 1442 421 1504 sunt
443 1442 476 1504 et
497 1440 737 1502 abominabiles
752 1440 832 1503 iacti
856 1440 891 1501 in
946 1445 1070 1507 Christi
1084 1445 1138 1506 vel
1152 1444 1261 1522 ipsum
1277 1443 1454 1506 Christum.
1469 1446 1536 1506 Per
1551 1444 1680 1520 lignum
1698 1444 1743 1505 il-

92 1539 207 1600 carnis
221 1538 400 1616 voluptate.
419 1541 542 1600 Tamen
568 1537 684 1600 heatus
712 1537 891 1615 Gregorius
946 1543 1003 1604 lud
1024 1541 1242 1618 intelligimus
1261 1541 1388 1618 lignum
1412 1542 1532 1614 crucis,
1557 1541 1611 1603 vel
1634 1541 1741 1618 ipsam

91 1635 158 1698 hoc
183 1637 279 1700 modo
304 1637 442 1714 exponit
460 1635 728 1699 :etumeutain
747 1635 892 1697 stercore
947 1656 1090 1702 crucem.
1118 1639 1158 1701 nt
1178 1639 1266 1700 sicut
1292 1654 1407 1699 omnes
1429 1637 1480 1699 illi
1502 1638 1559 1716 qui
1586 1637 1743 1700 sidebant

91 1749 155 1795 suo
184 1733 449 1812 computrescere
481 1732 532 1794 est
559 1734 713 1796 carnales
741 1733 892 1796 homines
947 1737 1133 1815 serpentem
1148 1751 1288 1808 aeneum,
1303 1732 1548 1811 liberabantur:
1564 1734 1742 1812 ilailliqui

93 1831 131 1893 in
143 1831 261 1896 foetore
275 1831 419 1893 luxuries
434 1831 537 1893 vitam
551 1830 658 1893 linire.
676 1847 694 1892 a
949 1834 1062 1898 vident
1081 1837 1195 1898 lesum
1212 1832 1382 1894 Christum
1401 1831 1585 1894 liberantur
1603 1848 1623 1894 a
1643 1831 1741 1896 melis

135 1933 182 1992 De
205 1929 350 1992 secundo
369 1943 492 2006 genere
514 1928 724 2006 serpentum,
750 1926 893 2006 quinon
947 1933 981 1995 et
1001 1932 1043 1995 ab
1070 1931 1221 1994 omnibus
1240 1929 1512 1992 tribulationibus
1533 1931 1566 1990 et
1588 1945 1609 1990 a
1636 1932 1742 1992 morte

94 2025 248 2089 mordent
272 2025 330 2088 sed
353 2026 535 2105 projiciunt
556 2043 719 2089 venenum
745 2041 820 2086 cum
839 2025 892 2086 si·
947 2030 1108 2109 perpetua
1123 2030 1188 2091 eta
1202 2027 1366 2105 potestate
1386 2026 1509 2089 diaboli
1525 2027 1558 2090 et
1572 2027 1645 2105 post
1657 2043 1743 2092 mor·

93 2123 181 2200 bilo;
209 2139 315 2201 genus
353 2123 441 2186 istud
470 2123 638 2200 significat
668 2123 805 2200 spiritus
833 2123 893 2183 irae
947 2130 1015 2190 tem
1034 2125 1219 2203 agehenna
1234 2125 1333 2200 iguis.
1357 2124 1419 2196 Qui
1433 2125 1556 2197 vident,
1573 2125 1668 2198 idest,
1686 2125 1757 2203 qui-

94 2223 176 2300 quie
192 2222 243 2284 ira
259 2221 357 2284 datus
373 2221 433 2295 est,
450 2221 483 2284 et
497 2221 575 2284 irati
590 2237 721 2298 semper
739 2220 895 2297 reiiciunt
948 2225 1076 2288 iaciunt
1104 2223 1308 2286 voluntatem
1350 2225 1431 2286 Jesu
1465 2221 1604 2295 Christi,
1640 2221 1741 2295 idest,

98 2321 225 2382 ilatum.
248 2321 288 2382 nt
309 2319 395 2382 sicut
412 2319 547 2382 illorum
569 2335 675 2396 genus
703 2317 894 2394 serpentum
949 2338 1050 2400 opera
1070 2337 1142 2393 sua,
1163 2320 1237 2398 ispo
1259 2318 1471 2397 facientequi
1486 2319 1743 2382 estbenedictus

97 2416 227 2480 mordet
254 2433 328 2480 oum
357 2416 455 2478 sibilo
483 2417 517 2479 et
544 2417 637 2490 datu,
665 2417 699 2478 et
723 2431 790 2476 non
820 2431 894 2476 cum
948 2418 1122 2484 insaecula
1134 2417 1345 2480 saecmorum.
1357 2420 1472 2480 Amen.

96 2531 222 2589 morsu,
247 2515 295 2578 ita
313 2514 454 2592 spiritus
475 2515 536 2576 irae
562 2513 692 2588 mordet
714 2514 747 2576 et
770 2513 896 2590 pugnat

97 2628 173 2674 cum
201 2611 391 2674 hominibus
414 2611 573 2673 mittendo
598 2627 775 2672 venenum
800 2609 894 2673 Unde

97 2710 221 2786 regum
247 2709 284 2770 sn
306 2707 391 2770 :uro
416 2711 497 2771 :esu
522 2707 583 2768 uui
609 2707 747 2770 suam:
776 2709 840 2770 rra
860 2706 894 2769 c:
1298 2667 1397 2756 XIII

95 2811 211 2884 necor,
243 2807 392 2881 utroque
418 2809 628 2867 execrabilia
656 2804 749 2878 seat,
779 2804 813 2867 et
840 2807 898 2866 etr

96 2904 261 2979 peccator
293 2903 474 2964 corsttaeas
491 2897 496 2907 '
512 2901 582 2964 ertt
620 2905 757 2965 elasam
792 2899 895 2982 (11661.
952 2894 998 2958 IN
1021 2893 1352 2968 QUADRAGESIMA
1381 2891 1586 2955 DOMINICA
1611 2892 1746 2954 PRIMA

100 3015 210 3072 xxvn,
226 2997 292 3080 33).
309 3001 358 3061 lta
372 2999 408 3060 in
423 2999 508 3062 libro
522 2998 771 3062 Ecclesiastico:
785 3001 897 3062 Homo

96 3101 230 3162 homiui
242 3098 403 3160 reserent
416 3101 508 3160 trem
523 3099 558 3160 et
570 3113 593 3158 a
604 3101 675 3159 Deo
690 3099 817 3173 quaere
829 3113 898 3160 me-
991 3104 1078 3163 Ecce
1091 3116 1182 3162 helec
1201 3100 1336 3174 tempus
1350 3098 1552 3174 oeeeptohtle
1567 3111 1642 3160 ecce
1657 3111 1748 3160 nuuc

99 3200 212 3258 delam
229 3193 334 3276 (Eccl.
352 3209 472 3268 xxvur,
494 3193 540 3275 3).
564 3195 645 3257 Item
667 3195 703 3254 in
724 3195 839 3257 eodem
854 3195 899 3256 li·
953 3201 1025 3260 dies
1038 3201 1160 3260 solutis
1175 3196 1205 3277 (l
1220 3199 1292 3260 Cor.
1309 3213 1355 3272 vr,
1368 3196 1415 3276 2).

99 3293 181 3356 bro:
200 3297 305 3357 Zetes
324 3294 358 3355 et
376 3296 560 3354 icomedis
576 3294 735 3355 aestuent
753 3296 843 3367 dies,
864 3293 899 3356 et
993 3299 1116 3358 Occasio
1145 3297 1280 3370 teecpus
1310 3295 1434 3358 babeat
1463 3294 1498 3356 et
1523 3295 1598 3355 suls
1624 3291 1748 3366 spatiis

101 3391 184 3454 onte
206 3392 340 3467 tempus
362 3391 538 3454 senectam
562 3391 707 3452 adducet
729 3392 899 3467 cogitatus
951 3393 1139 3454 transeunt
1156 3396 1322 3454 universo
1346 3389 1685 3469 sebcoelo(bccl.1rr‚
1703 3386 1747 3467 1).

101 3486 202 3570 (Eccl.
230 3505 317 3562 xxx,
345 3486 412 3568 26).
442 3489 482 3550 111
505 3489 584 3551 Cato
605 3504 652 3548 :c
683 3489 737 3548 Ira
761 3487 900 3564 impedit
955 3489 990 3550 Si
1005 3505 1094 3551 nunc
1105 3489 1157 3551 est
1169 3489 1299 3565 tempus
1314 3486 1529 3564 acceptabile,
1546 3487 1576 3546 si
1586 3486 1664 3547 sunt
1677 3485 1748 3548 dies

99 3587 258 3654 animum,
277 3602 319 3648 ne
333 3585 438 3664 possit
452 3600 589 3646 cernere
603 3600 730 3645 serum.
747 3600 767 3644 s
953 3585 1083 3656 salutis,
1100 3586 1129 3646 si
1144 3584 1255 3646 omnia
1271 3585 1400 3661 tempus
1420 3583 1553 3654 habent,
1576 3583 1606 3644 si
1627 3582 1748 3643 milvus

143 3687 190 3747 De
204 3683 302 3748 tortio
319 3697 442 3760 genere
459 3681 652 3760 serpentum
670 3680 727 3758 qui
746 3680 901 3743 dicuntur
954 3683 990 3745 in
1007 3683 1091 3744 coelo
1113 3682 1283 3759 cognoscit
1305 3683 1435 3760 tempus
1451 3696 1558 3754 suum,
1577 3679 1607 3740 si
1625 3679 1746 3752 turtur,

99 3783 305 3860 scorpiones,
331 3780 501 3858 significat
527 3779 664 3856 spiritns
688 3778 791 3856 gulae,
822 3779 901 3857 quia
954 3781 1097 3844 hirundo
1107 3781 1140 3844 et
1149 3781 1290 3853 ciconia,
1294 3778 1586 3857 Juxtaleremiam,
1597 3777 1749 3840 observa·

101 3881 152 3943 illi
165 3881 221 3958 qui
232 3879 370 3942 multum
381 3876 567 3950 comedunt,
579 3877 666 3940 sicut
679 3877 756 3940 sunt
767 3877 898 3951 divites,
954 3878 1074 3942 verunt
1085 3878 1213 3956 tempus
1228 3878 1390 3940 adventus
1406 3877 1469 3950 sui,
1485 3877 1586 3938 curet
1601 3891 1673 3948 nos,
1685 3874 1750 3936 tra·

101 3979 251 4057 potentes
280 3977 336 4055 qui
373 3975 496 4039 habent
523 3975 761 4038 abundantiam
788 3991 900 4037 rerum
954 3979 1034 4052 tres,
1050 3993 1118 4039 non
1132 3975 1331 4053 suscipimus
1350 3975 1414 4038 hoc
1436 3975 1565 4052 tempus
1591 3973 1748 4051 accepta-

102 4078 292 4149 multarum,
315 4076 348 4137 et
367 4075 453 4138 sicut
467 4074 517 4135 illi
538 4074 595 4152 qui
617 4075 694 4136 sunt
712 4074 747 4135 in
761 4073 901 4136 taberna
954 4077 1021 4139 bile
1046 4075 1089 4137 ad
1111 4075 1275 4152 agendum
1301 4073 1530 4152 poenitentiam
1554 4071 1750 4134 delictorum

102 4175 157 4236 die
170 4175 334 4250 noctuque
349 4173 382 4235 et
396 4171 572 4233 comedunt
582 4171 822 4244 indifferenter,
840 4187 899 4249 pro
954 4173 1144 4238 nostrorum
1154 4175 1167 4233 1
1179 4176 1405 4250 Agnoscamus
1418 4171 1530 4249 itaque
1545 4170 1580 4232 et
1592 4186 1653 4232 nos
1664 4170 1750 4233 tem-

101 4272 207 4334 multa
228 4269 431 4332 comestione
450 4285 537 4346 saepe
558 4269 590 4330 et
614 4269 737 4346 saepius
766 4269 902 4347 patiun-
954 4289 1016 4352 pus
1027 4270 1492 4344 conversionis,visitationis,
1505 4270 1538 4331 et
1548 4267 1750 4332 reversionis

101 4372 158 4433 tur
183 4367 422 4429 infirmitatem.
449 4367 542 4428 Unde
560 4367 720 4429 Dominus
739 4368 902 4430 111111611-
955 4371 1088 4433 nostrae.
1105 4371 1140 4432 Si
1155 4385 1234 4447 ergo
1248 4369 1310 4431 tuit
1324 4368 1504 4446 aliquando
1514 4368 1644 4444 tempus
1659 4367 1752 4444 plan·

102 4465 456 4546 geliozAtteudtteue
469 4465 901 4540 proveaturcordovestra
955 4467 1047 4531 tandi
1071 4468 1108 4530 in
1133 4467 1228 4530 nobis
1254 4466 1336 4528 vitia
1359 4468 1392 4528 et
1418 4466 1572 4542 peccata,
1599 4479 1689 4526 nuuc
1709 4463 1753 4525 sit

103 4563 347 4641 increpasset
368 4563 532 4626 ebrietate
557 4561 650 4644 (Luc.
675 4579 747 4636 xxi,
770 4562 836 4644 34).
862 4564 902 4626 Ε1
955 4567 1086 4644 tempus
1107 4565 1270 4628 evellendi
1291 4564 1326 4626 et
1349 4562 1538 4640 extirpandi
1562 4561 1648 4640 quod
1663 4561 1751 4623 male

104 4663 202 4725 homo
212 4663 329 4724 ventre
342 4660 522 4738 plenoplus
533 4663 628 4724 curat
639 4661 680 4723 de
690 4660 900 4738 adimplenda
955 4663 1140 4742 plantatum
1155 4657 1214 4727 est.
1228 4663 1263 4724 si
1278 4661 1340 4724 tuit
1353 4662 1483 4739 tempus
1494 4659 1667 4722 occidendi
1682 4659 1753 4720 ani-

103 4761 272 4838 voluptate
300 4776 369 4821 suae
396 4759 518 4831 carnis,
545 4776 645 4836 quam
664 4760 704 4822 de
729 4759 901 4821 voluntate
956 4778 1028 4824 mas
1046 4763 1178 4825 nostras
1202 4777 1261 4839 per
1286 4760 1418 4832 delicta,
1439 4774 1529 4820 nunc
1554 4757 1598 4819 sit
1621 4757 1751 4834 tempus

104 4861 176 4925 Dei.
196 4858 289 4922 Unde
305 4858 340 4918 in
355 4857 492 4920 cantico
509 4857 654 4934 Moysis:
671 4861 819 4935 Ptnpets
832 4860 903 4932 foc·
957 4860 1098 4922 sanandi
1116 4876 1176 4937 per
1190 4858 1419 4937 poenitentiam
1439 4856 1473 4918 et
1490 4870 1605 4918 veram
1627 4854 1753 4916 contri·
1861 4843 1863 4848 ’

104 4961 161 5022 tus
182 4957 283 5021 estet
305 4949 531 5028 incrassatus,
549 4957 583 5017 et
598 4955 903 5031 carelessness:
956 4959 1091 5022 tionem.
1117 4958 1152 5019 Si
1175 4956 1239 5020 fuit
1260 4955 1390 5035 tempus
1410 4953 1588 5031 colligendi
1602 4953 1635 5016 et
1648 4968 1751 5030 repo-

104 5060 164 5133 que
176 5056 258 5132 sectt
274 5069 355 5117 eum
369 5051 477 5134 (Deut.
494 5068 604 5126 xxxu,
620 5051 684 5132 15).
701 5053 740 5114 Ε1
754 5053 901 5116 Paulus:
958 5055 1068 5129 nendi,
1085 5071 1173 5117 nunc
1189 5054 1232 5117 sit
1245 5055 1375 5132 tempus
1390 5051 1569 5130 spargendi
1583 5052 1616 5114 et
1632 5049 1753 5128 ampli-

106 5156 243 5231 Costtpo
256 5152 613 5228 anapauomenen
627 5151 904 5216 servitutemre-
957 5154 1036 5216 andi
1064 5153 1293 5230 eleemosynas
1318 5152 1441 5228 largas.
1472 5151 1508 5213 Si
1533 5149 1596 5211 fuit
1625 5150 1752 5226 tempus

106 5256 184 5330 :ligo
213 5249 243 5332 (l
255 5253 330 5312 Cor.
346 5266 394 5322 rx,
407 5247 474 5329 27).
957 5251 1113 5332 loquendi
1132 5250 1276 5324 inutilia,
1301 5266 1390 5311 nuuc
1414 5249 1458 5312 sit
1475 5247 1605 5325 tempus
1620 5247 1754 5310 tacendi

147 5353 193 5413 De
215 5349 332 5428 quarto
351 5363 474 5425 genere
490 5346 680 5425 serpentum
695 5348 781 5426 quod
802 5364 905 5412 soca·
957 5366 1055 5424 rana,
1073 5349 1192 5412 nociva
1204 5350 1237 5412 et
1249 5348 1352 5412 verba
1366 5347 1485 5410 otiosa.
1501 5347 1536 5408 Si
1549 5345 1610 5408 tuit
1623 5346 1754 5422 tempus

106 5451 161 5513 tur
189 5447 356 5527 dipsades,
386 5445 553 5522 siguificat
578 5446 715 5523 spiritus
750 5446 903 5508 avaritiae
958 5448 1164 5528 acquirendi,
1178 5463 1267 5508 nuno
1288 5446 1332 5508 sit
1355 5445 1486 5524 tempus
1501 5442 1672 5522 perdendi,
1686 5443 1753 5505 imo

112 5546 189 5627 quia
217 5544 312 5609 avari
339 5541 499 5622 quantum
524 5545 598 5623 plus
627 5544 759 5618 habeut,
775 5544 926 5608 tantum*
958 5545 1171 5626 dispergendi
1194 5545 1293 5625 Juxta
1325 5543 1427 5610 illud:
1461 5541 1634 5620 naheren
1661 5541 1754 5612 dedit

251 5727 366 5772 carnos.
387 5727 461 5770 rous
481 5713 503 5769 1.
1565 5705 1610 5766 tl.
