4108 6418
107 353 163 416 aar
623 353 780 429 ourani
801 355 1065 420 conanime.
1084 359 1161 422 nra.
1187 360 1227 422 11.
1337 347 1341 352 '
1690 371 1747 434 roa

106 505 435 574 communicationem
450 513 564 576 contra
578 529 635 576 eos
654 514 696 576 ad
714 507 901 593 impediam
952 517 1006 580 rel
1025 519 1206 583 remissus:
1224 520 1427 599 subjungens
1446 527 1532 603 quod
1547 529 1671 595 eaedem
1694 533 1746 596 lit·

106 609 182 670 dum
209 623 321 672 causae
348 624 540 687 processum
566 611 688 689 opponi
711 612 895 689 contingat,
951 615 1032 678 teras
1051 614 1195 681 falsitate
1214 633 1373 698 expressa
1392 619 1525 686 inerant
1542 626 1742 704 impetratae,

105 705 323 779 absolventes,
337 706 408 768 sub.
425 707 545 786 appell.
562 707 645 771 obst.
662 709 703 772 ad
721 709 895 784 cautelam,
951 727 992 774 eo
1008 711 1094 790 quod
1109 717 1300 792 suggestum
1316 719 1426 782 iuerat
1442 722 1586 784 castrum
1600 725 1683 788 illud
1703 730 1744 791 ad

104 819 145 865 ne
157 803 218 865 tali
233 804 395 880 praetextu
409 804 544 866 valeant
554 804 596 867 ab
608 806 747 883 agendo,
762 807 816 870 rel
829 807 898 870 tes·
951 811 1262 890 eamdemreginam
1274 816 1403 880 ratione
1414 817 1555 882 dotalitii
1564 823 1742 899 pertinere,

104 900 259 963 tilicando
288 901 415 978 repelli,
442 901 623 980 praemissis
648 904 897 983 exceptionibus
952 923 1051 986 quum
1066 910 1296 986 necabinitio,
1309 929 1369 976 nec
1380 915 1520 980 durante
1532 921 1743 984 matrimonio

105 997 415 1071 nonobstantibus,
442 999 478 1060 in
504 999 636 1077 negotio
652 1001 752 1078 juxta
772 1001 897 1080 recepti
951 1006 1053 1069 avire
1062 1006 1126 1069 sibi
1134 1007 1235 1072 luerit
1245 1010 1281 1072 in
1291 1011 1503 1076 donationem
1512 1018 1647 1095 propter
1658 1037 1744 1100 nup-

105 1093 243 1157 lormam
255 1094 403 1157 mandati
414 1095 544 1158 ratione
558 1097 683 1174 praevia
697 1095 895 1174 procedatis,
950 1102 1015 1166 tias
1030 1105 1234 1182 assignatum
1250 1105 1308 1189 (2).
1329 1111 1378 1172 nd
1394 1111 1465 1174 baec
1486 1114 1596 1177 autem
1617 1117 1680 1182 luit
1702 1135 1745 1184 en

103 1207 212 1254 causae
227 1191 327 1255 finem
341 1189 485 1255 debitum
500 1191 624 1272 absque
643 1209 745 1256 morae
760 1194 896 1274 dispen-
951 1203 1044 1278 parte
1056 1202 1162 1280 ipsius
1173 1206 1300 1283 reginae
1316 1223 1523 1287 responsum,
1542 1215 1629 1291 quod
1643 1217 1744 1280 vidua

104 1289 157 1350 dio
169 1288 382 1367 imponendc;
397 1290 444 1352 ita
458 1291 658 1368 praeceptum
672 1291 897 1370 Apostolicum
951 1299 1093 1378 spoliata
1106 1301 1296 1380 irrequisito
1311 1304 1401 1368 leudi
1419 1308 1564 1384 domino,
1586 1313 1746 1391 spoliato-

103 1386 280 1464 impleturi,
298 1388 420 1450 utnon
440 1387 617 1450 debeamus
640 1389 735 1452 robis
754 1389 898 1452 dudoni·
951 1411 1033 1470 rem,
1045 1413 1105 1461 seu
1117 1398 1320 1465 detentorem
1331 1403 1506 1468 reiooram
1519 1409 1744 1478 ecclesiastico
1871 1477 1875 1482 .

104 1483 215 1555 tatem,
241 1498 314 1560 quaa
337 1483 424 1546 dicto
448 1485 649 1548 monasterio
673 1501 774 1549 morae
799 1503 897 1550 occa·
947 1494 1061 1571 Judice
1076 1496 1405 1574 poteratconvenire,
1425 1505 1520 1581 cujus
1540 1505 1677 1571 interest
1693 1512 1746 1572 vi-

105 1580 197 1643 sione
211 1580 384 1664 imminere
397 1579 614 1658 dignoscitur,
627 1583 802 1661 imputare.
951 1590 1034 1654 duas
1046 1593 1308 1658 defensareNec
1321 1597 1413 1660 obest
1422 1600 1508 1677 quod
1523 1601 1587 1663 sibi
1600 1606 1745 1669 castrum

951 1687 1033 1750 lllud
1057 1705 1077 1750 a
1104 1691 1177 1753 viro
1196 1693 1401 1768 assignatum
1428 1711 1493 1758 non
1517 1697 1627 1773 luerit,
1645 1719 1766 1779 quum-

360 1747 575 1838 TITULUS
602 1750 643 1838 ΙΙ
952 1784 1051 1848 clarae
1061 1789 1230 1851 memoriae
1244 1792 1273 1852 J.
1284 1805 1345 1853 rex
1355 1791 1496 1868 angliae,
1510 1795 1619 1858 haeres
1631 1801 1665 1860 et
1676 1817 1747 1862 suc·

264 1905 307 1953 ng
328 1905 416 1954 popo
437 1905 652 1956 coqquqppqqp
677 1890 735 1972 (1)
952 1897 1064 1946 cessor
1089 1885 1154 1946 viii
1170 1885 1233 1959 sui,
1252 1887 1397 1951 castrum
1419 1891 1595 1968 praefatum
1615 1896 1651 1956 ili
1666 1913 1747 1959 con-

102 2026 383 2100 Arcbieptscope,
420 2027 563 2098 decano,
599 2027 633 2088 at
658 2029 898 2090 archidiacono
951 1979 1117 2094 mmmm?
1142 1999 1202 2094 pro
1230 1984 1307 2095 aliis
1332 1985 1432 2098 {elius
1458 1988 1618 2053 ‘malitiis
1639 1993 1745 2106 eiiem

438 2123 563 2184 Mon·
952 2081 1126 2154 concessit,
1140 2082 1257 2160 etipsa
1271 2083 1354 2146 illud
1369 2084 1426 2146 diu
1441 2103 1500 2164 pro
1520 2088 1595 2151 dote
1609 2092 1747 2168 pacifice

952 2177 1163 2254 possedisset.
1191 2179 1240 2242 Ad
1266 2180 1339 2243 baec
1366 2182 1476 2246 autem
1500 2185 1562 2247 aut
1584 2203 1627 2249 ex
1652 2191 1746 2267 parte

411 2272 547 2335 CAPUT
563 2273 588 2334 1.
951 2273 1057 2352 ipsius
1072 2274 1194 2338 nobilis
1206 2277 1413 2356 replicatum,
1431 2281 1516 2358 quod
1531 2298 1592 2345 ren
1603 2287 1746 2365 praedic-

142 2385 192 2446 Εχ
205 2384 299 2462 pagg
322 2382 578 2448 charissimi„
596 2383 726 2450 christo
749 2385 827 2447 fflqae
844 2381 896 2466 (α)
951 2372 1005 2433 tus
1019 2371 1127 2434 baares
1141 2388 1208 2434 non
1223 2373 1332 2439 iuerat
1346 2377 1435 2453 regis
1450 2379 1597 2454 Ricardi,
1613 2397 1675 2445 nec
1686 2384 1747 2446 do-

104 2481 269 2558 quondam
279 2479 408 2560 Angliae
417 2483 544 2559 reginae
553 2482 703 2556 illustris,
711 2482 775 2546 tuit
783 2497 899 2561 propo-
945 2469 1061 2531 'minus
1075 2469 1256 2548 Andessave
1268 2473 1325 2535 sed
1348 2475 1495 2553 ejusdem
1515 2479 1616 2541 0³⁸¹&
1635 2483 1749 2560 raPiOP

103 2578 897 2656 situmeoremneeis,qu0uquumn0niremvirum
952 2566 1061 2645 penus
1078 2566 1111 2631 et
1126 2568 1273 2643 invasor,
1296 2571 1343 2634 ita
1358 2575 1415 2650 tus
1431 2575 1516 2651 quea
1537 2576 1609 2654 ipse
1626 2593 1748 2658 nequa-

101 2675 154 2735 w.
169 2673 210 2736 ue
225 2676 354 2737 westie
369 2675 572 2738 detentorem
585 2675 686 2738 eastra
698 2673 823 2754 segrei,
835 2690 896 2737 ra·
953 2679 1051 2740 naam
1069 2664 1187 2728 babuit
1200 2667 1382 2732 transferre
1400 2686 1466 2733 nen
1482 2674 1589 2748 notuit
1606 2676 1642 2736 m
1663 2679 1734 2754 regi

99 2770 191 2833 tione
206 2771 348 2834 dotalitii
364 2772 560 2849 pertinentis
573 2771 614 2833 ad
629 2774 747 2851 ipsam,
763 2788 826 2850 quo
839 2787 898 2850 per
951 2775 1054 2822 nam:
1088 2761 1130 2824 ad
1156 2763 1220 2825 hoc
1244 2769 1322 2842 pars
1348 2768 1496 2845 ejusdem
1521 2772 1647 2848 reginae
1675 2789 1750 2836 res-

98 2883 188 2940 eum,
198 2868 436 2946 velccmpiices
450 2871 523 2946 ejus
534 2869 648 2932 cantra
654 2867 819 2946 justitiam
832 2868 899 2930 iue-
952 2857 1194 2937 penultimae
1223 2864 1338 2925 ⁰011iffl
1370 2867 1568 2944 resssrillium
1596 2871 1746 2948 0X001³fi⁰

99 2965 154 3026 pat
164 2964 306 3041 spoliata
321 2965 517 3028 auctoritate
532 2963 626 3029 honae
641 2966 810 3028 memopiae
824 2967 895 3028 Imp,
952 2952 1144 3031 hujusmodi
1159 2971 1225 3018 non
1239 2959 1380 3032 valebat,
1395 2976 1457 3024 lieo
1469 2962 1593 3025 haberti
1608 2964 1748 3031 debebat

99 3047 208 3138 Papae
221 3061 476 3139 praedecessoris
490 3062 720 3125 nostricoram
733 3060 827 3125 robis
840 3078 899 3124 sn·
951 3049 1061 3112 locum
1084 3052 1120 3114 11¹
1140 3056 1357 3131 l0880880riQ
1382 3059 1468 3135 quod
1492 3061 1607 3122 eadem
1632 3065 1746 3127 contra

99 3174 160 3235 pgr
175 3158 239 3222 hoo
253 3158 412 3221 traxisset
430 3158 466 3221 in
483 3174 634 3234 causam
651 3159 758 3222 dictus
776 3159 897 3222 nobilis
952 3146 1075 3211 dicium
1095 3149 1239 3214 nobilem
1254 3152 1448 3218 intentabat.
1466 3159 1559 3220 Unde
1573 3175 1632 3222 VOS
1647 3177 1747 3224 altres

99 3255 298 3335 excipiendo
312 3256 500 3336 Imposuit,
522 3255 608 3335 quoq
622 3257 743 3320 litquae
760 3260 897 3335 Apogqo.
951 3245 1141 3324 hujusmodi
1153 3251 1404 3328 exceptionibus
1413 3253 1541 3318 frivolis
1552 3257 1746 3323 adhibentes

101 3351 177 3416 licea
206 3368 274 3416 non
300 3351 455 3416 valebant
482 3370 543 3432 pro
565 3371 604 3418 eo
637 3354 722 3432 quod
750 3355 896 3418 castrum
950 3343 985 3404 11¹
1011 3344 1190 3422 principali
1215 3349 1347 3424 ¹²080ii⁰
1376 3352 1555 3428 procedere
1585 3353 1745 3419 hactenus

98 3450 285 3523 Warcbiae‚
309 3449 366 3513 ubi
386 3451 437 3514 est
456 3453 529 3529 ejus
548 3451 753 3513 domicilium
776 3453 896 3530 princi·
952 3439 1145 3516 distulistis,
1174 3443 1210 3506 in
1233 3446 1381 3523 0jU⁸d0ffl
1407 3449 1533 3525 regin&
1565 3467 1746 3529 gravamen

97 3547 186 3623 pale,
198 3546 350 3610 consistit
363 3549 399 3610 qn
412 3547 547 3610 dioeegsi
563 3548 702 3620 godon„
719 3563 792 3628 quae
808 3548 895 3611 ultra
950 3553 1017 3600 non
1031 3538 1196 3602 modicum
1211 3541 1428 3620 etjacturam.
1445 3546 1514 3608 Nos
1535 3563 1615 3610 vero
1629 3551 1746 3613 rolen-

98 3643 182 3708 duas
201 3644 317 3708 diaetas
333 3661 353 3707 a
371 3647 493 3708 Turon,
510 3645 561 3708 est
579 3646 717 3716 remota,
735 3645 822 3706 unde
840 3645 896 3706 hio
950 3634 1000 3695 ies
1015 3634 1051 3697 ui
1064 3635 1140 3697 filiis
1154 3636 1270 3700 litibus
1282 3639 1472 3716 imponatur
1485 3643 1584 3705 discr.
1601 3661 1633 3706 V·
1650 3663 1746 3710 mail·

101 3740 193 3802 trabi
207 3756 274 3803 non
293 3741 422 3817 poterat
436 3740 616 3802 secundum
636 3740 794 3802 statutum
809 3741 896 3802 Con·
950 3731 1077 3804 damus,
1090 3733 1261 3811 quatenus,
1278 3735 1308 3797 si
1319 3734 1413 3802 robis
1426 3739 1610 3805 constiterit
1622 3742 1744 3808 dictum

95 3838 166 3900 ciiii
192 3837 371 3914 generalis.
396 3839 519 3898 Verum
541 3836 737 3914 replicatum
761 3835 824 3899 fuit
853 3852 896 3898 ex
949 3828 1094 3892 nobilem
1117 3830 1242 3892 terram
1270 3831 1304 3894 et
1326 3833 1532 3898 mansionem
1554 3835 1679 3904 babere
1708 3843 1744 3906 in

95 3935 193 4012 parte
207 3933 343 4010 reginae,
353 3933 440 4011 quod
453 3933 540 3994 idem
553 3933 802 3995 nobilisTuron.
812 3933 895 3996 satis
948 3927 1117 4004 andegav.
1131 3927 1279 4003 dioecesi,
1293 3929 1328 3991 in
1341 3947 1406 4009 qua
1417 3931 1583 3998 interdum
1598 3952 1742 4002 consue-

96 4031 228 4108 poterat
241 4030 421 4091 secundum
434 4029 591 4092 statutum
608 4029 746 4092 concilii
758 4046 894 4108 genera·
948 4024 1248 4100 reritcommorari,
1257 4027 1290 4089 et
1299 4027 1405 4104 ipsam
1415 4028 1741 4100 dioecesimaTuron.

95 4127 137 4190 lis
153 4127 342 4200 conveniri,
360 4144 460 4205 quum
481 4142 547 4191 non
562 4127 668 4190 solum
684 4127 809 4191 Redon.
835 4128 893 4190 sed
948 4123 1035 4186 ultra
1049 4122 1133 4186 duas
1150 4139 1217 4186 non
1234 4123 1359 4188 distare
1379 4126 1506 4202 diaetas,
1523 4129 1556 4193 et
1573 4132 1609 4194 in
1627 4134 1742 4198 eadem

98 4225 201 4288 etiam
224 4224 377 4287 dioecesis
404 4224 573 4300 andegav.
595 4224 727 4301 existat,
748 4225 893 4302 eoquod
948 4220 1131 4298 litigiosam
1152 4237 1223 4283 rem
1244 4238 1332 4296 esso,
1358 4225 1654 4293 nonobstantibus
1679 4250 1742 4296 ex-

95 4322 130 4382 in
152 4323 238 4400 ipsa,
264 4322 373 4384 castra
392 4322 425 4385 et
438 4321 586 4384 redditus
607 4321 719 4400 plures
734 4321 842 4394 habet,
861 4323 894 4386 et
948 4318 1156 4396 captionibus
1180 4319 1258 4381 aliis
1279 4322 1409 4404 quaein
1434 4324 1590 4401 petitorio
1617 4329 1740 4406 potius,

96 4421 244 4482 castrum
264 4417 305 4481 de
324 4435 388 4497 quo
413 4418 550 4497 quaestio
569 4419 710 4483 vertitur
725 4420 760 4482 in
777 4419 892 4482 eadem
948 4432 1046 4494 qnam
1054 4417 1090 4478 in
1098 4418 1311 4494 possessorio
1321 4418 1430 4482 locum
1438 4421 1561 4486 babere
1572 4423 1739 4502 ridentur,

95 4516 234 4579 dioecesi
249 4517 419 4589 consistat,
434 4531 506 4594 quaa
520 4519 671 4578 aanon.
684 4532 892 4596 nequaquam
946 4513 983 4575 in
997 4513 1071 4591 ipso
1086 4515 1219 4592 negotio
1234 4517 1333 4593 juxta
1343 4517 1491 4595 priorum
1502 4522 1742 4588 continentiam

95 4615 184 4678 ultra
202 4615 240 4699 12
249 4613 354 4676 leucis
364 4611 479 4678 distat:
491 4613 578 4674 idem
588 4629 667 4676 rere
678 4614 892 4694 adjecitquod
948 4611 1146 4685 litterarum,
1166 4611 1297 4676 sublato
1307 4613 1485 4692 cujuslibet
1504 4619 1742 4684 contradictio-

96 4728 198 4789 quum
213 4711 301 4774 diota
314 4711 431 4789 regina
446 4714 614 4790 jussuum
630 4726 742 4774 coram
757 4713 891 4776 domino
948 4707 1000 4770 nis
1008 4709 1041 4772 et
1048 4709 1283 4786 appellationis
1291 4709 1742 4794 obstaculoratione'praevia

96 4807 187 4871 leudi
211 4809 366 4886 prosequi
389 4807 570 4880 debuisset,
599 4807 746 4885 praelatae
772 4809 892 4873 litterae
948 4804 1149 4882 procedatis,
1163 4807 1365 4884 praeceptum
1379 4811 1741 4885 apostolicum'taliter

96 4919 162 4967 non
172 4904 338 4978 valebant,
353 4921 454 4983 quum
464 4920 530 4967 non
541 4904 667 4968 iaciant
678 4905 890 4981 mentionem,
955 4902 1136 4980 impleturi,
1153 4903 1240 4980 quod
1258 4902 1374 4966 eadam
1389 4905 1506 4982 regina
1523 4922 1583 4986 pro
1608 4908 1741 4974 deiectu

95 5003 183 5079 qued
198 5002 288 5064 leudi
299 5001 451 5064 dominus
461 5001 762 5080 lueritrequisitns,
777 5005 892 5082 etipse
947 5002 1059 5063 restro
1074 5000 1115 5062 ad
1122 5015 1183 5062 nos
1194 4998 1349 5080 laborare
1357 5001 1498 5064 ulterius
1510 5020 1578 5066 non
1589 5008 1739 5084 cogatur,

95 5099 130 5160 in
141 5098 331 5162 exbibenda
342 5097 404 5160 sibi
414 5099 546 5177 justitia
557 5099 890 5178 extiteritnegligons,
947 5111 1009 5160 nec
1022 5113 1083 5160 vos
1093 5095 1232 5176 possitis
1252 5094 1293 5159 de
1303 5098 1508 5176 negligentia
1523 5102 1737 5180 reprebendi.

131 5255 174 5330 (i)
188 5258 281 5316 bieme
297 5257 360 5315 titre
373 5259 403 5315 2⁶
418 5256 455 5314 dn
470 5258 517 5327 liv,
541 5259 567 5315 ll
583 5256 655 5316 dans
666 5259 708 5316 les
722 5259 789 5332 cinq
810 5261 890 5318 Gom·
947 5256 989 5313 les
1010 5254 1128 5313 renvoie
1142 5253 1248 5313 devant
1261 5255 1288 5314 le
1296 5256 1370 5384 Ange
1382 5255 1486 5330 laique,
1503 5258 1546 5316 s’ll
1561 5259 1621 5318 s’en
1642 5270 1740 5322 trouva

94 5329 234 5399 pilottons
246 5335 273 5385 et
283 5328 325 5385 les
339 5327 494 5385 lle'crdtclas
510 5328 717 5399 Gra'porienncs.
947 5325 1099 5406 quelqu’un
1112 5327 1160 5398 qui
1171 5326 1232 5383 leur
1244 5341 1295 5384 ren
1316 5342 1332 5384 e
1339 5329 1458 5401 Jusllae;
1470 5330 1551 5386 mals.
1565 5327 1581 5386 i
1594 5329 1700 5402 ddiaut,
1713 5335 1741 5390 le

10 5451 11 5460 ,
130 5397 174 5472 (c)
195 5401 285 5471 Caput
304 5399 358 5456 hoc
373 5401 385 5457 l
399 5399 468 5456 satis
488 5413 573 5472 super
612 5400 822 5472 conplicatum
837 5410 890 5472 est,
944 5411 1015 5470 Juge
1036 5396 1251 5470 ecclesiastique
1274 5395 1408 5456 dirimere
1428 5399 1558 5473 leidiga,
1580 5401 1737 5463 eliceret.

91 5470 222 5542 saprade
235 5470 455 5598 effaetpotest.
467 5468 531 5538 jud.
547 5470 580 5524 de
592 5485 631 5540 ap.
947 5469 1038 5538 drap,
1055 5467 1104 5524 lib.
1116 5468 1152 5537 ll,
1168 5468 1209 5525 tit.
1227 5469 1255 5536 2,
1270 5483 1295 5524 c.
1314 5469 1357 5525 li.
1469 5540 1474 5552 Ι

131 5541 172 5611 (i)
190 5541 228 5597 La
276 5538 580 5597 ecrttaled'innocent
596 5542 646 5609 lil,
662 5541 825 5610 Eatencra,
843 5558 890 5601 an.
982 5539 1102 5596 Pource
1122 5537 1514 5610 quiconcernaladonation
1555 5557 1586 5602 ro
1605 5547 1738 5604 tarna-

97 5612 178 5694 lito,
198 5611 386 5692 reconnalt'lc
401 5609 476 5668 droit
490 5609 542 5692 des
555 5625 662 5691 veuves
676 5626 790 5696 pour'se
805 5629 889 5697 pour·
946 5610 1002 5665 tias
1019 5623 1055 5666 en
1071 5608 1143 5668 droit
1158 5609 1288 5680 Romaiu,
1304 5607 1341 5668 cl.
1363 5609 1502 5684 imilla„
1517 5557 1564 5674 lii.
1582 5558 1618 5688 ii,
1640 5616 1682 5677 tit.
1702 5561 1737 5688 i,

95 5681 280 5740 venderent
300 5681 326 5740 la
345 5695 417 5755 Juge
431 5681 656 5754 ecclcsrasuque,
674 5688 702 5739 et
723 5697 893 5744 naanmoins
946 5679 961 5752 ἕ
980 5678 1007 5736 3.
