4108 6418
657 323 1199 410 Qurnrn'oonrrrnnrro.n1a.
1224 334 1248 394 t

304 590 471 663 Episcopo
494 589 663 650 Stdcionsi
685 585 746 666 (a).

422 782 558 842 CAPUT
579 782 636 843 ΙΙΙ.

1720 331 1777 394 loo

1019 495 1185 568 Episcopo
1196 491 1358 554 Brioccrt.
1384 481 1434 572 (d)
1456 490 1489 549 ei
1514 489 1627 550 abbati
1649 493 1690 552 de
1712 493 1777 554 So-

1103 591 1215 666 peoto,
1232 587 1266 648 ei
1279 589 1521 648 archidiacono
1538 587 1674 648 Eecom.

1271 801 1408 862 CAPUT
1428 799 1482 861 1v.

169 967 244 1029 Non
259 967 391 1028 videtur
404 965 783 1044 metropolitauo'licere,
800 966 837 1028 ut
850 963 925 1026 sui·
1020 967 1166 1031 Dilectus
1179 967 1334 1030 {liabitas
1344 965 1539 1031 monasterii
1552 964 1776 1033 rothonense

127 1063 279 1140 traganei
294 1065 346 1124 sui
355 1066 434 1141 iura
448 1063 586 1136 minuat,
602 1063 656 1126 vel
682 1061 843 1136 immutet,
860 1061 925 1123 nisi
981 1061 1036 1145 (c),
1053 1067 1169 1128 venet.
1186 1065 1349 1138 dioecesis,
1367 1065 1521 1144 exposuit
1540 1081 1651 1126 coram
1667 1065 1773 1138 nobis,

128 1177 229 1240 super
240 1162 424 1238 ecantiqua
435 1161 468 1223 et
480 1161 660 1238 approbata
672 1160 923 1238 consuetudine,
981 1163 1066 1239 quod
1078 1163 1177 1225 tertia
1192 1179 1269 1240 pars
1282 1163 1509 1236 emendarum,
1526 1178 1608 1241 quas
1623 1163 1776 1225 homines

126 1259 182 1321 rel
197 1259 333 1336 speciali
357 1259 532 1337 privilegio
553 1259 723 1322 muniatur
738 1276 747 1315 ε
763 1259 851 1320 unde
865 1273 924 1320 re·
980 1260 1125 1338 quinque
1146 1260 1390 1338 parochiarum,
1419 1277 1492 1340 quae
1521 1259 1572 1322 sui
1594 1261 1775 1324 conventus

127 1357 240 1435 putari
253 1355 361 1434 potest
374 1357 560 1432 indiguum,
581 1356 617 1418 ut
637 1357 673 1417 in
686 1355 732 1436 (o)
747 1356 801 1418 die
816 1357 926 1417 Coeuae
981 1359 1057 1420 sunt
1071 1357 1185 1419 usibus
1208 1358 1382 1436 deputate,
1405 1373 1464 1436 pro
1484 1357 1554 1419 suis
1582 1358 1774 1420 excessibus

128 1455 271 1526 Domini,
289 1470 353 1531 quo
361 1452 518 1516 deberent
531 1454 567 1514 iu
579 1454 732 1516 ecclesiis
748 1454 818 1514 suis
837 1453 928 1530 epis-
980 1455 1109 1516 solvere
1124 1456 1377 1533 compelluntur,
1391 1454 1432 1516 ad
1447 1471 1543 1519 suum
1556 1455 1683 1533 spectat
1697 1471 1773 1518 mo-

1 5405 3 5416 *
125 5395 291 5446 ῑθθθθῑῡδθθ

127 1553 203 1629 copi
218 1552 363 1613 chrisma
377 1551 552 1624 conticere,
565 1552 691 1624 lavare,
700 1552 798 1629 Juxta
812 1565 927 1612 exem-

127 1649 219 1727 plum
234 1645 376 1720 Domini,
391 1649 492 1726 pedes
506 1663 700 1726 pauperum,
717 1648 751 1710 et
773 1645 927 1710 reconci-

127 1745 212 1810 liare
219 1745 349 1823 puhhoe
359 1746 568 1823 poenitentes,
585 1747 626 1806 ad
635 1745 925 1822 metropolitanam

127 1842 314 1915 ecclesiam,
332 1858 404 1920 quae
427 1839 472 1922 (c)
487 1858 548 1920 per
566 1842 787 1919 quadraginta
801 1841 925 1902 millia-

126 1941 180 2002 ria
195 1939 383 2016 etamplius
407 1955 426 1999 a
449 1941 482 2002 te
506 1938 616 2012 distat,
642 1939 788 2000 chrisma
802 1937 922 2000 ibidem

127 2053 204 2098 cum
219 2037 471 2113 metropolitano
482 2037 539 2098 tuo
552 2035 761 2098 confecturus
772 2035 922 2110 accedas

128 2149 318 2212 quanquam
331 2133 419 2194 idern
440 2133 714 2210 metropolitanus
728 2132 795 2194 tam
808 2133 844 2193 in
853 2132 922 2204 tua,

127 2230 277 2308 quamin
293 2229 369 2290 aliis
394 2230 725 2308 metropolitioojure
751 2229 814 2290 sihi
841 2227 923 2290 sub-

122 2329 223 2405 jectis
242 2327 402 2400 ecclesiis,
424 2343 490 2388 uon
509 2343 553 2389 ex
573 2326 711 2403 speciali
736 2324 922 2403 privilegio,

126 2425 331 2502 volantique
347 2425 379 2487 et
394 2425 574 2502 approbata
589 2413 839 2496 consuetudine,
866 2421 923 2484 sed

127 2539 173 2584 ex
184 2523 401 2600 usurpatione
416 2522 525 2600 potius
551 2523 614 2584 hoc
642 2521 825 2584 obtinuisse
839 2520 924 2582 hac·

126 2621 224 2682 tenus
239 2620 403 2681 vincatur.
420 2622 490 2680 Hoc
504 2620 617 2696 itaque
630 2619 708 2680 olim
722 2619 828 2680 intua
844 2632 925 2678 con-

125 2717 314 2794 secratione
328 2715 509 2794 prudenter
531 2716 716 2788 attendens,
744 2713 830 2792 quod
846 2711 924 2776 huic

125 2815 315 2892 gravamini
328 2827 532 2884 occurreres,
549 2812 640 2875 luisti
650 2811 781 2889 publice
796 2811 925 2888 protes-

124 2912 227 2973 tatus.
243 2909 399 2973 Volentes
417 2909 530 2985 igitur,
560 2925 635 2970 ven.
664 2909 700 2970 in
715 2908 845 2970 Christo
867 2906 920 2980 ir„

124 3009 184 3070 tuo
199 3023 299 3083 super
313 3006 506 3082 manamine
525 3005 711 3082 previdere,
726 3005 923 3089 auctoritate

124 3104 187 3166 tibi
202 3103 415 3180 praesentium
430 3102 649 3178 indulgemus,
666 3102 704 3164 ut
716 3103 757 3164 ad
779 3102 842 3163 hoc
856 3101 923 3162 nisi

126 3199 272 3278 speciale
286 3199 497 3276 privilegium
510 3199 633 3274 exigat,
657 3199 711 3260 rel
726 3199 874 3276 antiqua,
892 3197 924 3260 et

126 3295 309 3374 approbata
336 3296 541 3357 consuetudo
563 3295 721 3372 requirat,
739 3312 799 3373 per
823 3312 924 3356 usur-

126 3393 294 3472 pationem
309 3392 498 3470 huJusmodi
513 3393 702 3454 nullatenus
723 3392 881 3454 tenearis.

164 3667 206 3744 (a)
221 3671 357 3742 Episcopo
371 3671 518 3728 sutricensi.
531 3669 651 3728 variant
662 3668 691 3724 in
702 3665 921 3740 epigraphchu·

128 3742 173 3798 'us
185 3756 261 3812 cap,
277 3743 355 3797 MSS.
372 3738 505 3806 codices3
520 3753 595 3794 unus
610 3739 697 3794 hahet
707 3739 838 3806 Scurrrsi,
851 3737 923 3792 atius

152 3811 271 3876 cicensi,
293 3810 404 3877 tertius,
419 3810 567 3876 sutriensi,
584 3815 669 3875 recte,
687 3815 719 3864 ut
741 3814 785 3864 est
800 3807 832 3863 in
847 3806 922 3862 dicto

126 3879 300 3941 Provinciali
319 3879 397 3936 MSS.
415 3879 547 3934 Furensi.
569 3877 807 3949 archiepiscopus
821 3877 923 3935 Galari-

125 3959 211 4008 tanus
225 3950 255 4005 in
271 3948 398 4006 Sardinia
414 3947 499 4004 habat
513 3947 726 4020 suffraganeum
736 3949 920 4014 sulcitanum,

1 4067 2 4078 .
125 4022 173 4079 vel
200 4020 385 4077 Suleiensem.
410 4019 514 4086 Σουλχοὶ
540 4019 664 4074 secunda
691 4017 758 4074 urbs
786 4017 922 4076 Sardiniae

126 4161 190 4219 Lib.
204 4162 254 4226 ΙΙΙ,
268 4175 331 4230 cap.
349 4162 374 4227 7,
391 4173 426 4214 cx
445 4159 620 4214 correctione
634 4160 776 4215 Hermolai
794 4158 908 4216 Barbari

123 4231 303 4289 et'Suicitcri
315 4229 410 4303 populi
424 4227 453 4284 in
469 4227 608 4298 Sardinia,
621 4228 694 4302 apud
707 4228 849 4286 eumdem.

123 4331 202 4462 deff)
224 4335 259 4390 ln
273 4334 317 4389 dic
330 4334 426 4390 Cone.
442 4331 486 4390 ld
500 4331 623 4390 chrisma
644 4332 850 4391 conficiendum
864 4349 921 4392 non

980 1551 1161 1614 nastcrium
1185 1552 1226 1613 ab
1249 1551 1396 1628 antiquo,
1420 1552 1455 1614 et
1475 1551 1561 1628 quod
1582 1552 1671 1614 inter
1684 1552 1775 1629 ipsos

980 1649 1141 1721 homines,
1154 1648 1226 1709 orta
1239 1648 1465 1710 ecclesiastica
1478 1648 1672 1724 quaestione,
1689 1648 1774 1712 cita-

978 1746 1025 1806 tio
1041 1745 1081 1806 ad
1098 1745 1260 1817 eumdem,
1286 1743 1343 1806 sed
1364 1743 1570 1816 ,examinatio
1596 1745 1629 1808 et
1649 1745 1774 1808 decisio

979 1841 1172 1918 quaestionis
1187 1842 1227 1902 ad
1243 1857 1318 1904 ven.
1341 1841 1364 1902 l.
1381 1857 1414 1902 n.
1430 1843 1546 1904 Venet.
1570 1835 1772 1923 episcopum,

979 1941 1012 2000 et
1029 1939 1138 2016 ipsum
1164 1937 1325 2010 abbatem,
1338 1937 1505 2015 pertinent
1531 1938 1567 2000 in
1596 1939 1773 2002 communi.

979 2037 1150 2113 Quumque
1161 2035 1268 2098 felicis
1283 2035 1451 2098 memoriae
1463 2036 1674 2098 Innocentius
1683 2039 1775 2114 Papa

979 2133 1203 2210 praedecessor
1230 2133 1352 2205 noster,
1373 2133 1594 2210 conquerente
1615 2133 1689 2209 ipso
1710 2132 1774 2194 ab·

979 2229 1054 2290 hate
1085 2229 1172 2305 quod
1200 2229 1357 2306 praefatus
1385 2229 1559 2305 episcopus
1585 2245 1685 2306 super
1712 2231 1775 2292 hoc

979 2325 1184 2402 inquietabat
1198 2325 1473 2398 eumdem,vobis,
1491 2325 1532 2388 de
1543 2341 1682 2388 assensu
1696 2342 1776 2404 par·

978 2423 1073 2496 tium,
1091 2423 1219 2485 dederit
1230 2423 1265 2484 in
1280 2422 1455 2494 mandatis
1473 2422 1510 2484 ut
1522 2423 1650 2485 vocatis
1664 2423 1774 2500 parti-

978 2519 1050 2591 bus,
1067 2521 1100 2582 et
1111 2520 1233 2582 auditis
1246 2521 1325 2582 hinc
1338 2518 1417 2580 inde
1432 2518 1621 2596 propositis,
1638 2535 1774 2584 causam

978 2617 1190 2680 remitteretis
1198 2617 1239 2678 ad
1250 2617 1358 2694 ipsum
1367 2615 1773 2680 sufficientcrinstructam

979 2713 1085 2776 dictus
1098 2714 1271 2791 episcopus
1285 2728 1476 2791 processum
1490 2713 1640 2775 nostrum
1650 2713 1774 2792 diutius

978 2811 1160 2890 impedivit,
1187 2813 1363 2872 occasione
1386 2810 1558 2889 cujusdam
1587 2812 1772 2884 seutentim,

979 2925 1051 2986 quae
1063 2924 1161 2986 super
1172 2907 1365 2986 quibusdam
1380 2907 1529 2970 ecclesiis
1544 2907 1651 2985 quoad
1667 2909 1772 2984 legem

978 3006 1131 3068 dioeoesis
1158 3005 1285 3067 exstitit
1311 3005 1519 3082 promtdgata
1556 3020 1616 3082 pro
1644 3005 1771 3067 eodem.

979 3102 1240 3180 Uudepraesatus
1261 3100 1362 3163 abbas
1377 3101 1472 3163 nobis
1500 3101 1671 3163 humiliter
1694 3118 1787 3180 sup-,
1853 3148 1857 3156 .

977 3201 1123 3279 plicavit,
1147 3200 1184 3262 ut
1197 3215 1298 3276 quum
1313 3199 1436 3270 citatio,
1454 3213 1629 3260 causarum
1643 3199 1774 3262 exami-
1812 3220 1814 3229 ·

978 3298 1080 3370 natio,
1097 3313 1136 3358 ac
1157 3297 1293 3369 decisio,
1311 3311 1350 3358 ac
1365 3295 1524 3368 emendae,
1540 3295 1582 3357 ad
1596 3297 1772 3375 legemju-

977 3394 1180 3458 risdicticnis
1188 3393 1549 3472 pertinerenosoautur,
1562 3409 1628 3455 non
1639 3393 1771 3458 sinere-

978 3665 1109 3722 distantia
1121 3662 1206 3720 hodie
1219 3661 1332 3718 aburhe
1344 3662 1419 3727 Solo,
1433 3663 1477 3718 vel
1490 3661 1575 3728 Soloi,
1589 3671 1707 3736 quaeest
1719 3677 1770 3721 an·
1871 3666 1878 3677 “

977 3738 1054 3808 tiqua
1070 3735 1154 3802 Sulci,
1170 3733 1204 3790 ad
1219 3733 1340 3791 Calarim
1354 3733 1509 3790 civitatem.
1545 3747 1550 3754 ·

992 3841 1054 3915 .(d)
1067 3823 1202 3912 Episcopo
1216 3837 1370 3896 Bricocusi.
1384 3838 1516 3897 collectio
1526 3837 1712 3908 Daimundi,e
1734 3841 1771 3899 is·

977 3927 1049 3986 copo
1064 3911 1222 3984 Bojacensi,
1236 3909 1281 3966 vel
1292 3910 1472 3978 Brocensi,et
1483 3909 1685 3967 archidiacono
1697 3857 1769 3968 Ιὶἳιο-

976 3983 1138 4054 tomagensi
1153 3995 1159 4036 :
1176 3996 1212 4038 ex
1230 3979 1319 4036 tribus
1333 3981 1411 4038 lllSS.
1432 3994 1506 4036 unus
1532 3980 1618 4037 habet
1632 3981 1769 4052 Episcopo

127 4090 269 4149 Straboni.
292 4089 362 4146 lude
395 4089 543 4145 Scichcnsc
568 4089 792 4161 promontorium
819 4089 920 4156 Plinio,
975 4052 1173 4180 ᾗθῗῗὸῖιῗιωθ
1193 4050 1353 4119 Bmmmi’
1370 4050 1462 4118 m³¹⁹3
1478 4051 1588 4118 te‘mffl‘
1610 4051 1765 4120 Brimmi’

1123 4123 1155 4177 de
1171 4123 1329 4192 sacpenepo
1350 4125 1375 4176 et
1386 4119 1584 4176 archidiacono
1598 4123 1767 4188 liccomcnsi,

911 4203 918 4230 ³
976 4201 1061 4262 recte,
1078 4194 1103 4250 si
1114 4193 1177 4249 lcoo
1192 4190 1228 4247 de
1240 4192 1397 4263 Sanprmpc
1412 4191 1492 4262 legas
1507 4190 1542 4246 de
1552 4192 1687 4264 Sonpcpo,
1704 4207 1768 4263 qua

976 4264 1087 4320 abbatia
1115 4263 1253 4334 reperitur
1282 4261 1312 4316 in
1341 4261 1506 4333 provinciali
1530 4262 1607 4320 MSS.
1633 4263 1767 4319 Furensi.
1811 4320 1817 4329 ,

976 4335 1163 4418 Episcopatus
1176 4331 1335 4390 Briocensis
1345 4331 1548 4400 Sciat-Bricca,
1563 4333 1768 4389 monasterium

183 4413 232 4461 ent
243 4403 418 4477 suffraganei
434 4405 560 4476 episcopi
574 4403 609 4460 ab
623 4404 838 4476 archiepiscopo
852 4419 920 4461 con·
975 4407 1041 4461 olrm
1064 4405 1091 4461 S.
1107 4402 1208 4467 bricci,
1226 4402 1254 4456 in
1271 4415 1328 4473 quo
1341 4401 1526 4468 Nomeneius,
1544 4403 1690 4460 Britouum
1710 4403 1767 4460 dux

123 4476 238 4533 vocari:
255 4475 290 4532 ad
305 4489 537 4546 unumquemque
559 4475 725 4547 episcopum
742 4476 770 4532 in
784 4491 834 4532 sua
848 4475 918 4532 dioe·
975 4483 1104 4547 tempore
1118 4472 1307 4554 Carolitlalri,
1322 4471 1624 4554 sedempplscopalern
1641 4474 1764 4554 institui·

123 4547 184 4604 cesi
200 4545 342 4618 pertinent
363 4545 458 4602 omnia
475 4559 538 4616 quae
552 4552 619 4601 sunt
633 4560 668 4601 ex
683 4546 748 4618 lege
765 4545 918 4602 'uridictio
974 4551 1013 4614 to,
1021 4553 1051 4602 ut
1061 4559 1097 4601 ex
1109 4549 1197 4600 veteri
1208 4542 1343 4610 indiculo,
1358 4541 1388 4598 in
1399 4541 1567 4599 bibliotheca
1582 4545 1609 4600 S.
1619 4541 1767 4600 Michaelis

37 4639 41 4644 ¹
124 4619 171 4674 nis
194 4624 223 4672 ct
239 4613 426 4672 dioecesanae:
451 4623 546 4671 noster
575 4616 717 4672 Honorius
742 4631 828 4684 care,
845 4616 920 4672 dicto

975 4616 1004 4672 in
1018 4615 1090 4672 mari
1101 4619 1221 4686 reperto,
1238 4614 1311 4670 eruit
1326 4611 1501 4669 sirmondus.
1511 4612 1767 4670 archidiaconatus

123 4701 189 4757 cap.
197 4691 386 4757 cortpccrentc,
397 4693 495 4756 etcap.
508 4686 634 4752 dilectus,
646 4687 695 4742 icc
705 4687 847 4756 tit.‚apud
857 4689 921 4743 Gre·
976 4687 1170 4750 liccemcnsis,
1179 4682 1339 4739 dubiuman
1349 4683 1766 4755 inepisccpatuDriocensi,vcl

123 4756 333 4828 por.,exp0nit.
342 4765 370 4812 ct
381 4755 446 4828 quid
458 4755 563 4811 babeat
574 4757 806 4827 metropolitanus
820 4772 882 4814 con.
892 4757 918 4826 5,
974 4756 1153 4824 lrecoreusi,
1162 4751 1547 4822 hodiebantripccr,vidctur
1558 4766 1661 4808 nornen
1673 4767 1735 4808 sum
1861 4759 1864 4768 '

123 4833 156 4884 et
165 4828 190 4896 7,
204 4825 230 4890 9,
246 4843 293 4898 qu.
303 4827 328 4893 3,
343 4827 371 4883 S.
383 4824 554 4894 Boniiacius,
564 4828 652 4898 Epist.
665 4824 701 4882 ad
712 4826 922 4893 cutbertumct
974 4829 1046 4884 sisse
1061 4827 1097 4882 ah
1111 4826 1180 4882 urhe
1196 4825 1297 4892 Rosco,
1309 4822 1355 4879 vol
1370 4824 1481 4880 Rcscon
1497 4822 1526 4877 in
1541 4836 1591 4878 ora
1606 4769 1767 4879 marieullff

124 4911 191 4955 can.
207 4897 239 4954 91
256 4894 357 4970 synodi
381 4895 576 4954 Antiochense.
593 4895 761 4956 chrismatis
779 4896 920 4953 conlectio
974 4897 1092 4955 taurici.

125 4966 162 5024 ad
176 4965 291 5024 eosdem
307 4967 437 5038 pertinet,
451 4967 524 5023 sicut
536 4967 632 5023 omnia
645 4982 709 5039 que
722 4973 787 5022 sunt
801 4966 919 5034 ordinis,

124 5053 191 5094 can.
202 5037 521 5109 &cymillqutrpron
538 5037 578 5094 ll.
592 5036 659 5094 ldeo
674 5051 786 5108 equum
800 5050 856 5093 non
870 5037 921 5093 luit

125 5106 163 5164 ad
179 5105 206 5164 id
220 5107 445 5164 consecrandum
469 5122 485 5163 e
507 5108 620 5179 iscopos
641 5107 676 5163 ab
705 5106 920 5179 archiepiscopo

124 5177 241 5235 evocari
253 5192 261 5242 ;
273 5179 338 5234 licet
353 5176 458 5250 aliquid
473 5123 549 5234 aYiud
570 5193 627 5234 non
648 5175 729 5234 valde
744 5178 868 5234 alienum
885 5177 920 5236 ab

125 5249 184 5306 hac
198 5249 333 5320 petitione
349 5249 523 5320 reperiatur3
546 5255 578 5304 ut
600 5261 704 5320 nempe
726 5247 845 5320 quisque
860 5247 917 5304 sul·

125 5315 920 5460 stelittuiisttmltlltlh.latitabit

177 5473 212 5515 ua
234 5459 538 5516 excommunicationis
566 5463 716 5533 cogeretur
734 5460 771 5516 ,in
800 5459 920 5516 concilio

154 5528 301 5598 meritano,
318 5529 386 5588 Gan.
399 5529 426 5592 6.
445 5535 474 5586 et
489 5527 625 5586 Toletano
639 5531 718 5598 xlll,
738 5531 806 5590 Cau.
821 5529 847 5587 8.

1011 5002 1045 5072 (el
1063 4998 1230 5060 Monostcrii
1245 4995 1435 5056 Britonensis.
1451 4997 1622 5056 venetensis
1634 4963 1767 5055 dioecesis

974 5074 1004 5130 in
1017 5073 1094 5132 MSS.
1109 5077 1202 5138 rccte;
1215 5069 1290 5126 malc
1310 5066 1385 5140 apud
1406 5067 1597 5126 Raimundum
1615 5067 1764 5125 liotboma-

973 5143 1075 5214 perrsic.
1092 5144 1124 5199 ln
1140 5138 1283 5198 Breviario
1303 5137 1479 5202 abbatiarum
1500 5139 1635 5206 Francia,
1653 5137 1765 5196 abbatia

975 5215 1003 5272 S.
1019 5213 1172 5270 salvatoris
1198 5210 1234 5268 de
1257 5208 1399 5278 bothone,
1428 5207 1536 5266 ordinis
1559 5209 1588 5266 S.
1608 5207 1765 5279 Benedicti,

975 5284 1108 5364 dioecesis
1119 5283 1299 5350 venetensis,
1312 5281 1420 5337 dadon.

165 5633 203 5706 (c)
222 5635 276 5689 Por
297 5633 332 5692 to
344 5633 486 5691 milliaria
506 5638 532 5690 ct
552 5635 686 5731 amplios.
702 5635 809 5692 Eadem
833 5633 925 5696 ferme
1005 5638 1012 5648 '
