4076 6420
55 196 119 258 ⁷97
251 191 595 271 QUADRAGESIMAE
617 191 823 256 nobillima
836 193 1024 266 'QUARTlh
1040 194 1148 258 *ΠΨ
1161 193 1308 262 mm(
1323 197 1511 262 abaham

60 353 120 416 lstl
133 353 325 432 algnlllcant
337 355 492 418 lnilrmos
507 355 546 416 ln
564 349 640 428 lide,
663 354 697 417 et
714 351 860 415 nondum
914 371 934 416 c
954 369 1029 417 cum
1039 355 1219 435 laetitla'qui
1227 354 1540 433 intristttlatuistts,
1550 359 1705 443 quonian

58 450 203 513 idoneos
221 465 353 529 pugnas,
370 453 447 530 quia
462 452 549 514 sicut
562 451 644 514 dicit
662 451 858 530 Apostolus:
914 469 933 513 c
955 452 1122 530 absterget
1141 453 1301 516 Dominus
1322 469 1454 518 omnem
1471 454 1653 535 lacrymam
1667 455 1710 518 ab

58 549 423 624 impraescientiam
437 547 857 626 lideptzcerclieofflebr.
913 551 1060 612 coculis
1087 552 1287 624 sanctorum,
1312 553 1430 628 etjam
1451 549 1518 614 non
1539 554 1606 618 erit
1634 569 1712 616 am-

58 657 108 717 xr,
133 644 180 725 d),
202 649 284 720 coia
299 647 418 719 justus
435 661 482 709 eoo
501 648 568 720 lide
589 647 676 708 civit
701 645 810 725 (Rom.
834 659 858 716 1,
914 647 1041 724 «plius
1067 663 1174 726 neque
1195 648 1314 721 luctus,
1340 663 1448 726 neque
1477 649 1620 724 clamor,
1651 651 1711 716 aad

61 741 128 822 17).
145 743 289 806 Possunt
303 744 402 805 etiam
417 759 477 821 per
486 744 643 804 mulieres
658 745 691 804 et
703 743 859 819 parvulos
914 761 932 806 c
953 759 1015 806 nec
1030 744 1118 805 ullus
1132 744 1225 806 dolor
1240 745 1318 823 quia
1333 745 1445 825 priora
1459 746 1712 810 transierunt.»

58 841 208 919 reprobi,
236 841 269 904 et
293 841 350 918 qui
374 857 441 902 non
467 855 544 902 vere
573 841 712 902 credunt
735 840 771 901 in
795 840 859 901 tide
915 839 1159 922 (ls.uxv1,10.)

60 939 221 1002 Ecclesiae
236 937 384 1014 figurari,
401 938 478 1016 quia
492 939 642 1014 quamvis
657 953 731 999 cum
744 937 859 999 electis
954 938 1183 1018 Repraesentat
1207 939 1320 1016 ltaque
1334 937 1405 1000 dies
1433 939 1497 1002 iste
1516 940 1713 1004 charitatem

57 1035 238 1098 comedant
249 1037 283 1097 et
293 1034 418 1109 bibant,
434 1036 468 1097 et
486 1035 553 1097 sint
574 1036 609 1096 in
624 1051 740 1097 eorum
760 1033 861 1096 iami—
912 1037 988 1114 post
999 1035 1120 1108 odium,
1132 1036 1289 1112 gaudium
1299 1037 1373 1113 post
1381 1036 1561 1110 tristitiam,
1574 1038 1714 1101 satieta-
1832 1021 1843 1072 ·’

61 1133 277 1196 liaritatedie
292 1132 467 1210 noctuque,
481 1133 603 1204 tamem
626 1133 723 1194 extra
738 1146 858 1193 nume·
913 1132 1714 1212 tempostlamem.Uude:tioudciciaiaeiitioqui
1829 1178 1837 1209 .,

60 1245 138 1291 rum
153 1230 335 1292 electorum
349 1228 436 1302 sunt,
453 1242 673 1307 pararnonem
693 1231 726 1291 ei
746 1228 860 1306 pravi-
913 1233 951 1291 io
961 1229 1107 1292 tristitia
1117 1231 1244 1305 matis,
1259 1230 1299 1292 ut
1309 1231 1486 1294 satiemini
1498 1234 1541 1294 ab
1554 1234 1715 1296 uberibus

59 1329 165 1390 tatem
181 1326 455 1390 conuersationis.
470 1328 517 1388 lit
530 1327 683 1390 iecerunt
694 1328 860 1400 reliquias
912 1327 1153 1390 mercationis
1162 1328 1291 1390 oestrce
1300 1325 1371 1406 (Is,
1383 1343 1473 1401 nrm,
1488 1326 1553 1407 ll),
1568 1332 1606 1391 In
1622 1329 1713 1391 omni

59 1429 241 1488 duodecim
258 1427 425 1500 captiosa
449 1424 727 1501 sesquitertiorum
747 1421 780 1503 (J
782 1437 857 1483 oan.
912 1424 1091 1489 verborum
1103 1423 1253 1486 clausula
1264 1425 1458 1501 jucunditas
1473 1425 1612 1498 exultat,
1628 1442 1714 1503 gau·

57 1537 106 1594 vr,
122 1523 181 1598 133
197 1521 313 1584 Matth.
327 1536 398 1594 x1v,
410 1520 476 1600 20).
491 1520 741 1598 Reliquiaesunt
754 1519 858 1596 spiri·
914 1520 1005 1582 dium
1029 1521 1184 1593 resonat,
1215 1519 1370 1583 hilaritas
1398 1520 1597 1583 cumulatur.
1624 1525 1714 1585 Bene

59 1620 169 1681 tuales
184 1618 426 1694 intelligentiae,
443 1617 617 1686 subtiliora
632 1617 665 1680 et
679 1616 859 1678 secretoria
876 1691 879 1698 .
914 1633 993 1694 ergo
1004 1617 1126 1680 dicitur
1137 1635 1175 1680 2«
1190 1620 1318 1681 Laeana
1332 1619 1351 1681 J
1353 1619 1517 1680 erusalem
1529 1620 1563 1681 et
1574 1634 1716 1682 couren-

59 1717 273 1790 decumenta,
286 1731 359 1794 quae
374 1715 539 1778 aradibus
548 1713 622 1793 capi
631 1731 697 1776 nou
708 1715 857 1792 possunt,
914 1717 983 1777 tum
997 1715 1097 1800 tacite
1109 1731 1225 1777 omnes
1240 1717 1296 1793 qui
1311 1715 1451 1793 diligitis
1465 1715 1605 1797 eam(1).
1615 1734 1633 1778 r
1642 1720 1716 1780 Om-

57 1831 135 1894 quae
156 1829 225 1876 non
240 1814 317 1875 sunt
334 1813 540 1890 negligenter
553 1811 784 1891 relinquenda,
801 1809 859 1872 sed
914 1829 973 1874 nes
986 1814 1043 1890 qui
1057 1813 1203 1889 diligunt
1220 1812 1387 1876 coelestem
1403 1814 1599 1887 Jerusalem,
1615 1814 1712 1888 idest,

57 1929 81 1974 a
103 1911 279 1973 duodecim
293 1910 460 1988 apostolis
473 1909 510 1972 et
522 1925 637 1971 eartun
652 1907 859 1970 successori·
914 1910 971 1988 qui
986 1911 1124 1988 cupiunt
1137 1911 1312 1987 pervenire
1331 1910 1372 1972 ad
1390 1911 1548 1974 aeternam
1566 1910 1715 1974 beatitu-

60 2008 134 2081 hus,
150 2007 329 2084 diligenter
343 2006 532 2085 quaerenda
549 2006 706 2084 cophinis
723 2003 860 2066 servilia
914 2008 1036 2081 dinem,
1061 2006 1181 2070 debent
1204 2007 1246 2068 ad
1267 2007 1446 2070 laetandum
1467 2009 1657 2082 convenire,
1680 2009 1715 2073 et

57 2121 163 2184 opera
176 2106 351 2182 geruntur,
367 2105 402 2166 et
414 2105 573 2166 Dominus
589 2103 724 2164 intirma
745 2100 860 2163 mundi
914 2106 1113 2167 conventum
1137 2103 1257 2177 lacere,
1280 2104 1376 2178 idest,
1400 2105 1520 2169 dehent
1538 2094 1622 2168 esse¹
1635 2123 1717 2169 con-

58 2203 164 2280 elegit
178 2203 217 2266 ut
230 2201 410 2264 confundat
430 2201 540 2264 tortia.
561 2201 623 2263 Vel
638 2200 755 2262 aliter:
771 2201 861 2261 Duo-
914 2201 1032 2264 cordes
1046 2201 1082 2262 in
1096 2199 1161 2263 tide
1175 2201 1339 2264 catholica
1358 2203 1391 2263 at
1404 2202 1491 2265 bono
1509 2219 1619 2281 opere.
1639 2204 1716 2266 Non

60 2301 171 2384 decim
195 2299 329 2377 cophini
358 2300 437 2362 sunt
457 2299 631 2361 duodecim
658 2296 807 2374 Apostoli
828 2297 861 2359 et
914 2299 995 2362 mali
1015 2299 1073 2360 sed
1096 2298 1186 2372 boni,
1207 2314 1275 2360 non
1296 2299 1446 2362 haeretici
1465 2299 1523 2361 sed
1545 2299 1715 2374 catholici,

60 2397 127 2459 riri
160 2397 310 2476 perfecti,
340 2397 397 2474 qui
425 2395 604 2473 implentur
638 2395 678 2456 de
709 2394 859 2471 reliquis,
915 2413 981 2459 non
994 2411 1105 2469 canes,
1127 2395 1185 2457 sed
1200 2411 1290 2458 oves.
1304 2397 1388 2468 Quia
1405 2395 1552 2459 charitas
1570 2398 1623 2460 est
1640 2396 1716 2459 tons

59 2495 158 2568 idest,
174 2494 404 2572 spiritualibus
423 2493 641 2555 sacramentis
657 2507 731 2570 quae
746 2491 860 2569 populi
914 2495 1071 2573 proprius
1092 2493 1146 2556 cui
1167 2507 1234 2554 non
1249 2493 1471 2556 communicat
1488 2493 1628 2556 alienus.
1647 2497 1717 2556 lla-

60 2606 129 2653 non
144 2591 286 2670 possunt
298 2588 480 2663 comedere,
489 2590 583 2663 idest,
591 2589 789 2666 intelligere.
799 2588 860 2652 Vel
914 2591 1079 2668 beatergo
1093 2591 1289 2654 charitatem
1304 2591 1340 2652 in
1361 2592 1471 2665 corde,
1488 2592 1545 2670 qui
1555 2591 1718 2656 uereuult

61 2689 241 2751 duodecim
256 2687 390 2764 cophini
407 2688 485 2749 sunt
498 2686 671 2748 duodecim
684 2686 860 2762 Propheta
914 2691 951 2751 in
965 2689 1028 2752 hcc
1041 2689 1206 2751 conuentu
1215 2689 1373 2765 gaudere.

61 2785 118 2862 qui
133 2785 273 2846 suerunt
292 2783 430 2861 majoris
446 2783 653 2845 auctoritatis
675 2783 708 2844 et
733 2781 862 2844 discre-
954 2789 995 2848 Et
1007 2787 1076 2849 tres
1091 2787 1273 2848 conventus
1288 2785 1445 2848 debemus
1460 2784 1583 2859 lacere,
1595 2785 1718 2849 videli-

60 2882 177 2954 tionis,
193 2881 227 2943 et
237 2881 372 2958 quinon
386 2881 464 2942 sunt
478 2879 580 2942 locuti
594 2879 786 2954 carnaliter,
802 2879 860 2942 sed
915 2885 968 2947 cet
979 2901 1054 2946 cum
1066 2883 1258 2946 adversario
1268 2884 1422 2961 primum,
1434 2899 1510 2945 cum
1525 2884 1645 2960 angelo
1657 2899 1716 2945 se-

59 2975 298 3054 spiritualiter.
915 2982 1070 3055 cundum,
1085 2997 1160 3044 cum
1173 2983 1240 3044 Deo
1254 2981 1401 3043 tertium.
1416 2981 1480 3042 Sed
1490 2983 1626 3058 propter
1637 2997 1719 3059 pro·

916 3079 1079 3142 lixitatem
1094 3079 1297 3157 adpraesens
1314 3077 1507 3140 omittimus.
1527 3078 1718 3140 Notandum

415 3184 508 3274 XIX
915 3177 1066 3256 estquod
1081 3177 1236 3240 cantatur
1253 3176 1353 3238 hodie
1372 3175 1518 3238 officium
1534 3176 1717 3244 deletitia,
1853 3193 1857 3198 ’

915 3275 1088 3338 videlicet:
1099 3291 1118 3335 c
1128 3275 1257 3335 Laetare
1266 3276 1285 3336 J
1287 3273 1465 3346 erusalem,
1477 3274 1510 3335 et
1519 3273 1718 3335 conventum

64 3409 302 3473 DOMINIGA
329 3409 533 3484 QUARTA·
559 3438 598 3453 -
619 3407 670 3470 [Ν
700 3407 861 3474 ROSAM
915 3371 1015 3433 tacite
1029 3385 1143 3432 omnes
1158 3370 1214 3447 qui
1232 3369 1371 3444 diligitis
1386 3383 1471 3440 eam,
1488 3367 1630 3444 gaudete
1643 3383 1718 3432 cum

915 3467 1032 3528 laetitia
1047 3466 1103 3543 qui
1124 3466 1159 3526 in
1179 3465 1317 3528 tristitia
1338 3464 1460 3525 luistis.
1484 3480 1502 3524 a
1523 3464 1587 3525 Sed
1610 3465 1718 3526 trihus

363 3556 563 3624 AUREAM
792 3569 795 3575 '
916 3561 1091 3625 decausis
1115 3560 1439 3637 gauderedebemus
1464 3579 1472 3620 ι
1497 3559 1720 3637 prosubver-

915 3661 1011 3722 sione
1033 3658 1168 3732 diaboli,
1189 3672 1249 3734 pro
1268 3656 1375 3733 gloria
1399 3655 1470 3728 Dei,
1498 3671 1558 3734 pro
1579 3671 1720 3733 repara-

103 3764 274 3827 llodierna
288 3762 342 3825 die
365 3764 535 3825 Romanus
551 3757 706 3822 Pontifex
719 3773 864 3822 consue·
915 3758 1006 3820 tione
1020 3755 1152 3833 generis
1165 3755 1313 3816 humani.
1329 3757 1396 3815 Pro
1410 3752 1627 3816 subversione
1645 3753 1720 3816 dla-

64 3862 113 3924 uit
126 3865 250 3925 Rosam
263 3875 398 3922 auream
412 3860 448 3920 in
461 3873 564 3921 manu
580 3859 725 3936 portare.
744 3859 782 3918 ln
796 3873 862 3935 qua
916 3854 1000 3928 boli,
1020 3855 1099 3931 quia
1120 3852 1306 3916 destructus
1327 3851 1379 3913 est
1396 3848 1547 3912 diabolus
1566 3865 1627 3927 per
1640 3864 1720 3912 cru-

65 3959 173 4033 primo
189 3958 400 4021 considerare
412 3956 569 4018 debemus
582 3956 724 4032 tempus,
738 3956 861 4024 locum,
918 3969 989 4015 cem
999 3951 1133 4013 Christi
1145 3952 1210 4011 Pro
1220 3948 1328 4025 gloria
1337 3947 1413 4023 Dei3
1425 3948 1503 4024 quia
1511 3946 1719 4022 glorificatur

66 4055 100 4116 et
124 4071 313 4133 personam
335 4057 491 4130 Tempus,
514 4051 592 4130 quia
615 4053 666 4114 est
689 4052 725 4112 in
753 4051 862 4113 media
917 4052 1005 4111 Deus
1029 4047 1159 4125 quando
1178 4046 1334 4108 laudatur
1350 4044 1392 4106 ab
1410 4044 1539 4120 angelis
1560 4043 1719 4106 athomi-

68 4153 343 4230 Quadragesima3
360 4153 480 4223 locum,
495 4151 574 4227 quia
587 4149 622 4209 in
639 4148 864 4210 Sanctaieru·
918 4146 1028 4208 nibus.
1062 4148 1128 4206 Pro
1157 4143 1370 4221 reparatione
1397 4140 1530 4218 generis
1562 4141 1718 4216 humani3

67 4249 188 4326 salem3
210 4264 396 4327 personam,
415 4249 494 4324 quia
509 4247 562 4308 est
578 4248 732 4307 Summus
747 4245 865 4307 Ponti·
918 4244 996 4321 quia
1017 4242 1209 4305 reducimur
1235 4256 1295 4319 per
1318 4239 1485 4302 Christum
1512 4238 1554 4300 ad
1579 4237 1719 4316 paradi-

67 4344 133 4420 iex,
176 4361 349 4409 successor
388 4344 496 4418 Petri,
536 4343 569 4406 et
600 4342 754 4405 Vicarius
784 4345 864 4406 iesu
919 4356 1003 4403 sum.

68 4443 192 4507 christi
224 4443 282 4522 qui
310 4443 361 4504 est
383 4444 457 4504 Rex
485 4439 864 4517 regum,et1)ominus
958 4437 1096 4500 Laetare
1109 4439 1301 4498 damatam
1307 4476 1369 4494 .....
1383 4431 1473 4495 Istud
1493 4429 1639 4494 osticium
1656 4430 1721 4492 ho-

68 4539 327 4613 dominantium,
348 4539 405 4618 qui
425 4537 632 4616 significatur
650 4553 711 4614 per
728 4539 864 4600 Rosam.
920 4534 974 4597 die
995 4534 1149 4596 cantatur
1165 4531 1252 4610 quod
1269 4529 1321 4593 est
1334 4528 1376 4590 de
1394 4528 1522 4602 laetitia,
1545 4528 1579 4591 et
1599 4527 1635 4589 in
1653 4527 1722 4591 alia

67 4639 210 4717 Tempus
224 4638 501 4702 considerandum
525 4636 587 4709 est,
611 4635 689 4711 quia
710 4634 788 4696 talis
809 4649 866 4697 so-
920 4631 1088 4694 dominica
1102 4628 1291 4691 cantabitur
1306 4625 1347 4688 de
1361 4625 1518 4703 passione
1534 4626 1568 4687 et
1582 4625 1622 4685 de
1636 4625 1721 4687 tris-

69 4731 224 4799 temnitas
243 4735 396 4799 ordinata
411 4734 474 4796 luit
492 4749 511 4796 a
526 4732 624 4795 heato
648 4732 808 4808 Gregorio
830 4731 865 4792 in
919 4729 1005 4793 titia.
1030 4729 1071 4790 Et
1087 4728 1161 4806 haec
1179 4725 1230 4787 est
1252 4737 1354 4786 causa
1368 4739 1442 4800 quae
1456 4723 1550 4799 prius
1568 4721 1723 4782 cantatur

69 4829 237 4896 dominica
269 4833 387 4895 mediae
416 4831 706 4908 Quadragesima,
736 4843 796 4905 pro
826 4843 865 4890 eo
920 4827 962 4889 de
977 4825 1106 4894 laetitia,
1120 4837 1218 4902 quam
1231 4821 1271 4882 de
1280 4819 1427 4892 tristitia,
1442 4818 1521 4896 quia
1531 4821 1619 4879 Deus
1629 4817 1722 4894 prius

70 4927 155 5001 quod
187 4928 370 4989 humanum
403 4941 541 5004 corpus,
579 4923 785 5003 suppositum
816 4925 867 4988 est
921 4922 1104 4986 laetificavit
1124 4920 1256 4981 sanctos
1277 4931 1356 4979 euos
1377 4916 1418 4977 de
1439 4930 1498 4993 spe
1519 4915 1653 4977 aeterna
1667 4930 1724 4976 re-

71 5023 183 5086 multis
210 5023 471 5097 infirmitatibus,
497 5022 682 5091 laboribus,
708 5021 868 5084 tentatio-
921 5019 1111 5085 tributionis
1127 5031 1227 5095 quam
1244 5014 1432 5077 sustineant
1445 5013 1591 5091 aliquam
1610 5011 1722 5075 tribu-

72 5119 179 5194 nibus,
207 5120 488 5184 tribulationibus.
512 5120 647 5182 ntideo
671 5135 737 5181 non
760 5119 869 5197 potest
922 5119 1080 5182 lationem
1110 5113 1288 5194 passionis.
1320 5112 1415 5175 Unde
1443 5112 1479 5174 in
1506 5109 1721 5187 Evangelio:

73 5214 130 5278 diu
151 5220 316 5282 sustinere
337 5218 469 5280 labores
489 5217 706 5296 jeiuniorum,
733 5217 869 5293 vigilia·
922 5212 1454 5286 Gaudetecteoauiiaiequoaiam
1462 5207 1724 5271 meroesccstro

72 5324 146 5376 rum
159 5313 575 5379 etaliarumatflictionum
587 5314 654 5376 nisi
664 5313 869 5376 refocilletur
922 5319 1059 5393 copioso
1079 5313 1131 5377 esi
1145 5313 1183 5375 ia
1196 5313 1290 5374 coeiis
1309 5305 1454 5389 (niatu,
1474 5319 1508 5379 v,
1531 5303 1594 5385 12).
1615 5307 1723 5384 Hujus

74 5425 133 5488 per
145 5414 279 5492 aliquod
293 5413 462 5491 gaudium,
479 5411 565 5474 sicut
576 5411 718 5475 dicitur:
733 5413 870 5474 ‹Inter-

75 5523 93 5565 ε
116 5525 200 5586 pone
215 5511 456 5575 tuieinterdum
469 5509 590 5587 gaudia
604 5509 705 5575 curis.
720 5509 869 5573 Gaudete
961 5516 1003 5594 (i)
1022 5517 1102 5577 litas.
1119 5517 1202 5576 Rom.
1223 5515 1305 5574 bom.
1328 5511 1368 5570 lll
1388 5507 1462 5569 hdr.
1483 5513 1512 5568 et
1526 5507 1566 5568 lv
1578 5506 1723 5582 Quadrag.
