4084 6428
122 301 182 377 873
571 295 735 362 OCTAVA
756 295 945 358 PASCHAE.
969 295 1094 358 FERIA
1117 295 1319 362 SECUNDA.
1710 295 1769 367 874

122 457 211 519 sicut
227 455 263 518 in
280 453 416 519 Gaudeo
434 455 647 519 canticorum
667 457 826 534 scriptum
844 455 894 518 θεῖ
910 476 917 516 :
974 455 1047 532 tris,
1067 457 1290 522 obedientium
1309 458 1450 520 fratrum
1472 457 1504 519 et
1522 471 1693 518 serrorum
1709 451 1770 516 dc-

121 557 178 617 En
198 556 358 618 lectulum
379 555 785 630 Solonwois'seaocpinta
811 555 922 628 fortes
974 554 1076 627 votio,
1100 557 1132 617 et
1159 556 1222 618 hoc
1250 555 1378 618 duobus
1406 554 1511 616 modis
1537 575 1545 612 :
1567 554 1626 614 aut
1653 567 1768 613 eorum

122 650 535 732 mediomontani).
558 654 624 712 Sex
644 651 731 713 enlm
749 651 826 713 sunt
847 667 920 728 quae
973 651 1070 713 bonis
1096 653 1224 716 actibus
1256 641 1449 724 invidend0‚
1477 652 1535 713 aut
1565 649 1768 725 singularem

119 750 214 811 omni
238 751 386 811 custodia
413 765 547 810 servare
565 749 732 823 debemus,
753 750 918 822 videlicet,
975 751 1116 826 gratiam
1131 751 1230 812 nimis
1246 751 1442 812 aemulando.
1460 747 1583 824 Vigilat
1598 748 1700 823 igitur
1714 745 1770 806 ad·

121 848 270 926 quinque
284 863 402 908 sensus
416 848 564 925 corporis
584 847 689 909 nostri
709 848 742 908 et
756 847 918 908 intentio·
973 863 1091 909 versus
1111 865 1243 910 carnem
1262 849 1354 924 rigor
1367 846 1564 925 disciplinae,
1581 846 1694 906 contra
1710 845 1768 920 ju-

121 961 198 1006 nem
218 945 348 1006 mentis.
366 947 451 1007 Nam
471 961 589 1006 sensus
611 945 759 1022 corporis
774 945 920 1022 quinque
974 945 1095 1006 dicium
1114 946 1183 1018 Dei,
1197 946 1359 1023 judicium
1378 941 1521 1022 propriae
1537 941 1766 1004 consessionis.

121 1043 210 1115 suni,
226 1043 382 1104 videlicet
402 1045 505 1116 visus,
529 1042 672 1115 auditus,
693 1043 821 1118 gustus,
838 1042 921 1104 odo-
973 1043 1013 1104 ut
1024 1043 1088 1104 boc
1102 1043 1139 1105 flt
1153 1043 1298 1121 duplex:
1321 1041 1532 1104 manifestum
1549 1041 1589 1100 de
1602 1037 1766 1100 manifes-

120 1140 215 1201 ratus
230 1141 263 1201 et
278 1140 398 1203 tactus.
417 1141 567 1217 Quinque
588 1155 704 1202 sensus
719 1139 754 1201 in
774 1140 919 1217 quinque
972 1139 1027 1208 tis,
1043 1141 1207 1202 occultum
1222 1140 1262 1201 de
1278 1141 1426 1211 occultis,
1443 1139 1481 1199 ut
1494 1138 1541 1199 ait
1561 1136 1737 1213 Apostolus
1755 1157 1762 1196 :

115 1239 211 1315 jugis
229 1235 329 1298 boum
349 1238 546 1314 ligurantur,
568 1237 686 1315 quibus
702 1253 738 1298 se
757 1239 919 1300 excusant
972 1241 1010 1300 Si
1027 1239 1252 1312 nometipsos
1266 1240 1549 1309 dijudicaremus,
1563 1250 1631 1296 acu
1649 1233 1767 1306 utique

120 1333 277 1411 quidam,
310 1349 352 1396 ne
374 1335 422 1396 'ad
456 1335 590 1413 nuptias
614 1335 745 1397 Domini
770 1334 916 1398 veniant.
964 1338 1210 1409 judicaremur
1224 1332 1253 1413 (l
1272 1336 1345 1396 Cor.
1364 1349 1412 1406 xr,
1431 1330 1502 1411 31)·,
1518 1333 1634 1394 contra
1655 1330 1767 1391 delec-

117 1433 231 1494 Unum
261 1447 342 1494 vero
372 1432 423 1494 est
440 1434 496 1494 de
523 1448 588 1510 quo
617 1433 777 1494 Dominus
814 1431 916 1493 dicit:
972 1433 1146 1505 tationem,
1182 1449 1254 1510 quae
1285 1431 1433 1509 procedit
1465 1430 1505 1490 de
1536 1427 1766 1490 recordatione

115 1544 228 1603 porro
244 1545 352 1592 unam
366 1531 422 1605 est
438 1533 673 1592 necessariam
691 1527 784 1608 (Luc.
800 1546 835 1601 x,
851 1527 914 1610 42).
972 1532 1200 1608 peccatorum,
1233 1529 1418 1607 frequentia
1446 1527 1618 1602 lectionis;
1651 1525 1766 1588 contra
1871 1533 1875 1542 ·

122 1629 194 1688 Ηοθ
209 1642 312 1688 unum
327 1627 377 1688 θεῖ
394 1627 535 1689 intentio
555 1627 687 1699 mentia,
708 1627 748 1687 de
767 1643 831 1703 qua
855 1629 919 1689 Sa·
972 1627 1166 1688 instantiam
1186 1626 1390 1699 tentationis,
1413 1624 1574 1686 instantia
1598 1622 1767 1700 supplica-

122 1723 236 1785 lomon
247 1725 294 1786 ait
310 1746 317 1784 :
337 1727 437 1786 Omni
448 1725 601 1786 cicstodia
614 1738 719 1786 serve
732 1739 793 1785 cor
807 1725 916 1796 ticum,
972 1722 1073 1784 tionis
1089 1721 1122 1783 et
1136 1722 1315 1796 orationis3
1341 1721 1455 1782 contra
1475 1717 1615 1782 fratrum
1633 1717 1773 1802 inquie·¹

122 1825 205 1896 quic
220 1837 266 1883 ecc
279 1825 353 1896 ipso
367 1823 440 1883 vita
457 1824 622 1898 procedit.
971 1819 1130 1891 tudinem,
1151 1818 1311 1896 patientia
1331 1818 1363 1879 et
1383 1817 1585 1894 compassio;
1606 1815 1765 1876 adversus

163 1919 198 1979 Si
211 1918 315 1995 igitur
329 1935 442 1994 unum,
460 1920 546 1997 quod
561 1920 612 1981 est
629 1919 769 1982 intentio
784 1918 914 1992 mentis,
972 1917 1194 1980 obedientium
1210 1916 1349 1977 lratrum
1368 1911 1765 1989 servoremcongratula-

120 2017 267 2094 quinque
291 2018 444 2079 sensibus
462 2018 614 2095 superius
640 2017 818 2078 nominatis
837 2019 918 2094 jun·
971 2015 1019 2077 tio
1033 2018 1066 2078 et
1081 2013 1246 2077 discretio.
1265 2011 1514 2092 Congratulatio
1534 2011 1621 2073 enirn
1637 2009 1764 2087 expulit

119 2115 235 2190 gatur,
265 2130 325 2176 sex
351 2114 487 2177 iaciunt.
517 2117 597 2176 Cum
623 2115 755 2177 senario
779 2129 917 2178 numero
971 2111 1143 2186 invidiam,
1167 2111 1323 2174 discretio
1346 2111 1484 2184 nimiam
1508 2108 1762 2172 aemulationem.

118 2212 282 2273 Dominus
295 2212 332 2273 in
345 2214 400 2275 via
413 2212 564 2290 graditur
576 2213 759 2286 nobiscum,
780 2214 869 2291 quia,
888 2214 918 2276 si
1012 2215 1112 2276 Omni
1126 2215 1280 2276 custodia
1294 2227 1397 2273 serva
1409 2225 1469 2271 cor
1479 2210 1587 2280 tuum,
1603 2209 1766 2280 parociam
1888 2223 1890 2228 ·

119 2307 298 2385 injustitia
309 2311 342 2373 et
354 2311 616 2374 sanctificatione
628 2312 727 2390 hujus
739 2313 816 2374 vitae
828 2313 916 2374 viam
972 2315 1111 2387 adipso
1131 2311 1204 2372 otta
1217 2311 1383 2385 procedit.
1402 2309 1477 2369 Non
1500 2309 1535 2368 in
1551 2307 1635 2377 loco,
1648 2303 1704 2364 sed
1728 2303 1764 2363 in

120 2407 381 2480 cucurrerimus,
399 2407 551 2470 bravium
570 2410 647 2471 vitae
663 2411 795 2472 aeternae
815 2414 917 2472 aDeo
971 2411 1080 2472 mente
1098 2409 1205 2485 gloria
1225 2409 1338 2469 nostra
1362 2407 1422 2480 θεῖ,
1443 2406 1521 2483 quia
1544 2419 1610 2465 non
1633 2401 1764 2463 felicem

118 2505 353 2581 percipiemus.
369 2509 458 2567 Bene
478 2523 557 2582 ergo
579 2507 702 2569 dictum
722 2507 773 2570 est
789 2531 796 2568 :
814 2511 918 2571 omrai
971 2507 1051 2569 iacit
1064 2507 1167 2578 locus,
1177 2506 1234 2567 sed
1248 2507 1328 2568 vita.
1344 2505 1485 2582 Etjuxta
1492 2500 1642 2564 veritatis
1657 2514 1764 2560 asser·
1802 2493 1806 2497 ’

118 2601 274 2662 custodia
287 2617 392 2663 saroa
405 2618 466 2664 cor
478 2605 586 2675 tuum,
603 2608 684 2677 qaia
698 2621 744 2665 em
756 2609 829 2679 ipso
845 2607 917 2668 aito
971 2605 1106 2677 tionem,
1125 2621 1168 2666 ex
1188 2604 1287 2665 corde
1305 2601 1454 2680 procedit
1474 2600 1559 2678 quod
1574 2596 1765 2675 coinquinat

115 2699 283 2771 procedit.
305 2698 438 2760 Duobus
460 2701 566 2760 modis
587 2716 607 2760 a
627 2701 726 2762 corde
744 2703 812 2763 vita
834 2720 916 2780 pro·
971 2702 1150 2775 hominem,
1170 2701 1326 2779 quoniam
1343 2699 1437 2762 bonis
1452 2698 1504 2760 vel
1519 2695 1616 2757 malls
1638 2694 1765 2756 deside-

117 2793 208 2854 cedit
224 2815 231 2853 :
247 2797 304 2855 aut
322 2796 399 2872 quia
415 2797 513 2857 corde
528 2797 673 2858 creditur
688 2799 914 2875 adjustitiam,
971 2800 1031 2861 riis
1046 2801 1157 2861 anima
1171 2799 1346 2860 damnatur
1357 2797 1409 2859 vel
1425 2795 1584 2857 salvatur.
1601 2793 1664 2854 Sed
1680 2809 1763 2870 quo-

119 2890 155 2951 et
163 2892 275 2968 J'ustus
290 2907 332 2952 ex
349 2892 413 2954 lide
427 2893 519 2966 rivit,
534 2896 568 2956 et
579 2895 700 2956 mundo
715 2896 815 2958 corde
829 2899 916 2960 Deus
971 2897 1061 2957 niam
1072 2897 1191 2957 animae
1203 2896 1235 2956 et
1247 2893 1356 2956 carnis
1368 2893 1402 2954 in
1414 2893 1512 2953 unius
1522 2905 1673 2968 personae
1684 2905 1766 2951 con-

119 2987 253 3048 ridetur
276 2989 310 3051 et
336 2990 566 3066 cognoscitur,
599 2994 631 3054 et
658 2997 730 3055 boec
763 2995 815 3056 est
844 2998 917 3057 vito
967 2994 1139 3071 junctione
1173 2993 1319 3054 maxima
1354 2992 1404 3052 est
1430 2991 1526 3061 unio,
1557 3001 1764 3064 summopere

118 3085 264 3158 ceterae,
281 3085 325 3148 'ut
341 3089 593 3164 cognoscentia
608 3105 732 3152 oerum
746 3095 867 3165 Deum,
885 3095 917 3156 et
971 3091 1209 3168 providendum
1235 3090 1352 3151 estne
1378 3089 1488 3149 carnis
1521 3085 1694 3148 delectatio
1723 3083 1765 3146 ad

116 3195 216 3256 quem
250 3182 342 3243 misit
372 3185 487 3244 Jesum
524 3185 710 3260 Christum3
750 3187 807 3249 aut
839 3188 916 3265 quia
971 3204 1167 3251 consensum
1192 3188 1337 3249 animam
1361 3185 1484 3256 trabat,
1507 3184 1540 3246 et
1564 3183 1640 3244 dum
1664 3179 1765 3242 nimis

117 3277 269 3338 cbristus
293 3279 362 3340 viia
387 3282 516 3354 nostra,
541 3283 597 3359 qui
621 3299 710 3345 nunc
736 3298 795 3361 per
819 3286 916 3348 iidem
970 3285 1161 3362 indulgetur
1175 3286 1279 3357 carni,
1294 3285 1367 3362 ipsa
1381 3282 1561 3345 lasciviens
1581 3279 1764 3342 reluctetur

118 3373 297 3436 habitatin
319 3376 474 3438 cordibus
494 3381 628 3453 nostris,
653 3397 727 3442 curn
751 3398 917 3461 apparue-
970 3383 1113 3460 spiritui,
1137 3385 1169 3445 et
1190 3399 1288 3460 quam
1316 3381 1445 3458 oportet
1465 3379 1597 3456 subjici,
1626 3376 1765 3452 incipiat

118 3471 164 3533 rit
187 3471 220 3533 et
238 3489 299 3534 nos
319 3490 393 3535 cum
410 3476 482 3552 ipso
497 3478 729 3554 apparebimus
744 3480 778 3540 ln
793 3481 913 3556 gloria,
970 3481 1146 3543 dominari.
1164 3484 1243 3553 Quae
1257 3495 1337 3540 vero
1353 3493 1442 3538 mors
1457 3476 1592 3553 gravior
1607 3475 1666 3535 aut
1686 3490 1768 3534 cus·

117 3570 227 3646 utqui
247 3587 337 3633 nunc
361 3571 442 3634 latet
466 3573 501 3633 in
526 3574 636 3646 corde,
656 3576 735 3637 tunc
757 3579 853 3654 quasi
875 3579 915 3642 de
969 3578 1060 3640 todia
1083 3576 1301 3655 periculosior
1321 3589 1420 3653 quam
1441 3573 1652 3640 animarum?
1672 3569 1765 3642 QUOd

117 3666 218 3727 corde
241 3667 282 3728 ad
302 3683 422 3745 corpus
447 3669 617 3746 procedat,
643 3672 699 3748 qui
722 3673 915 3738 reformabit
969 3676 1037 3738 tam
1052 3675 1117 3736 cito
1130 3673 1214 3746 fleri,
1232 3688 1328 3750 quam
1345 3670 1456 3736 anima
1472 3669 1568 3730 laclle
1583 3667 1692 3744 potest
1709 3666 1764 3726 in·-

117 3779 239 3840 corpus
248 3763 444 3828 humilitatis
458 3770 580 3830 nostrae
591 3768 833 3844 configuratum
846 3789 916 3835 cor-
968 3772 1096 3834 terlicil
1115 3774 1193 3844 Quae
1216 3770 1338 3846 sagitta
1360 3769 1457 3829 citius
1480 3765 1644 3831 fabricari·
1656 3764 1764 3842 p0test

117 3861 192 3938 pori
214 3861 375 3925 claritatis
395 3881 477 3927 suae.
502 3865 595 3926 Unde
618 3866 650 3928 et
671 3867 757 3928 alius
774 3870 916 3946 Aposto-
970 3887 1068 3948 quam
1094 3868 1288 3946 peccatuml
1315 3866 1394 3939 Quis
1418 3865 1484 3925 sibi
1508 3880 1528 3924 a
1563 3861 1766 3938 cogitatione

116 3957 170 4019 lus
188 3959 259 4020 ait:
279 3964 381 4022 Nunc
401 3963 464 4034 filii
484 3966 548 4024 Dei
568 3979 689 4026 samus
712 3967 745 4027 et
764 3971 916 4030 viandum
969 3968 1086 4029 saltem
1100 3964 1285 4044 praevidere.
1299 3963 1427 4042 potasti
1445 3963 1485 4024 Et
1502 3962 1577 4022 ideo
1595 3975 1763 4037 nunquam

116 4059 372 4131 apparuitqaid
387 4062 518 4121 erimus
534 4059 579 4138 (ΙΙ
591 4064 687 4124 ioan.
702 4079 751 4135 111,
767 4063 813 4144 2).
969 4063 1224 4136 dormitandum,
1237 4063 1295 4124 sed
1306 4059 1498 4138 vigilantius
1509 4061 1542 4121 et
1552 4058 1709 4124 attentius
1722 4055 1768 4122 de,

159 4153 225 4214 Sed
254 4155 531 4218 considerandum
556 4158 651 4219 nobis
679 4161 730 4222 est
748 4161 914 4237 'quomodo
969 4162 1022 4224 die
1037 4163 1071 4223 in
1087 4162 1174 4226 diem
1188 4160 1283 4222 nobis
1297 4158 1460 4238 agendum
1473 4159 1533 4220 θεῖ.

116 4249 230 4324 dicat:
247 4254 347 4314 moni
365 4255 638 4347 caistodiaseroc
656 4271 716 4319 cor
733 4258 841 4326 tauma.
858 4260 915 4322 Est
996 4262 1176 4324 ‚Praetarea
1217 4257 1395 4335 diligenter
1433 4252 1767 4318 animadvertendum

117 4349 228 4409 autem
251 4365 309 4411 cor
330 4352 475 4412 castrum
500 4353 631 4425 animae,
655 4355 741 4432 quod
766 4356 808 4418 irr
824 4360 913 4420 terra
968 4352 1686 4438 est,quarecompetenterdioatur,quodduo
1700 4350 1764 4413 dis·

118 4446 329 4508 inimicorum
349 4449 448 4510 situm
469 4449 615 4528 undique
635 4455 858 4529 oppugnatur,
882 4458 914 4518 et
968 4455 1071 4536 cipuli
1085 4453 1176 4515 ibant
1190 4455 1226 4514 in
1239 4453 1411 4514 castellum
1422 4451 1508 4527 quod
1522 4450 1595 4510 erat
1608 4449 1649 4509 ab
1661 4451 1764 4511 Jeru-

116 4543 243 4606 idclroo
258 4547 347 4606 omni
362 4546 522 4621 custodia,
540 4548 635 4621 idest,
653 4565 696 4611 ex
712 4553 801 4613 omni
820 4553 913 4629 parte
968 4553 1071 4615 salem
1092 4551 1127 4612 in
1148 4551 1254 4628 spatio
1278 4548 1460 4611 stadiorum
1481 4547 1666 4623 sexaginta.
1688 4549 1764 4624 Ipsa

116 4642 270 4717 vigilanti
294 4643 520 4706 sollicitudine
539 4647 753 4708 muniendum
775 4649 835 4721 est,
856 4667 914 4710 su·
968 4651 1056 4712 enim
1069 4649 1199 4711 itineris
1212 4647 1378 4728 quantitas
1386 4645 1507 4707 mentis
1520 4661 1633 4706 eorum
1650 4644 1765 4722 expri-

115 4740 228 4817 perius
252 4739 380 4802 sciliet
396 4743 428 4803 et
451 4741 602 4814 inseriae,
622 4746 699 4806 ante
721 4747 753 4806 et
767 4749 868 4820 retro,
894 4765 913 4810 a
968 4749 1028 4810 mit
1043 4746 1248 4824 quali-tatem.
1267 4743 1416 4806 Stadium
1431 4743 1546 4804 dicunt
1564 4742 1763 4806 areciesse

117 4837 243 4898 dextris
267 4837 300 4900 et
326 4854 346 4899 a
369 4839 525 4901 sinistris.
543 4840 684 4901 Interius
717 4843 825 4920 ipsum
852 4861 914 4924 op·
969 4846 1110 4923 spatium
1134 4844 1265 4905 centum
1288 4841 1407 4917 viginti
1422 4841 1567 4917 quinque
1582 4855 1740 4920 passuum
1752 4860 1763 4914 3,

116 4935 242 5012 pugnat
267 4937 534 5014 concupiscentia
556 4939 678 5011 carnis,
700 4956 773 5017 quae
794 4942 915 5006 militat
969 4943 1047 5022 quia
1059 4940 1260 5002 fortissimus
1273 4938 1406 5016 quidam
1419 4939 1513 5014 gigas
1528 4938 1661 5000 nomine
1677 4939 1763 4996 Her-

115 5031 278 5094 adversus
296 5033 456 5110 animam3
474 5035 610 5112 spiritus
625 5038 739 5099 contra
754 5039 915 5102 adversus
969 5039 1059 5104 cules
1073 5055 1140 5100 uno
1155 5037 1305 5102 anhelitu
1324 5037 1457 5100 centum
1475 5037 1595 5112 viginti
1618 5036 1764 5113 quinque

116 5145 268 5202 carnem,
299 5131 451 5208 superius
479 5132 631 5196 imminet
650 5135 813 5212 judicium
842 5139 911 5200 Dei.
968 5154 1086 5215 passus
1096 5136 1253 5206 cucurrit,
1271 5135 1307 5197 et
1317 5133 1394 5210 quia
1409 5134 1456 5195 ibi
1476 5132 1567 5195 stetit
1585 5133 1764 5195 stadiuma

117 5229 326 5289 Horrendum
340 5230 428 5289 enim
442 5230 491 5291 θεῖ
505 5231 653 5293 incidere
668 5232 702 5292 in
719 5249 837 5295 manus
853 5237 914 5296 Dei
969 5235 1088 5298 stando
1102 5232 1267 5304 vocatum.
1288 5231 1468 5294 astantem
1488 5230 1631 5292 stadium
1646 5234 1763 5292 octava

115 5325 271 5387 viventia.
300 5326 413 5399 Retro,
443 5329 615 5390 mortifera
635 5328 809 5393 delectatio
841 5349 916 5410 quae
969 5349 1046 5412 pars
1063 5331 1224 5394 milliarii.
1244 5331 1435 5407 supputatis
1454 5330 1565 5407 itaque
1587 5329 1763 5404 sexaginta
1797 5327 1799 5330 ’

117 5439 161 5484 ex
179 5424 410 5485 recordatione
425 5425 669 5502 praeteritorum
691 5429 819 5490 eruitur
831 5445 917 5506 pec·
948 5429 949 5432 ’
969 5431 1097 5504 stadiis,
1121 5429 1246 5506 septem
1265 5427 1424 5488 milliaria
1434 5426 1569 5499 iaciunt,
1588 5426 1768 5492 etmedie-

117 5522 283 5597 catorum3
314 5523 408 5596 ante,
441 5523 600 5585 instantia
628 5525 858 5588 tentationum.
886 5532 917 5590 Α
967 5530 1068 5591 t'atem
1084 5525 1202 5590 octavi.
1219 5529 1324 5587 Porro
1339 5541 1400 5586 sex
1417 5524 1456 5586 ad
1477 5518 1578 5602 opera
1597 5524 1770 5606 pertinere

117 5618 277 5692 sinistris,
291 5619 511 5697 irrogantium
545 5621 754 5700 inquietud03
783 5641 803 5686 a
831 5625 916 5690 dex·
951 5625 1177 5704 ,notissimum
1193 5623 1253 5696 est,
1267 5622 1345 5700 quia
1360 5622 1395 5684 in
1410 5637 1470 5686 sex
1482 5621 1598 5683 diebus
1613 5621 1752 5688 distinxi
