<?xml version="1.0" encoding="UTF-8"?>
<!DOCTYPE html PUBLIC "-//W3C//DTD XHTML 1.0 Transitional//EN"
    "http://www.w3.org/TR/xhtml1/DTD/xhtml1-transitional.dtd">
<html xmlns="http://www.w3.org/1999/xhtml" xml:lang="en" lang="en">
 <head>
  <title>
</title>
<meta http-equiv="Content-Type" content="text/html;charset=utf-8" />
  <meta name='ocr-system' content='tesseract 3.04.00' />
  <meta name='ocr-capabilities' content='ocr_page ocr_carea ocr_par ocr_line ocrx_word'/>
</head>
<body>
  <div class='ocr_page' id='page_1' title='image "./mediiaevibiblio05bottgoog_0413.png"; bbox 0 0 4076 6420; ppageno 0'>
   <div class='ocr_carea' id='block_1_1' title="bbox 316 330 1980 409">
    <p class='ocr_par' dir='ltr' id='par_1_1' title="bbox 316 330 1980 409">
     <span class='ocr_line' id='line_1_1' title="bbox 316 330 1980 409; baseline 0 -3"><span class='ocrx_word' id='word_1_1' title='bbox 316 347 376 406; x_wconf 82' lang='lat'><strong>747</strong></span> <span class='ocrx_word' id='word_1_2' title='bbox 455 387 456 392; x_wconf 20' lang='grc' dir='ltr'><strong><em>κ</em></strong></span> <span class='ocrx_word' id='word_1_3' title='bbox 782 341 958 406; x_wconf 86' lang='lat' dir='ltr'>HONORII</span> <span class='ocrx_word' id='word_1_4' title='bbox 979 343 1024 402; x_wconf 90' lang='lat'><strong>111</strong></span> <span class='ocrx_word' id='word_1_5' title='bbox 1050 343 1199 404; x_wconf 80' lang='lat' dir='ltr'><strong>OPERA.</strong></span> <span class='ocrx_word' id='word_1_6' title='bbox 1216 371 1254 386; x_wconf 89' lang='lat'><em>-</em></span> <span class='ocrx_word' id='word_1_7' title='bbox 1270 330 1503 403; x_wconf 68' lang='lat' dir='ltr'><strong>SERMONES&#39;.</strong></span> <span class='ocrx_word' id='word_1_8' title='bbox 1918 339 1980 409; x_wconf 71' lang='lat'><strong>748</strong></span> 
     </span>
    </p>
   </div>
   <div class='ocr_carea' id='block_1_2' title="bbox 316 497 1976 1170">
    <p class='ocr_par' dir='ltr' id='par_1_2' title="bbox 316 497 1976 1170">
     <span class='ocr_line' id='line_1_2' title="bbox 318 497 1976 584; baseline -0.004 -16"><span class='ocrx_word' id='word_1_9' title='bbox 318 503 578 584; x_wconf 77' lang='lat' dir='ltr'><strong>profunditatem</strong></span> <span class='ocrx_word' id='word_1_10' title='bbox 611 503 666 568; x_wconf 86' lang='lat' dir='ltr'><strong>vel</strong></span> <span class='ocrx_word' id='word_1_11' title='bbox 692 503 885 580; x_wconf 83' lang='lat' dir='ltr'><strong>voraginem</strong></span> <span class='ocrx_word' id='word_1_12' title='bbox 912 501 1047 566; x_wconf 87' lang='lat' dir='ltr'><strong>iniernl.</strong></span> <span class='ocrx_word' id='word_1_13' title='bbox 1075 503 1115 564; x_wconf 86' lang='lat' dir='ltr'><strong>nt</strong></span> <span class='ocrx_word' id='word_1_14' title='bbox 1168 501 1250 564; x_wconf 88' lang='lat' dir='ltr'><strong>tatio</strong></span> <span class='ocrx_word' id='word_1_15' title='bbox 1271 501 1443 564; x_wconf 83' lang='lat' dir='ltr'><strong>difficilius</strong></span> <span class='ocrx_word' id='word_1_16' title='bbox 1469 498 1628 570; x_wconf 78' lang='lat' dir='ltr'><strong>uincitur,</strong></span> <span class='ocrx_word' id='word_1_17' title='bbox 1646 497 1723 578; x_wconf 89' lang='lat' dir='ltr'><strong>quia</strong></span> <span class='ocrx_word' id='word_1_18' title='bbox 1742 498 1836 564; x_wconf 84' lang='lat' dir='ltr'><strong>intus</strong></span> <span class='ocrx_word' id='word_1_19' title='bbox 1864 515 1976 578; x_wconf 90' lang='lat' dir='ltr'><strong>oppu-</strong></span> 
     </span>
     <span class='ocr_line' id='line_1_3' title="bbox 317 597 1974 680; baseline -0.004 -14"><span class='ocrx_word' id='word_1_20' title='bbox 317 605 397 666; x_wconf 88' lang='lat' dir='ltr'><strong>tunc</strong></span> <span class='ocrx_word' id='word_1_21' title='bbox 423 603 575 666; x_wconf 88' lang='lat' dir='ltr'><strong>homines</strong></span> <span class='ocrx_word' id='word_1_22' title='bbox 603 602 753 678; x_wconf 81' lang='lat' dir='ltr'><strong>maligni,</strong></span> <span class='ocrx_word' id='word_1_23' title='bbox 774 603 908 680; x_wconf 89' lang='lat' dir='ltr'><strong>accepta</strong></span> <span class='ocrx_word' id='word_1_24' title='bbox 923 601 1111 663; x_wconf 85' lang='lat' dir='ltr'><strong>sententia:</strong></span> <span class='ocrx_word' id='word_1_25' title='bbox 1168 615 1275 674; x_wconf 88' lang='lat' dir='ltr'><strong>gnans</strong></span> <span class='ocrx_word' id='word_1_26' title='bbox 1297 599 1338 660; x_wconf 92' lang='lat' dir='ltr'><strong>de</strong></span> <span class='ocrx_word' id='word_1_27' title='bbox 1353 615 1439 662; x_wconf 85' lang='lat' dir='ltr'><strong>novo</strong></span> <span class='ocrx_word' id='word_1_28' title='bbox 1463 599 1579 660; x_wconf 88' lang='lat' dir='ltr'><strong>contra</strong></span> <span class='ocrx_word' id='word_1_29' title='bbox 1598 613 1659 660; x_wconf 89' lang='lat' dir='ltr'><strong>nos</strong></span> <span class='ocrx_word' id='word_1_30' title='bbox 1683 597 1879 660; x_wconf 88' lang='lat' dir='ltr'><strong>roboratur.</strong></span> <span class='ocrx_word' id='word_1_31' title='bbox 1911 599 1974 659; x_wconf 91' lang='lat' dir='ltr'><strong>Sed</strong></span> 
     </span>
     <span class='ocr_line' id='line_1_4' title="bbox 316 693 1975 778; baseline -0.004 -15"><span class='ocrx_word' id='word_1_32' title='bbox 316 701 371 763; x_wconf 86' lang='lat' dir='ltr'><strong>Ite</strong></span> <span class='ocrx_word' id='word_1_33' title='bbox 390 704 563 764; x_wconf 77' lang='lat' dir='ltr'><strong>maledicti</strong></span> <span class='ocrx_word' id='word_1_34' title='bbox 577 705 613 762; x_wconf 82' lang='lat' dir='ltr'><strong>io</strong></span> <span class='ocrx_word' id='word_1_35' title='bbox 631 705 746 778; x_wconf 78' lang='lat' dir='ltr'><strong>iguem</strong></span> <span class='ocrx_word' id='word_1_36' title='bbox 768 701 950 772; x_wconf 66' lang='lat' dir='ltr'><strong>aeternum,</strong></span> <span class='ocrx_word' id='word_1_37' title='bbox 976 699 1115 760; x_wconf 89' lang='lat' dir='ltr'><strong>descen·</strong></span> <span class='ocrx_word' id='word_1_38' title='bbox 1168 697 1339 759; x_wconf 89' lang='lat' dir='ltr'><strong>sciendum</strong></span> <span class='ocrx_word' id='word_1_39' title='bbox 1363 699 1413 758; x_wconf 90' lang='lat' dir='ltr'><strong>est</strong></span> <span class='ocrx_word' id='word_1_40' title='bbox 1438 695 1535 757; x_wconf 92' lang='lat' dir='ltr'><strong>nobis</strong></span> <span class='ocrx_word' id='word_1_41' title='bbox 1568 693 1654 773; x_wconf 86' lang='lat' dir='ltr'><strong>quod</strong></span> <span class='ocrx_word' id='word_1_42' title='bbox 1687 695 1831 757; x_wconf 88' lang='lat' dir='ltr'><strong>tentatio</strong></span> <span class='ocrx_word' id='word_1_43' title='bbox 1861 695 1975 756; x_wconf 87' lang='lat' dir='ltr'><strong>tribus</strong></span> 
     </span>
     <span class='ocr_line' id='line_1_5' title="bbox 317 793 1971 870; baseline -0.003 -10"><span class='ocrx_word' id='word_1_44' title='bbox 317 800 396 861; x_wconf 90' lang='lat' dir='ltr'><strong>dent</strong></span> <span class='ocrx_word' id='word_1_45' title='bbox 422 799 571 862; x_wconf 80' lang='lat' dir='ltr'><strong>viventes</strong></span> <span class='ocrx_word' id='word_1_46' title='bbox 592 799 627 859; x_wconf 91' lang='lat' dir='ltr'><strong>in</strong></span> <span class='ocrx_word' id='word_1_47' title='bbox 645 799 811 860; x_wconf 79' lang='lat' dir='ltr'><strong>internum</strong></span> <span class='ocrx_word' id='word_1_48' title='bbox 835 797 920 860; x_wconf 90' lang='lat' dir='ltr'><strong>sicut</strong></span> <span class='ocrx_word' id='word_1_49' title='bbox 945 796 1114 858; x_wconf 89' lang='lat' dir='ltr'><strong>descendit</strong></span> <span class='ocrx_word' id='word_1_50' title='bbox 1167 795 1273 858; x_wconf 89' lang='lat' dir='ltr'><strong>modis</strong></span> <span class='ocrx_word' id='word_1_51' title='bbox 1296 795 1416 870; x_wconf 88' lang='lat' dir='ltr'><strong>agitur,</strong></span> <span class='ocrx_word' id='word_1_52' title='bbox 1444 795 1530 856; x_wconf 88' lang='lat' dir='ltr'><strong>sicut</strong></span> <span class='ocrx_word' id='word_1_53' title='bbox 1555 794 1604 855; x_wconf 87' lang='lat' dir='ltr'><strong>ait</strong></span> <span class='ocrx_word' id='word_1_54' title='bbox 1625 793 1741 854; x_wconf 86' lang='lat' dir='ltr'><strong>beatus</strong></span> <span class='ocrx_word' id='word_1_55' title='bbox 1760 794 1971 869; x_wconf 79' lang='lat' dir='ltr'><strong>Gregorius:</strong></span> 
     </span>
     <span class='ocr_line' id='line_1_6' title="bbox 316 891 1974 974; baseline -0.004 -16"><span class='ocrx_word' id='word_1_56' title='bbox 316 897 446 958; x_wconf 85' lang='lat' dir='ltr'><strong>Dathan</strong></span> <span class='ocrx_word' id='word_1_57' title='bbox 469 897 502 958; x_wconf 90' lang='lat' dir='ltr'><strong>et</strong></span> <span class='ocrx_word' id='word_1_58' title='bbox 519 895 664 974; x_wconf 85' lang='lat' dir='ltr'><strong>Abyron.</strong></span> <span class='ocrx_word' id='word_1_59' title='bbox 689 896 821 957; x_wconf 85' lang='lat' dir='ltr'><strong>Tertius</strong></span> <span class='ocrx_word' id='word_1_60' title='bbox 847 894 918 956; x_wconf 88' lang='lat' dir='ltr'><strong>dies</strong></span> <span class='ocrx_word' id='word_1_61' title='bbox 949 894 1000 956; x_wconf 90' lang='lat' dir='ltr'><strong>est</strong></span> <span class='ocrx_word' id='word_1_62' title='bbox 1023 894 1114 955; x_wconf 90' lang='lat' dir='ltr'><strong>desi·</strong></span> <span class='ocrx_word' id='word_1_63' title='bbox 1166 909 1185 954; x_wconf 74' lang='lat' dir='ltr'><strong>c</strong></span> <span class='ocrx_word' id='word_1_64' title='bbox 1209 893 1436 970; x_wconf 81' lang='lat' dir='ltr'><strong>suggestione,</strong></span> <span class='ocrx_word' id='word_1_65' title='bbox 1465 891 1684 953; x_wconf 80' lang='lat' dir='ltr'><strong>delectatione</strong></span> <span class='ocrx_word' id='word_1_66' title='bbox 1704 891 1738 952; x_wconf 90' lang='lat' dir='ltr'><strong>et</strong></span> <span class='ocrx_word' id='word_1_67' title='bbox 1757 907 1974 952; x_wconf 84' lang='lat' dir='ltr'><strong>consensu»</strong></span> 
     </span>
     <span class='ocr_line' id='line_1_7' title="bbox 316 989 1973 1072; baseline -0.003 -16"><span class='ocrx_word' id='word_1_68' title='bbox 316 995 437 1070; x_wconf 85' lang='lat' dir='ltr'><strong>gnatus</strong></span> <span class='ocrx_word' id='word_1_69' title='bbox 457 995 493 1056; x_wconf 88' lang='lat' dir='ltr'><strong>in</strong></span> <span class='ocrx_word' id='word_1_70' title='bbox 508 1009 559 1066; x_wconf 89' lang='lat' dir='ltr'><strong>ec,</strong></span> <span class='ocrx_word' id='word_1_71' title='bbox 576 1010 641 1072; x_wconf 86' lang='lat' dir='ltr'><strong>quo</strong></span> <span class='ocrx_word' id='word_1_72' title='bbox 666 994 821 1056; x_wconf 84' lang='lat' dir='ltr'><strong>Salomon</strong></span> <span class='ocrx_word' id='word_1_73' title='bbox 845 993 1010 1055; x_wconf 84' lang='lat' dir='ltr'><strong>dedicavit</strong></span> <span class='ocrx_word' id='word_1_74' title='bbox 1028 993 1113 1054; x_wconf 90' lang='lat' dir='ltr'><strong>tem·</strong></span> <span class='ocrx_word' id='word_1_75' title='bbox 1167 991 1253 1068; x_wconf 91' lang='lat' dir='ltr'><strong>quod</strong></span> <span class='ocrx_word' id='word_1_76' title='bbox 1274 991 1310 1052; x_wconf 91' lang='lat' dir='ltr'><strong>iu</strong></span> <span class='ocrx_word' id='word_1_77' title='bbox 1325 991 1432 1068; x_wconf 91' lang='lat' dir='ltr'><strong>primo</strong></span> <span class='ocrx_word' id='word_1_78' title='bbox 1446 989 1585 1066; x_wconf 89' lang='lat' dir='ltr'><strong>parente</strong></span> <span class='ocrx_word' id='word_1_79' title='bbox 1600 989 1788 1062; x_wconf 85' lang='lat' dir='ltr'><strong>didicimus,</strong></span> <span class='ocrx_word' id='word_1_80' title='bbox 1811 989 1843 1049; x_wconf 90' lang='lat' dir='ltr'><strong>si</strong></span> <span class='ocrx_word' id='word_1_81' title='bbox 1866 991 1973 1065; x_wconf 81' lang='lat' dir='ltr'><strong>gestae</strong></span> 
     </span>
     <span class='ocr_line' id='line_1_8' title="bbox 316 1086 1971 1170; baseline -0.003 -18"><span class='ocrx_word' id='word_1_82' title='bbox 316 1091 419 1170; x_wconf 93' lang='lat' dir='ltr'><strong>plum,</strong></span> <span class='ocrx_word' id='word_1_83' title='bbox 436 1091 468 1154; x_wconf 93' lang='grc' dir='ltr'><strong>θῖ</strong></span> <span class='ocrx_word' id='word_1_84' title='bbox 481 1091 561 1154; x_wconf 89' lang='lat' dir='ltr'><strong>iecit</strong></span> <span class='ocrx_word' id='word_1_85' title='bbox 571 1091 784 1154; x_wconf 84' lang='lat' dir='ltr'><strong>festivitatem</strong></span> <span class='ocrx_word' id='word_1_86' title='bbox 799 1108 875 1154; x_wconf 91' lang='lat' dir='ltr'><strong>cum</strong></span> <span class='ocrx_word' id='word_1_87' title='bbox 889 1091 980 1152; x_wconf 93' lang='lat' dir='ltr'><strong>omni</strong></span> <span class='ocrx_word' id='word_1_88' title='bbox 995 1089 1109 1151; x_wconf 88' lang='lat' dir='ltr'><strong>Israel.</strong></span> <span class='ocrx_word' id='word_1_89' title='bbox 1166 1089 1216 1151; x_wconf 88' lang='lat' dir='ltr'><strong>rei</strong></span> <span class='ocrx_word' id='word_1_90' title='bbox 1239 1089 1390 1150; x_wconf 90' lang='lat' dir='ltr'><strong>ordinem</strong></span> <span class='ocrx_word' id='word_1_91' title='bbox 1411 1086 1577 1150; x_wconf 86' lang='lat' dir='ltr'><strong>subtiliter</strong></span> <span class='ocrx_word' id='word_1_92' title='bbox 1594 1101 1783 1164; x_wconf 87' lang='lat' dir='ltr'><strong>pensemus.</strong></span> <span class='ocrx_word' id='word_1_93' title='bbox 1812 1087 1971 1158; x_wconf 85' lang='lat' dir='ltr'><strong>Primum</strong></span> 
     </span>
    </p>
   </div>
   <div class='ocr_carea' id='block_1_3' title="bbox 197 1184 1973 1266">
    <p class='ocr_par' dir='ltr' id='par_1_3' title="bbox 197 1184 1973 1266">
     <span class='ocr_line' id='line_1_9' title="bbox 197 1184 1973 1266; baseline -0.003 -16"><span class='ocrx_word' id='word_1_94' title='bbox 197 1223 199 1228; x_wconf 94' lang='lat'>·</span> <span class='ocrx_word' id='word_1_95' title='bbox 317 1191 474 1252; x_wconf 90' lang='lat' dir='ltr'><strong>Salomon</strong></span> <span class='ocrx_word' id='word_1_96' title='bbox 491 1190 657 1266; x_wconf 81' lang='lat' dir='ltr'><strong>significat</strong></span> <span class='ocrx_word' id='word_1_97' title='bbox 676 1190 853 1262; x_wconf 79' lang='lat' dir='ltr'><strong>Christum,</strong></span> <span class='ocrx_word' id='word_1_98' title='bbox 876 1187 931 1266; x_wconf 85' lang='lat' dir='ltr'><strong>qui</strong></span> <span class='ocrx_word' id='word_1_99' title='bbox 947 1187 1111 1250; x_wconf 81' lang='lat' dir='ltr'><strong>dedicabit</strong></span> <span class='ocrx_word' id='word_1_100' title='bbox 1165 1187 1277 1266; x_wconf 89' lang='lat' dir='ltr'><strong>itaque</strong></span> <span class='ocrx_word' id='word_1_101' title='bbox 1297 1186 1362 1248; x_wconf 90' lang='lat' dir='ltr'><strong>iuit</strong></span> <span class='ocrx_word' id='word_1_102' title='bbox 1375 1201 1434 1262; x_wconf 92' lang='lat' dir='ltr'><strong>per</strong></span> <span class='ocrx_word' id='word_1_103' title='bbox 1448 1184 1590 1258; x_wconf 86' lang='lat' dir='ltr'><strong>hostem,</strong></span> <span class='ocrx_word' id='word_1_104' title='bbox 1611 1185 1793 1246; x_wconf 88' lang='lat' dir='ltr'><strong>secundum</strong></span> <span class='ocrx_word' id='word_1_105' title='bbox 1808 1201 1898 1246; x_wconf 86' lang='lat' dir='ltr'><strong>vero</strong></span> <span class='ocrx_word' id='word_1_106' title='bbox 1914 1200 1973 1261; x_wconf 86' lang='lat' dir='ltr'><strong>per</strong></span> 
     </span>
    </p>
   </div>
   <div class='ocr_carea' id='block_1_4' title="bbox 229 1283 1974 5762">
    <p class='ocr_par' dir='ltr' id='par_1_4' title="bbox 229 1283 1974 5762">
     <span class='ocr_line' id='line_1_10' title="bbox 314 1283 1970 1365; baseline -0.003 -18"><span class='ocrx_word' id='word_1_107' title='bbox 314 1286 474 1365; x_wconf 89' lang='lat' dir='ltr'><strong>templum</strong></span> <span class='ocrx_word' id='word_1_108' title='bbox 486 1289 519 1349; x_wconf 91' lang='lat' dir='ltr'><strong>et</strong></span> <span class='ocrx_word' id='word_1_109' title='bbox 533 1287 753 1350; x_wconf 83' lang='lat' dir='ltr'><strong>sanctificabit</strong></span> <span class='ocrx_word' id='word_1_110' title='bbox 765 1286 947 1349; x_wconf 85' lang='lat' dir='ltr'><strong>Ecclesiam</strong></span> <span class='ocrx_word' id='word_1_111' title='bbox 960 1301 1064 1358; x_wconf 89' lang='lat' dir='ltr'><strong>suam,</strong></span> <span class='ocrx_word' id='word_1_112' title='bbox 1077 1287 1111 1347; x_wconf 91' lang='lat' dir='ltr'><strong>et</strong></span> <span class='ocrx_word' id='word_1_113' title='bbox 1165 1301 1310 1357; x_wconf 89' lang='lat' dir='ltr'><strong>carnem,</strong></span> <span class='ocrx_word' id='word_1_114' title='bbox 1331 1285 1468 1346; x_wconf 90' lang='lat' dir='ltr'><strong>tertium</strong></span> <span class='ocrx_word' id='word_1_115' title='bbox 1484 1299 1564 1346; x_wconf 80' lang='lat' dir='ltr'><strong>uero</strong></span> <span class='ocrx_word' id='word_1_116' title='bbox 1582 1299 1642 1360; x_wconf 87' lang='lat' dir='ltr'><strong>per</strong></span> <span class='ocrx_word' id='word_1_117' title='bbox 1665 1283 1823 1360; x_wconf 88' lang='lat' dir='ltr'><strong>spiritum</strong></span> <span class='ocrx_word' id='word_1_118' title='bbox 1839 1297 1970 1360; x_wconf 85' lang='lat' dir='ltr'><strong>perpe-</strong></span> 
     </span>
     <span class='ocr_line' id='line_1_11' title="bbox 314 1381 1972 1458; baseline -0.002 -14"><span class='ocrx_word' id='word_1_119' title='bbox 314 1382 415 1446; x_wconf 90' lang='lat' dir='ltr'><strong>iaciet</strong></span> <span class='ocrx_word' id='word_1_120' title='bbox 438 1384 649 1447; x_wconf 81' lang='lat' dir='ltr'><strong>festivitatem</strong></span> <span class='ocrx_word' id='word_1_121' title='bbox 669 1401 743 1446; x_wconf 93' lang='lat' dir='ltr'><strong>cum</strong></span> <span class='ocrx_word' id='word_1_122' title='bbox 763 1385 853 1446; x_wconf 92' lang='lat' dir='ltr'><strong>omni</strong></span> <span class='ocrx_word' id='word_1_123' title='bbox 875 1383 990 1456; x_wconf 87' lang='lat' dir='ltr'><strong>lsrael,</strong></span> <span class='ocrx_word' id='word_1_124' title='bbox 1011 1383 1107 1454; x_wconf 90' lang='lat' dir='ltr'><strong>idest,</strong></span> <span class='ocrx_word' id='word_1_125' title='bbox 1164 1385 1281 1445; x_wconf 55' lang='lat' dir='ltr'><strong>‘matun</strong></span> <span class='ocrx_word' id='word_1_126' title='bbox 1311 1385 1377 1443; x_wconf 80' lang='lat' dir='ltr'><strong>Per</strong></span> <span class='ocrx_word' id='word_1_127' title='bbox 1401 1381 1547 1454; x_wconf 89' lang='lat' dir='ltr'><strong>bostem,</strong></span> <span class='ocrx_word' id='word_1_128' title='bbox 1580 1381 1658 1458; x_wconf 82' lang='lat' dir='ltr'><strong>quia</strong></span> <span class='ocrx_word' id='word_1_129' title='bbox 1682 1381 1865 1442; x_wconf 87' lang='lat' dir='ltr'><strong>insidiator</strong></span> <span class='ocrx_word' id='word_1_130' title='bbox 1896 1397 1972 1441; x_wconf 90' lang='lat' dir='ltr'><strong>cum</strong></span> 
     </span>
     <span class='ocr_line' id='line_1_12' title="bbox 315 1477 1971 1558; baseline -0.002 -16"><span class='ocrx_word' id='word_1_131' title='bbox 315 1480 451 1544; x_wconf 88' lang='lat' dir='ltr'><strong>habebit</strong></span> <span class='ocrx_word' id='word_1_132' title='bbox 465 1483 623 1558; x_wconf 85' lang='lat' dir='ltr'><strong>gaudium</strong></span> <span class='ocrx_word' id='word_1_133' title='bbox 645 1483 678 1544; x_wconf 92' lang='lat' dir='ltr'><strong>et</strong></span> <span class='ocrx_word' id='word_1_134' title='bbox 692 1483 842 1544; x_wconf 85' lang='lat' dir='ltr'><strong>laetitiam</strong></span> <span class='ocrx_word' id='word_1_135' title='bbox 861 1497 936 1544; x_wconf 92' lang='lat' dir='ltr'><strong>cum</strong></span> <span class='ocrx_word' id='word_1_136' title='bbox 956 1480 1109 1542; x_wconf 91' lang='lat' dir='ltr'><strong>omnibus</strong></span> <span class='ocrx_word' id='word_1_137' title='bbox 1164 1496 1266 1558; x_wconf 78' lang='lat' dir='ltr'><strong>praua</strong></span> <span class='ocrx_word' id='word_1_138' title='bbox 1281 1479 1527 1556; x_wconf 85' lang='lat' dir='ltr'><strong>suggerit,caro</strong></span> <span class='ocrx_word' id='word_1_139' title='bbox 1541 1494 1577 1540; x_wconf 90' lang='lat' dir='ltr'><strong>se</strong></span> <span class='ocrx_word' id='word_1_140' title='bbox 1587 1478 1799 1541; x_wconf 83' lang='lat' dir='ltr'><strong>delectationi</strong></span> <span class='ocrx_word' id='word_1_141' title='bbox 1814 1477 1971 1555; x_wconf 85' lang='lat' dir='ltr'><strong>subjicit,</strong></span> 
     </span>
     <span class='ocr_line' id='line_1_13' title="bbox 316 1575 1969 1656; baseline -0.001 -18"><span class='ocrx_word' id='word_1_142' title='bbox 316 1579 441 1640; x_wconf 88' lang='lat' dir='ltr'><strong>sanctis</strong></span> <span class='ocrx_word' id='word_1_143' title='bbox 453 1581 486 1640; x_wconf 92' lang='lat' dir='ltr'><strong>et</strong></span> <span class='ocrx_word' id='word_1_144' title='bbox 500 1581 647 1654; x_wconf 84' lang='lat' dir='ltr'><strong>Angelis.</strong></span> <span class='ocrx_word' id='word_1_145' title='bbox 663 1582 732 1641; x_wconf 89' lang='lat' dir='ltr'><strong>Nos</strong></span> <span class='ocrx_word' id='word_1_146' title='bbox 747 1594 837 1655; x_wconf 89' lang='lat' dir='ltr'><strong>ergo,</strong></span> <span class='ocrx_word' id='word_1_147' title='bbox 859 1578 991 1652; x_wconf 75' lang='lat' dir='ltr'><strong>fratrea,</strong></span> <span class='ocrx_word' id='word_1_148' title='bbox 1015 1575 1111 1639; x_wconf 89' lang='lat' dir='ltr'><strong>labo-</strong></span> <span class='ocrx_word' id='word_1_149' title='bbox 1164 1581 1263 1656; x_wconf 87' lang='lat' dir='ltr'><strong>atque</strong></span> <span class='ocrx_word' id='word_1_150' title='bbox 1283 1577 1324 1640; x_wconf 84' lang='lat' dir='ltr'><strong>ad</strong></span> <span class='ocrx_word' id='word_1_151' title='bbox 1348 1579 1533 1639; x_wconf 71' lang='lat' dir='ltr'><strong>esbernum</strong></span> <span class='ocrx_word' id='word_1_152' title='bbox 1557 1578 1695 1654; x_wconf 86' lang='lat' dir='ltr'><strong>spiritus</strong></span> <span class='ocrx_word' id='word_1_153' title='bbox 1714 1577 1826 1639; x_wconf 83' lang='lat' dir='ltr'><strong>victus</strong></span> <span class='ocrx_word' id='word_1_154' title='bbox 1846 1575 1969 1638; x_wconf 90' lang='lat' dir='ltr'><strong>delec-</strong></span> 
     </span>
     <span class='ocr_line' id='line_1_14' title="bbox 315 1675 1971 1753; baseline 0.001 -19"><span class='ocrx_word' id='word_1_155' title='bbox 315 1689 426 1735; x_wconf 90' lang='lat' dir='ltr'><strong>remus</strong></span> <span class='ocrx_word' id='word_1_156' title='bbox 448 1675 496 1737; x_wconf 89' lang='lat' dir='ltr'><strong>sic</strong></span> <span class='ocrx_word' id='word_1_157' title='bbox 506 1676 690 1753; x_wconf 72' lang='lat' dir='ltr'><strong>jejunando</strong></span> <span class='ocrx_word' id='word_1_158' title='bbox 713 1679 745 1738; x_wconf 91' lang='lat' dir='ltr'><strong>et</strong></span> <span class='ocrx_word' id='word_1_159' title='bbox 768 1677 945 1752; x_wconf 77' lang='lat' dir='ltr'><strong>dilligendo</strong></span> <span class='ocrx_word' id='word_1_160' title='bbox 969 1691 1109 1753; x_wconf 89' lang='lat' dir='ltr'><strong>corpora</strong></span> <span class='ocrx_word' id='word_1_161' title='bbox 1163 1675 1282 1738; x_wconf 80' lang='lat' dir='ltr'><strong>tattoni</strong></span> <span class='ocrx_word' id='word_1_162' title='bbox 1306 1675 1481 1737; x_wconf 88' lang='lat' dir='ltr'><strong>consentit.</strong></span> <span class='ocrx_word' id='word_1_163' title='bbox 1513 1675 1607 1737; x_wconf 92' lang='lat' dir='ltr'><strong>Unde</strong></span> <span class='ocrx_word' id='word_1_164' title='bbox 1632 1675 1667 1736; x_wconf 90' lang='lat' dir='ltr'><strong>et</strong></span> <span class='ocrx_word' id='word_1_165' title='bbox 1691 1690 1832 1752; x_wconf 88' lang='lat' dir='ltr'><strong>serpens</strong></span> <span class='ocrx_word' id='word_1_166' title='bbox 1861 1689 1971 1751; x_wconf 76' lang='lat' dir='ltr'><strong>prava</strong></span> 
     </span>
     <span class='ocr_line' id='line_1_15' title="bbox 315 1773 1971 1850; baseline 0.002 -19"><span class='ocrx_word' id='word_1_167' title='bbox 315 1773 441 1844; x_wconf 89' lang='lat' dir='ltr'><strong>nostra,</strong></span> <span class='ocrx_word' id='word_1_168' title='bbox 458 1775 494 1834; x_wconf 91' lang='lat' dir='ltr'><strong>ut</strong></span> <span class='ocrx_word' id='word_1_169' title='bbox 516 1773 551 1832; x_wconf 92' lang='lat' dir='ltr'><strong>in</strong></span> <span class='ocrx_word' id='word_1_170' title='bbox 571 1773 624 1833; x_wconf 90' lang='lat' dir='ltr'><strong>die</strong></span> <span class='ocrx_word' id='word_1_171' title='bbox 640 1773 761 1850; x_wconf 86' lang='lat' dir='ltr'><strong>jejunii</strong></span> <span class='ocrx_word' id='word_1_172' title='bbox 786 1775 891 1834; x_wconf 90' lang='lat' dir='ltr'><strong>nostri</strong></span> <span class='ocrx_word' id='word_1_173' title='bbox 919 1774 1110 1835; x_wconf 89' lang='lat' dir='ltr'><strong>inveniatur</strong></span> <span class='ocrx_word' id='word_1_174' title='bbox 1164 1774 1330 1850; x_wconf 87' lang='lat' dir='ltr'><strong>suggessit</strong></span> <span class='ocrx_word' id='word_1_175' title='bbox 1342 1774 1476 1834; x_wconf 88' lang='lat' dir='ltr'><strong>dicens:</strong></span> <span class='ocrx_word' id='word_1_176' title='bbox 1492 1775 1563 1834; x_wconf 82' lang='lat' dir='ltr'><strong>Cur</strong></span> <span class='ocrx_word' id='word_1_177' title='bbox 1569 1773 1739 1848; x_wconf 71' lang='lat' dir='ltr'><strong>precepit</strong></span> <span class='ocrx_word' id='word_1_178' title='bbox 1748 1777 1848 1834; x_wconf 78' lang='lat' dir='ltr'><strong>cobis</strong></span> <span class='ocrx_word' id='word_1_179' title='bbox 1859 1777 1971 1842; x_wconf 86' lang='lat' dir='ltr'><strong>Deus,</strong></span> 
     </span>
     <span class='ocr_line' id='line_1_16' title="bbox 314 1869 1974 1948; baseline 0 -18"><span class='ocrx_word' id='word_1_180' title='bbox 314 1869 469 1932; x_wconf 87' lang='lat' dir='ltr'><strong>voluntas</strong></span> <span class='ocrx_word' id='word_1_181' title='bbox 484 1873 556 1948; x_wconf 88' lang='lat' dir='ltr'><strong>ejus</strong></span> <span class='ocrx_word' id='word_1_182' title='bbox 571 1871 605 1931; x_wconf 94' lang='lat' dir='ltr'><strong>in</strong></span> <span class='ocrx_word' id='word_1_183' title='bbox 627 1869 733 1942; x_wconf 90' lang='lat' dir='ltr'><strong>nobis,</strong></span> <span class='ocrx_word' id='word_1_184' title='bbox 749 1869 804 1947; x_wconf 86' lang='lat' dir='ltr'><strong>qui</strong></span> <span class='ocrx_word' id='word_1_185' title='bbox 818 1869 977 1932; x_wconf 79' lang='lat' dir='ltr'><strong>venturus</strong></span> <span class='ocrx_word' id='word_1_186' title='bbox 993 1873 1043 1932; x_wconf 88' lang='grc' dir='ltr'><strong>θεῖ</strong></span> <span class='ocrx_word' id='word_1_187' title='bbox 1053 1874 1110 1947; x_wconf 89' lang='lat' dir='ltr'><strong>ju·</strong></span> <span class='ocrx_word' id='word_1_188' title='bbox 1163 1873 1201 1933; x_wconf 80' lang='lat' dir='ltr'><strong>ut</strong></span> <span class='ocrx_word' id='word_1_189' title='bbox 1214 1888 1282 1933; x_wconf 80' lang='lat' dir='ltr'><strong>non</strong></span> <span class='ocrx_word' id='word_1_190' title='bbox 1289 1873 1514 1934; x_wconf 82' lang='lat' dir='ltr'><strong>comederetis</strong></span> <span class='ocrx_word' id='word_1_191' title='bbox 1524 1875 1565 1934; x_wconf 83' lang='lat' dir='ltr'><strong>de</strong></span> <span class='ocrx_word' id='word_1_192' title='bbox 1575 1875 1669 1932; x_wconf 78' lang='lat' dir='ltr'><strong>omni</strong></span> <span class='ocrx_word' id='word_1_193' title='bbox 1682 1873 1974 1946; x_wconf 74' lang='lat' dir='ltr'><strong>lipitoparadisit</strong></span> 
     </span>
     <span class='ocr_line' id='line_1_17' title="bbox 229 1967 1971 2050; baseline -0.001 -20"><span class='ocrx_word' id='word_1_194' title='bbox 229 2025 231 2030; x_wconf 89' lang='lat'><em>.</em></span> <span class='ocrx_word' id='word_1_195' title='bbox 314 1967 427 2028; x_wconf 89' lang='lat' dir='ltr'><strong>dicare</strong></span> <span class='ocrx_word' id='word_1_196' title='bbox 454 1968 548 2030; x_wconf 82' lang='lat' dir='ltr'><strong>vivos</strong></span> <span class='ocrx_word' id='word_1_197' title='bbox 576 1969 609 2030; x_wconf 90' lang='grc' dir='ltr'><strong>θῖ</strong></span> <span class='ocrx_word' id='word_1_198' title='bbox 636 1969 782 2030; x_wconf 90' lang='lat' dir='ltr'><strong>mortuos</strong></span> <span class='ocrx_word' id='word_1_199' title='bbox 810 1971 844 2030; x_wconf 91' lang='lat' dir='ltr'><strong>et</strong></span> <span class='ocrx_word' id='word_1_200' title='bbox 857 1968 1026 2050; x_wconf 50' lang='lat' dir='ltr'><strong>,saeculum</strong></span> <span class='ocrx_word' id='word_1_201' title='bbox 1050 1983 1110 2044; x_wconf 88' lang='lat' dir='ltr'><strong>per</strong></span> <span class='ocrx_word' id='word_1_202' title='bbox 1164 1972 1227 2031; x_wconf 82' lang='lat' dir='ltr'><strong>Cui</strong></span> <span class='ocrx_word' id='word_1_203' title='bbox 1240 1970 1419 2042; x_wconf 77' lang='lat' dir='ltr'><strong>respondit</strong></span> <span class='ocrx_word' id='word_1_204' title='bbox 1433 1973 1584 2030; x_wconf 80' lang='lat' dir='ltr'><strong>multer:</strong></span> <span class='ocrx_word' id='word_1_205' title='bbox 1597 1972 1638 2030; x_wconf 82' lang='lat' dir='ltr'><strong>de</strong></span> <span class='ocrx_word' id='word_1_206' title='bbox 1652 1969 1771 2043; x_wconf 76' lang='lat' dir='ltr'><strong>fmectu</strong></span> <span class='ocrx_word' id='word_1_207' title='bbox 1786 1971 1971 2045; x_wconf 78' lang='lat' dir='ltr'><strong>tignorum</strong></span> 
     </span>
     <span class='ocr_line' id='line_1_18' title="bbox 313 2065 1972 2143; baseline 0.001 -18"><span class='ocrx_word' id='word_1_208' title='bbox 313 2065 436 2141; x_wconf 88' lang='lat' dir='ltr'><strong>ignom.</strong></span> <span class='ocrx_word' id='word_1_209' title='bbox 1163 2082 1240 2141; x_wconf 77' lang='lat' dir='ltr'><strong>mm</strong></span> <span class='ocrx_word' id='word_1_210' title='bbox 1250 2069 1561 2143; x_wconf 76' lang='lat' dir='ltr'><strong>mcuttuporadtso</strong></span> <span class='ocrx_word' id='word_1_211' title='bbox 1581 2067 1972 2141; x_wconf 61' lang='grc' dir='ltr'><strong>υθεθίεηθνςαθβπιοῖιι</strong></span> 
     </span>
     <span class='ocr_line' id='line_1_19' title="bbox 1162 2165 1972 2241; baseline 0 -16"><span class='ocrx_word' id='word_1_212' title='bbox 1162 2179 1246 2226; x_wconf 83' lang='lat' dir='ltr'><strong>vero</strong></span> <span class='ocrx_word' id='word_1_213' title='bbox 1256 2168 1340 2241; x_wconf 80' lang='lat' dir='ltr'><strong>liget</strong></span> <span class='ocrx_word' id='word_1_214' title='bbox 1354 2167 1442 2238; x_wconf 77' lang='lat' dir='ltr'><strong>quod</strong></span> <span class='ocrx_word' id='word_1_215' title='bbox 1456 2165 1507 2227; x_wconf 83' lang='lat' dir='ltr'><strong>est</strong></span> <span class='ocrx_word' id='word_1_216' title='bbox 1519 2167 1557 2226; x_wconf 82' lang='lat' dir='ltr'><strong>tu</strong></span> <span class='ocrx_word' id='word_1_217' title='bbox 1570 2167 1682 2225; x_wconf 79' lang='lat' dir='ltr'><strong>medio</strong></span> <span class='ocrx_word' id='word_1_218' title='bbox 1693 2166 1866 2239; x_wconf 68' lang='lat' dir='ltr'><strong>paradisi,</strong></span> <span class='ocrx_word' id='word_1_219' title='bbox 1880 2179 1972 2239; x_wconf 83' lang='lat' dir='ltr'><strong>prce·</strong></span> 
     </span>
     <span class='ocr_line' id='line_1_20' title="bbox 668 2263 1967 2358; baseline 0.002 -36"><span class='ocrx_word' id='word_1_220' title='bbox 668 2269 760 2358; x_wconf 71' lang='lat' dir='ltr'><strong>XIV</strong></span> <span class='ocrx_word' id='word_1_221' title='bbox 1162 2263 1252 2338; x_wconf 82' lang='lat' dir='ltr'><strong>cepit</strong></span> <span class='ocrx_word' id='word_1_222' title='bbox 1285 2265 1382 2325; x_wconf 81' lang='lat' dir='ltr'><strong>uobis</strong></span> <span class='ocrx_word' id='word_1_223' title='bbox 1408 2265 1577 2325; x_wconf 78' lang='lat' dir='ltr'><strong>Dominus</strong></span> <span class='ocrx_word' id='word_1_224' title='bbox 1610 2275 1655 2324; x_wconf 84' lang='lat' dir='ltr'><strong>ue</strong></span> <span class='ocrx_word' id='word_1_225' title='bbox 1685 2263 1967 2332; x_wconf 78' lang='lat' dir='ltr'><strong>comederemus,</strong></span> 
     </span>
     <span class='ocr_line' id='line_1_21' title="bbox 1163 2360 1966 2438; baseline -0.004 -17"><span class='ocrx_word' id='word_1_226' title='bbox 1163 2361 1195 2421; x_wconf 88' lang='lat' dir='ltr'><strong>et</strong></span> <span class='ocrx_word' id='word_1_227' title='bbox 1210 2375 1255 2422; x_wconf 83' lang='lat' dir='ltr'><strong>ue</strong></span> <span class='ocrx_word' id='word_1_228' title='bbox 1270 2360 1451 2438; x_wconf 78' lang='lat' dir='ltr'><strong>tangemus</strong></span> <span class='ocrx_word' id='word_1_229' title='bbox 1469 2363 1562 2433; x_wconf 73' lang='lat' dir='ltr'><strong>diod,</strong></span> <span class='ocrx_word' id='word_1_230' title='bbox 1585 2375 1628 2421; x_wconf 81' lang='lat' dir='ltr'><strong>ne</strong></span> <span class='ocrx_word' id='word_1_231' title='bbox 1642 2361 1734 2433; x_wconf 75' lang='lat' dir='ltr'><strong>forte</strong></span> <span class='ocrx_word' id='word_1_232' title='bbox 1749 2363 1966 2422; x_wconf 76' lang='lat' dir='ltr'><strong>mortanum</strong></span> 
     </span>
     <span class='ocr_line' id='line_1_22' title="bbox 315 2459 1969 2550; baseline -0.004 -12"><span class='ocrx_word' id='word_1_233' title='bbox 315 2477 359 2538; x_wconf 83' lang='lat' dir='ltr'><strong>ru</strong></span> <span class='ocrx_word' id='word_1_234' title='bbox 390 2477 718 2550; x_wconf 75' lang='lat' dir='ltr'><strong>coloniensum</strong></span> <span class='ocrx_word' id='word_1_235' title='bbox 747 2475 953 2538; x_wconf 70' lang='lat' dir='ltr'><strong>nonnum:</strong></span> <span class='ocrx_word' id='word_1_236' title='bbox 973 2476 1108 2537; x_wconf 72' lang='lat' dir='ltr'><strong>smus</strong></span> <span class='ocrx_word' id='word_1_237' title='bbox 1161 2459 1812 2536; x_wconf 66' lang='lat' dir='ltr'><strong>emicantemserpensaemmerem:</strong></span> <span class='ocrx_word' id='word_1_238' title='bbox 1827 2461 1969 2531; x_wconf 70' lang='lat' dir='ltr'><strong>Neom-</strong></span> 
     </span>
     <span class='ocr_line' id='line_1_23' title="bbox 1162 2555 1968 2630; baseline 0.001 -14"><span class='ocrx_word' id='word_1_239' title='bbox 1162 2571 1266 2630; x_wconf 82' lang='lat' dir='ltr'><strong>puom</strong></span> <span class='ocrx_word' id='word_1_240' title='bbox 1285 2557 1398 2617; x_wconf 75' lang='lat' dir='ltr'><strong>oiorte</strong></span> <span class='ocrx_word' id='word_1_241' title='bbox 1421 2558 1641 2628; x_wconf 64' lang='lat' dir='ltr'><strong>:cortemmi-</strong></span> <span class='ocrx_word' id='word_1_242' title='bbox 1661 2555 1726 2616; x_wconf 84' lang='lat' dir='ltr'><strong>scit</strong></span> <span class='ocrx_word' id='word_1_243' title='bbox 1752 2557 1849 2618; x_wconf 82' lang='lat' dir='ltr'><strong>enim</strong></span> <span class='ocrx_word' id='word_1_244' title='bbox 1871 2559 1968 2617; x_wconf 81' lang='lat' dir='ltr'><strong>Deus</strong></span> 
     </span>
     <span class='ocr_line' id='line_1_24' title="bbox 352 2653 1964 2730; baseline -0.002 -12"><span class='ocrx_word' id='word_1_245' title='bbox 352 2656 484 2718; x_wconf 79' lang='lat' dir='ltr'><strong>Ductus</strong></span> <span class='ocrx_word' id='word_1_246' title='bbox 497 2654 549 2717; x_wconf 85' lang='lat' dir='ltr'><strong>est</strong></span> <span class='ocrx_word' id='word_1_247' title='bbox 562 2657 664 2717; x_wconf 77' lang='lat' dir='ltr'><strong>lesus</strong></span> <span class='ocrx_word' id='word_1_248' title='bbox 677 2657 715 2716; x_wconf 79' lang='lat' dir='ltr'><strong>m</strong></span> <span class='ocrx_word' id='word_1_249' title='bbox 729 2654 906 2718; x_wconf 62' lang='lat' dir='ltr'><strong>desertum</strong></span> <span class='ocrx_word' id='word_1_250' title='bbox 926 2669 949 2716; x_wconf 89' lang='lat' dir='ltr'><strong>a</strong></span> <span class='ocrx_word' id='word_1_251' title='bbox 967 2655 1105 2730; x_wconf 70' lang='lat' dir='ltr'><strong>spreto,</strong></span> <span class='ocrx_word' id='word_1_252' title='bbox 1161 2655 1243 2728; x_wconf 79' lang='lat' dir='ltr'><strong>quic</strong></span> <span class='ocrx_word' id='word_1_253' title='bbox 1257 2657 1520 2728; x_wconf 70' lang='lat' dir='ltr'><strong>impacatamque</strong></span> <span class='ocrx_word' id='word_1_254' title='bbox 1534 2657 1589 2714; x_wconf 85' lang='lat' dir='ltr'><strong>die</strong></span> <span class='ocrx_word' id='word_1_255' title='bbox 1600 2653 1826 2715; x_wconf 79' lang='lat' dir='ltr'><strong>comederetis</strong></span> <span class='ocrx_word' id='word_1_256' title='bbox 1842 2669 1895 2715; x_wconf 77' lang='lat' dir='ltr'><strong>em</strong></span> <span class='ocrx_word' id='word_1_257' title='bbox 1915 2669 1964 2726; x_wconf 89' lang='lat' dir='ltr'><strong>eo,</strong></span> 
     </span>
     <span class='ocr_line' id='line_1_25' title="bbox 312 2750 1964 2826; baseline -0.002 -11"><span class='ocrx_word' id='word_1_258' title='bbox 312 2753 352 2815; x_wconf 80' lang='lat' dir='ltr'><strong>m</strong></span> <span class='ocrx_word' id='word_1_259' title='bbox 365 2753 561 2815; x_wconf 80' lang='lat' dir='ltr'><strong>tentaretur</strong></span> <span class='ocrx_word' id='word_1_260' title='bbox 574 2770 597 2815; x_wconf 87' lang='lat' dir='ltr'><strong>o</strong></span> <span class='ocrx_word' id='word_1_261' title='bbox 611 2756 750 2815; x_wconf 82' lang='lat' dir='ltr'><strong>diabolo.</strong></span> <span class='ocrx_word' id='word_1_262' title='bbox 767 2750 813 2815; x_wconf 79' lang='lat' dir='ltr'><strong>ai</strong></span> <span class='ocrx_word' id='word_1_263' title='bbox 826 2770 904 2815; x_wconf 82' lang='lat' dir='ltr'><strong>cum</strong></span> <span class='ocrx_word' id='word_1_264' title='bbox 911 2754 1108 2825; x_wconf 71' lang='lat' dir='ltr'><strong>jejunasset</strong></span> <span class='ocrx_word' id='word_1_265' title='bbox 1161 2752 1366 2826; x_wconf 77' lang='lat' dir='ltr'><strong>operientur</strong></span> <span class='ocrx_word' id='word_1_266' title='bbox 1386 2755 1473 2813; x_wconf 80' lang='lat' dir='ltr'><strong>oculi</strong></span> <span class='ocrx_word' id='word_1_267' title='bbox 1492 2753 1601 2813; x_wconf 73' lang='lat' dir='ltr'><strong>vostri</strong></span> <span class='ocrx_word' id='word_1_268' title='bbox 1620 2752 1653 2813; x_wconf 85' lang='lat' dir='ltr'><strong>et</strong></span> <span class='ocrx_word' id='word_1_269' title='bbox 1673 2752 1772 2812; x_wconf 74' lang='lat' dir='ltr'><strong>critis</strong></span> <span class='ocrx_word' id='word_1_270' title='bbox 1790 2753 1885 2812; x_wconf 83' lang='lat' dir='ltr'><strong>sicut</strong></span> <span class='ocrx_word' id='word_1_271' title='bbox 1906 2755 1964 2825; x_wconf 79' lang='lat' dir='ltr'><strong>dii,</strong></span> 
     </span>
     <span class='ocr_line' id='line_1_26' title="bbox 313 2847 1965 2929; baseline -0.001 -17"><span class='ocrx_word' id='word_1_272' title='bbox 313 2851 546 2928; x_wconf 72' lang='lat' dir='ltr'><strong>circumrotata</strong></span> <span class='ocrx_word' id='word_1_273' title='bbox 569 2855 696 2924; x_wconf 82' lang='lat' dir='ltr'><strong>diebus,</strong></span> <span class='ocrx_word' id='word_1_274' title='bbox 717 2852 750 2913; x_wconf 88' lang='lat' dir='ltr'><strong>et</strong></span> <span class='ocrx_word' id='word_1_275' title='bbox 769 2853 1001 2929; x_wconf 77' lang='lat' dir='ltr'><strong>otmdragiuto</strong></span> <span class='ocrx_word' id='word_1_276' title='bbox 1022 2865 1107 2912; x_wconf 78' lang='lat' dir='ltr'><strong>noc·</strong></span> <span class='ocrx_word' id='word_1_277' title='bbox 1161 2849 1310 2910; x_wconf 81' lang='lat' dir='ltr'><strong>scientes</strong></span> <span class='ocrx_word' id='word_1_278' title='bbox 1325 2851 1450 2911; x_wconf 75' lang='lat' dir='ltr'><strong>boiiom</strong></span> <span class='ocrx_word' id='word_1_279' title='bbox 1463 2850 1640 2911; x_wconf 75' lang='lat' dir='ltr'><strong>eteoclem</strong></span> <span class='ocrx_word' id='word_1_280' title='bbox 1652 2847 1748 2928; x_wconf 82' lang='lat' dir='ltr'><strong>(Gen.</strong></span> <span class='ocrx_word' id='word_1_281' title='bbox 1765 2864 1816 2921; x_wconf 87' lang='lat'><strong>111,</strong></span> <span class='ocrx_word' id='word_1_282' title='bbox 1837 2851 1866 2921; x_wconf 87' lang='lat'><strong>1,</strong></span> <span class='ocrx_word' id='word_1_283' title='bbox 1886 2851 1919 2918; x_wconf 87' lang='lat'><strong>2,</strong></span> <span class='ocrx_word' id='word_1_284' title='bbox 1935 2852 1965 2921; x_wconf 88' lang='lat'><strong>3,</strong></span> 
     </span>
     <span class='ocr_line' id='line_1_27' title="bbox 315 2945 1966 3028; baseline 0.001 -20"><span class='ocrx_word' id='word_1_285' title='bbox 315 2949 413 3019; x_wconf 83' lang='lat' dir='ltr'><strong>tibus,</strong></span> <span class='ocrx_word' id='word_1_286' title='bbox 426 2950 548 3021; x_wconf 82' lang='lat' dir='ltr'><strong>postea</strong></span> <span class='ocrx_word' id='word_1_287' title='bbox 562 2949 685 3009; x_wconf 74' lang='lat' dir='ltr'><strong>emeriti</strong></span> <span class='ocrx_word' id='word_1_288' title='bbox 699 2945 829 3028; x_wconf 85' lang='lat' dir='ltr'><strong>(Mattb.</strong></span> <span class='ocrx_word' id='word_1_289' title='bbox 847 2965 895 3022; x_wconf 81' lang='lat' dir='ltr'><strong>iv,</strong></span> <span class='ocrx_word' id='word_1_290' title='bbox 910 2951 939 3022; x_wconf 88' lang='lat'><strong>1,</strong></span> <span class='ocrx_word' id='word_1_291' title='bbox 955 2947 1001 3028; x_wconf 84' lang='lat'><strong>2).</strong></span> <span class='ocrx_word' id='word_1_292' title='bbox 1162 2949 1191 3018; x_wconf 82' lang='lat'><strong>4,</strong></span> <span class='ocrx_word' id='word_1_293' title='bbox 1207 2945 1253 3026; x_wconf 88' lang='grc'><strong>5).</strong></span> <span class='ocrx_word' id='word_1_294' title='bbox 1270 2949 1338 3007; x_wconf 84' lang='lat' dir='ltr'><strong>Eva</strong></span> <span class='ocrx_word' id='word_1_295' title='bbox 1353 2947 1465 3008; x_wconf 90' lang='lat' dir='ltr'><strong>autem</strong></span> <span class='ocrx_word' id='word_1_296' title='bbox 1481 2948 1577 3024; x_wconf 81' lang='lat' dir='ltr'><strong>quasi</strong></span> <span class='ocrx_word' id='word_1_297' title='bbox 1593 2962 1671 3008; x_wconf 88' lang='lat' dir='ltr'><strong>caro</strong></span> <span class='ocrx_word' id='word_1_298' title='bbox 1689 2963 1725 3007; x_wconf 92' lang='lat' dir='ltr'><strong>se</strong></span> <span class='ocrx_word' id='word_1_299' title='bbox 1743 2946 1966 3010; x_wconf 84' lang='lat' dir='ltr'><strong>delectationi</strong></span> 
     </span>
     <span class='ocr_line' id='line_1_28' title="bbox 353 3043 1968 3122; baseline 0.001 -18"><span class='ocrx_word' id='word_1_300' title='bbox 353 3046 392 3105; x_wconf 90' lang='lat' dir='ltr'><strong>In</strong></span> <span class='ocrx_word' id='word_1_301' title='bbox 410 3045 472 3105; x_wconf 87' lang='lat' dir='ltr'><strong>bac</strong></span> <span class='ocrx_word' id='word_1_302' title='bbox 487 3044 678 3120; x_wconf 84' lang='lat' dir='ltr'><strong>evangelica</strong></span> <span class='ocrx_word' id='word_1_303' title='bbox 693 3045 835 3106; x_wconf 90' lang='lat' dir='ltr'><strong>lectione</strong></span> <span class='ocrx_word' id='word_1_304' title='bbox 850 3046 992 3122; x_wconf 88' lang='lat' dir='ltr'><strong>quatuor</strong></span> <span class='ocrx_word' id='word_1_305' title='bbox 1012 3045 1107 3106; x_wconf 88' lang='lat' dir='ltr'><strong>nobis</strong></span> <span class='ocrx_word' id='word_1_306' title='bbox 1162 3043 1318 3105; x_wconf 85' lang='lat' dir='ltr'><strong>subdidit.</strong></span> <span class='ocrx_word' id='word_1_307' title='bbox 1333 3044 1429 3106; x_wconf 90' lang='lat' dir='ltr'><strong>Unde</strong></span> <span class='ocrx_word' id='word_1_308' title='bbox 1440 3043 1477 3104; x_wconf 91' lang='lat' dir='ltr'><strong>in</strong></span> <span class='ocrx_word' id='word_1_309' title='bbox 1490 3045 1630 3106; x_wconf 84' lang='lat' dir='ltr'><strong>Genesi:</strong></span> <span class='ocrx_word' id='word_1_310' title='bbox 1651 3046 1740 3106; x_wconf 82' lang='lat' dir='ltr'><strong>Vidit</strong></span> <span class='ocrx_word' id='word_1_311' title='bbox 1761 3045 1875 3122; x_wconf 78' lang='lat' dir='ltr'><strong>igitur</strong></span> <span class='ocrx_word' id='word_1_312' title='bbox 1887 3061 1968 3106; x_wconf 85' lang='lat' dir='ltr'><strong>mu-</strong></span> 
     </span>
     <span class='ocr_line' id='line_1_29' title="bbox 312 3139 1967 3220; baseline 0.002 -20"><span class='ocrx_word' id='word_1_313' title='bbox 312 3139 468 3201; x_wconf 80' lang='lat' dir='ltr'><strong>videutur</strong></span> <span class='ocrx_word' id='word_1_314' title='bbox 480 3155 554 3200; x_wconf 89' lang='lat' dir='ltr'><strong>esse</strong></span> <span class='ocrx_word' id='word_1_315' title='bbox 563 3141 814 3212; x_wconf 91' lang='lat' dir='ltr'><strong>consideranda,</strong></span> <span class='ocrx_word' id='word_1_316' title='bbox 829 3142 992 3214; x_wconf 84' lang='lat' dir='ltr'><strong>videlicet,</strong></span> <span class='ocrx_word' id='word_1_317' title='bbox 1006 3157 1108 3220; x_wconf 86' lang='lat' dir='ltr'><strong>quare</strong></span> <span class='ocrx_word' id='word_1_318' title='bbox 1162 3143 1227 3202; x_wconf 82' lang='lat' dir='ltr'><strong>tier</strong></span> <span class='ocrx_word' id='word_1_319' title='bbox 1245 3145 1334 3214; x_wconf 79' lang='lat' dir='ltr'><strong>quod</strong></span> <span class='ocrx_word' id='word_1_320' title='bbox 1357 3145 1481 3204; x_wconf 78' lang='lat' dir='ltr'><strong>bonum</strong></span> <span class='ocrx_word' id='word_1_321' title='bbox 1501 3143 1590 3205; x_wconf 84' lang='lat' dir='ltr'><strong>esset</strong></span> <span class='ocrx_word' id='word_1_322' title='bbox 1609 3147 1742 3219; x_wconf 75' lang='lat' dir='ltr'><strong>lignum</strong></span> <span class='ocrx_word' id='word_1_323' title='bbox 1759 3145 1805 3204; x_wconf 81' lang='lat' dir='ltr'><strong>od</strong></span> <span class='ocrx_word' id='word_1_324' title='bbox 1819 3157 1967 3204; x_wconf 82' lang='lat' dir='ltr'><strong>vescen-</strong></span> 
     </span>
     <span class='ocr_line' id='line_1_30' title="bbox 313 3237 1965 3317; baseline 0.002 -19"><span class='ocrx_word' id='word_1_325' title='bbox 313 3239 473 3298; x_wconf 83' lang='lat' dir='ltr'><strong>Iiominus</strong></span> <span class='ocrx_word' id='word_1_326' title='bbox 496 3237 610 3300; x_wconf 90' lang='lat' dir='ltr'><strong>noster</strong></span> <span class='ocrx_word' id='word_1_327' title='bbox 628 3238 779 3314; x_wconf 81' lang='lat' dir='ltr'><strong>permisit</strong></span> <span class='ocrx_word' id='word_1_328' title='bbox 799 3255 835 3299; x_wconf 91' lang='lat' dir='ltr'><strong>se</strong></span> <span class='ocrx_word' id='word_1_329' title='bbox 857 3239 978 3300; x_wconf 88' lang='lat' dir='ltr'><strong>tentari</strong></span> <span class='ocrx_word' id='word_1_330' title='bbox 994 3255 1013 3300; x_wconf 87' lang='lat' dir='ltr'><strong>a</strong></span> <span class='ocrx_word' id='word_1_331' title='bbox 1035 3239 1110 3300; x_wconf 85' lang='lat' dir='ltr'><strong>dia·</strong></span> <span class='ocrx_word' id='word_1_332' title='bbox 1163 3242 1255 3311; x_wconf 84' lang='lat' dir='ltr'><strong>dum,</strong></span> <span class='ocrx_word' id='word_1_333' title='bbox 1271 3241 1305 3302; x_wconf 85' lang='lat' dir='ltr'><strong>et</strong></span> <span class='ocrx_word' id='word_1_334' title='bbox 1310 3246 1495 3314; x_wconf 71' lang='lat' dir='ltr'><strong>psilotrum</strong></span> <span class='ocrx_word' id='word_1_335' title='bbox 1510 3244 1615 3304; x_wconf 82' lang='lat' dir='ltr'><strong>ocutis</strong></span> <span class='ocrx_word' id='word_1_336' title='bbox 1628 3243 1838 3317; x_wconf 77' lang='lat' dir='ltr'><strong>aspectuque</strong></span> <span class='ocrx_word' id='word_1_337' title='bbox 1850 3245 1965 3302; x_wconf 85' lang='lat' dir='ltr'><strong>delec-</strong></span> 
     </span>
     <span class='ocr_line' id='line_1_31' title="bbox 312 3335 1964 3416; baseline 0.002 -22"><span class='ocrx_word' id='word_1_338' title='bbox 312 3335 400 3407; x_wconf 90' lang='lat' dir='ltr'><strong>bolo,</strong></span> <span class='ocrx_word' id='word_1_339' title='bbox 417 3335 450 3397; x_wconf 93' lang='lat' dir='ltr'><strong>et</strong></span> <span class='ocrx_word' id='word_1_340' title='bbox 462 3335 529 3407; x_wconf 90' lang='lat' dir='ltr'><strong>ubi,</strong></span> <span class='ocrx_word' id='word_1_341' title='bbox 546 3336 579 3397; x_wconf 90' lang='lat' dir='ltr'><strong>et</strong></span> <span class='ocrx_word' id='word_1_342' title='bbox 593 3336 735 3412; x_wconf 89' lang='lat' dir='ltr'><strong>quande,</strong></span> <span class='ocrx_word' id='word_1_343' title='bbox 753 3338 785 3399; x_wconf 90' lang='lat' dir='ltr'><strong>et</strong></span> <span class='ocrx_word' id='word_1_344' title='bbox 799 3338 834 3398; x_wconf 94' lang='lat' dir='ltr'><strong>in</strong></span> <span class='ocrx_word' id='word_1_345' title='bbox 845 3353 908 3415; x_wconf 83' lang='lat' dir='ltr'><strong>qua</strong></span> <span class='ocrx_word' id='word_1_346' title='bbox 924 3337 1046 3415; x_wconf 90' lang='lat' dir='ltr'><strong>specie.</strong></span> <span class='ocrx_word' id='word_1_347' title='bbox 1164 3337 1274 3408; x_wconf 76' lang='lat' dir='ltr'><strong>tecue,</strong></span> <span class='ocrx_word' id='word_1_348' title='bbox 1292 3338 1369 3398; x_wconf 83' lang='lat' dir='ltr'><strong>tulit</strong></span> <span class='ocrx_word' id='word_1_349' title='bbox 1384 3341 1425 3400; x_wconf 85' lang='lat' dir='ltr'><strong>de</strong></span> <span class='ocrx_word' id='word_1_350' title='bbox 1439 3339 1557 3412; x_wconf 78' lang='lat' dir='ltr'><strong>tmtctu</strong></span> <span class='ocrx_word' id='word_1_351' title='bbox 1569 3342 1645 3411; x_wconf 80' lang='lat' dir='ltr'><strong>ejus</strong></span> <span class='ocrx_word' id='word_1_352' title='bbox 1656 3340 1690 3401; x_wconf 88' lang='lat' dir='ltr'><strong>et</strong></span> <span class='ocrx_word' id='word_1_353' title='bbox 1699 3339 1848 3400; x_wconf 72' lang='lat' dir='ltr'><strong>emnem:</strong></span> <span class='ocrx_word' id='word_1_354' title='bbox 1865 3337 1964 3416; x_wconf 87' lang='lat' dir='ltr'><strong>(ibid.</strong></span> 
     </span>
     <span class='ocr_line' id='line_1_32' title="bbox 354 3433 1964 3514; baseline 0.002 -21"><span class='ocrx_word' id='word_1_355' title='bbox 354 3435 463 3504; x_wconf 85' lang='lat' dir='ltr'><strong>Quare</strong></span> <span class='ocrx_word' id='word_1_356' title='bbox 475 3433 625 3510; x_wconf 88' lang='lat' dir='ltr'><strong>permisit</strong></span> <span class='ocrx_word' id='word_1_357' title='bbox 646 3449 682 3495; x_wconf 89' lang='lat' dir='ltr'><strong>se</strong></span> <span class='ocrx_word' id='word_1_358' title='bbox 694 3434 836 3496; x_wconf 91' lang='lat' dir='ltr'><strong>tentarit</strong></span> <span class='ocrx_word' id='word_1_359' title='bbox 861 3436 1038 3497; x_wconf 85' lang='lat' dir='ltr'><strong>Sciendum</strong></span> <span class='ocrx_word' id='word_1_360' title='bbox 1059 3437 1109 3498; x_wconf 90' lang='lat' dir='ltr'><strong>est</strong></span> <span class='ocrx_word' id='word_1_361' title='bbox 1163 3447 1212 3506; x_wconf 91' lang='lat'><strong>111,</strong></span> <span class='ocrx_word' id='word_1_362' title='bbox 1226 3433 1272 3513; x_wconf 83' lang='lat'><strong>6).</strong></span> <span class='ocrx_word' id='word_1_363' title='bbox 1301 3435 1405 3496; x_wconf 82' lang='lat' dir='ltr'><strong>Adam</strong></span> <span class='ocrx_word' id='word_1_364' title='bbox 1428 3451 1508 3497; x_wconf 83' lang='lat' dir='ltr'><strong>vero</strong></span> <span class='ocrx_word' id='word_1_365' title='bbox 1536 3435 1628 3498; x_wconf 81' lang='lat' dir='ltr'><strong>velut</strong></span> <span class='ocrx_word' id='word_1_366' title='bbox 1653 3435 1792 3514; x_wconf 89' lang='lat' dir='ltr'><strong>spiritus</strong></span> <span class='ocrx_word' id='word_1_367' title='bbox 1815 3451 1964 3511; x_wconf 86' lang='lat' dir='ltr'><strong>sugges-</strong></span> 
     </span>
     <span class='ocr_line' id='line_1_33' title="bbox 313 3529 1964 3610; baseline 0.002 -20"><span class='ocrx_word' id='word_1_368' title='bbox 313 3529 390 3608; x_wconf 87' lang='lat' dir='ltr'><strong>quia</strong></span> <span class='ocrx_word' id='word_1_369' title='bbox 406 3531 547 3608; x_wconf 87' lang='lat' dir='ltr'><strong>quatuor</strong></span> <span class='ocrx_word' id='word_1_370' title='bbox 566 3531 732 3593; x_wconf 89' lang='lat' dir='ltr'><strong>decausis</strong></span> <span class='ocrx_word' id='word_1_371' title='bbox 751 3533 901 3610; x_wconf 89' lang='lat' dir='ltr'><strong>permisit</strong></span> <span class='ocrx_word' id='word_1_372' title='bbox 916 3549 951 3596; x_wconf 89' lang='lat' dir='ltr'><strong>se</strong></span> <span class='ocrx_word' id='word_1_373' title='bbox 972 3533 1106 3596; x_wconf 88' lang='lat' dir='ltr'><strong>tentari.</strong></span> <span class='ocrx_word' id='word_1_374' title='bbox 1163 3531 1264 3603; x_wconf 87' lang='lat' dir='ltr'><strong>tione,</strong></span> <span class='ocrx_word' id='word_1_375' title='bbox 1290 3532 1323 3593; x_wconf 90' lang='lat' dir='ltr'><strong>et</strong></span> <span class='ocrx_word' id='word_1_376' title='bbox 1348 3531 1567 3594; x_wconf 84' lang='lat' dir='ltr'><strong>delectatione</strong></span> <span class='ocrx_word' id='word_1_377' title='bbox 1588 3533 1763 3609; x_wconf 89' lang='lat' dir='ltr'><strong>superatus</strong></span> <span class='ocrx_word' id='word_1_378' title='bbox 1779 3534 1964 3595; x_wconf 79' lang='lat' dir='ltr'><strong>consensit.</strong></span> 
     </span>
     <span class='ocr_line' id='line_1_34' title="bbox 313 3628 1966 3708; baseline 0.001 -18"><span class='ocrx_word' id='word_1_379' title='bbox 313 3629 426 3690; x_wconf 90' lang='lat' dir='ltr'><strong>Prima</strong></span> <span class='ocrx_word' id='word_1_380' title='bbox 444 3629 493 3690; x_wconf 88' lang='lat' dir='ltr'><strong>esi</strong></span> <span class='ocrx_word' id='word_1_381' title='bbox 515 3630 551 3692; x_wconf 91' lang='lat' dir='ltr'><strong>ut</strong></span> <span class='ocrx_word' id='word_1_382' title='bbox 565 3629 732 3691; x_wconf 89' lang='lat' dir='ltr'><strong>diabolum</strong></span> <span class='ocrx_word' id='word_1_383' title='bbox 748 3631 976 3708; x_wconf 89' lang='lat' dir='ltr'><strong>multipliciter</strong></span> <span class='ocrx_word' id='word_1_384' title='bbox 993 3633 1109 3693; x_wconf 86' lang='lat' dir='ltr'><strong>vince-</strong></span> <span class='ocrx_word' id='word_1_385' title='bbox 1164 3628 1257 3690; x_wconf 92' lang='lat' dir='ltr'><strong>Unde</strong></span> <span class='ocrx_word' id='word_1_386' title='bbox 1285 3628 1465 3691; x_wconf 88' lang='lat' dir='ltr'><strong>subditur:</strong></span> <span class='ocrx_word' id='word_1_387' title='bbox 1494 3632 1662 3705; x_wconf 78' lang='lat' dir='ltr'><strong>Decitioue</strong></span> <span class='ocrx_word' id='word_1_388' title='bbox 1689 3634 1767 3692; x_wconf 82' lang='lat' dir='ltr'><strong>viro</strong></span> <span class='ocrx_word' id='word_1_389' title='bbox 1799 3645 1876 3702; x_wconf 80' lang='lat' dir='ltr'><strong>suo,</strong></span> <span class='ocrx_word' id='word_1_390' title='bbox 1907 3635 1966 3705; x_wconf 81' lang='lat' dir='ltr'><strong>qui</strong></span> 
     </span>
     <span class='ocr_line' id='line_1_35' title="bbox 312 3725 1965 3806; baseline 0.002 -20"><span class='ocrx_word' id='word_1_391' title='bbox 312 3727 374 3799; x_wconf 90' lang='lat' dir='ltr'><strong>ret,</strong></span> <span class='ocrx_word' id='word_1_392' title='bbox 396 3725 542 3787; x_wconf 85' lang='lat' dir='ltr'><strong>secunda</strong></span> <span class='ocrx_word' id='word_1_393' title='bbox 557 3729 594 3788; x_wconf 91' lang='lat' dir='ltr'><strong>ut</strong></span> <span class='ocrx_word' id='word_1_394' title='bbox 611 3727 786 3788; x_wconf 89' lang='lat' dir='ltr'><strong>Dominum</strong></span> <span class='ocrx_word' id='word_1_395' title='bbox 802 3728 933 3789; x_wconf 90' lang='lat' dir='ltr'><strong>Patrem</strong></span> <span class='ocrx_word' id='word_1_396' title='bbox 949 3730 1106 3806; x_wconf 87' lang='lat' dir='ltr'><strong>placaret,</strong></span> <span class='ocrx_word' id='word_1_397' title='bbox 1162 3727 1318 3788; x_wconf 84' lang='lat' dir='ltr'><strong>comedit.</strong></span> <span class='ocrx_word' id='word_1_398' title='bbox 1347 3729 1393 3789; x_wconf 85' lang='grc' dir='ltr'><strong>Εῖ</strong></span> <span class='ocrx_word' id='word_1_399' title='bbox 1418 3730 1533 3803; x_wconf 81' lang='lat' dir='ltr'><strong>operti</strong></span> <span class='ocrx_word' id='word_1_400' title='bbox 1559 3728 1642 3790; x_wconf 73' lang='lat' dir='ltr'><strong>sulit</strong></span> <span class='ocrx_word' id='word_1_401' title='bbox 1669 3731 1755 3791; x_wconf 80' lang='lat' dir='ltr'><strong>oculi</strong></span> <span class='ocrx_word' id='word_1_402' title='bbox 1778 3732 1965 3790; x_wconf 75' lang='lat' dir='ltr'><strong>amabomcm</strong></span> 
     </span>
     <span class='ocr_line' id='line_1_36' title="bbox 312 3813 1963 3904; baseline 0.001 -18"><span class='ocrx_word' id='word_1_403' title='bbox 312 3823 456 3886; x_wconf 88' lang='lat' dir='ltr'><strong>tertiaut</strong></span> <span class='ocrx_word' id='word_1_404' title='bbox 468 3824 594 3885; x_wconf 90' lang='lat' dir='ltr'><strong>bomini</strong></span> <span class='ocrx_word' id='word_1_405' title='bbox 605 3813 792 3902; x_wconf 69' lang='lat' dir='ltr'><strong>eremplum</strong></span> <span class='ocrx_word' id='word_1_406' title='bbox 802 3826 976 3902; x_wconf 88' lang='lat' dir='ltr'><strong>praeberet,</strong></span> <span class='ocrx_word' id='word_1_407' title='bbox 991 3829 1108 3904; x_wconf 86' lang='lat' dir='ltr'><strong>quarta</strong></span> <span class='ocrx_word' id='word_1_408' title='bbox 1164 3823 1260 3903; x_wconf 91' lang='lat' dir='ltr'><strong>(lbid.</strong></span> <span class='ocrx_word' id='word_1_409' title='bbox 1277 3839 1327 3897; x_wconf 92' lang='lat'><strong>111,</strong></span> <span class='ocrx_word' id='word_1_410' title='bbox 1341 3827 1371 3897; x_wconf 86' lang='grc'><strong>6,</strong></span> <span class='ocrx_word' id='word_1_411' title='bbox 1383 3823 1429 3904; x_wconf 78' lang='lat'><strong>7).</strong></span> <span class='ocrx_word' id='word_1_412' title='bbox 1444 3826 1542 3887; x_wconf 88' lang='lat' dir='ltr'><strong>Prius</strong></span> <span class='ocrx_word' id='word_1_413' title='bbox 1557 3827 1645 3887; x_wconf 92' lang='lat' dir='ltr'><strong>enim</strong></span> <span class='ocrx_word' id='word_1_414' title='bbox 1659 3841 1758 3903; x_wconf 88' lang='lat' dir='ltr'><strong>quam</strong></span> <span class='ocrx_word' id='word_1_415' title='bbox 1770 3828 1963 3903; x_wconf 83' lang='lat' dir='ltr'><strong>peccarent,</strong></span> 
     </span>
     <span class='ocr_line' id='line_1_37' title="bbox 313 3923 1963 4002; baseline 0.002 -20"><span class='ocrx_word' id='word_1_416' title='bbox 313 3923 350 3983; x_wconf 89' lang='lat' dir='ltr'><strong>ut</strong></span> <span class='ocrx_word' id='word_1_417' title='bbox 364 3939 494 3984; x_wconf 91' lang='lat' dir='ltr'><strong>omnem</strong></span> <span class='ocrx_word' id='word_1_418' title='bbox 508 3923 673 4000; x_wconf 88' lang='lat' dir='ltr'><strong>justitiam</strong></span> <span class='ocrx_word' id='word_1_419' title='bbox 690 3924 896 4002; x_wconf 90' lang='lat' dir='ltr'><strong>adimpleret.</strong></span> <span class='ocrx_word' id='word_1_420' title='bbox 914 3927 951 3986; x_wconf 91' lang='lat' dir='ltr'><strong>ln</strong></span> <span class='ocrx_word' id='word_1_421' title='bbox 966 3925 1019 3986; x_wconf 90' lang='lat' dir='ltr'><strong>his</strong></span> <span class='ocrx_word' id='word_1_422' title='bbox 1034 3927 1110 3987; x_wconf 89' lang='lat' dir='ltr'><strong>ten·</strong></span> <span class='ocrx_word' id='word_1_423' title='bbox 1163 3938 1231 3983; x_wconf 91' lang='lat' dir='ltr'><strong>non</strong></span> <span class='ocrx_word' id='word_1_424' title='bbox 1256 3923 1412 3985; x_wconf 81' lang='lat' dir='ltr'><strong>viderunt</strong></span> <span class='ocrx_word' id='word_1_425' title='bbox 1434 3939 1471 3984; x_wconf 91' lang='lat' dir='ltr'><strong>se</strong></span> <span class='ocrx_word' id='word_1_426' title='bbox 1501 3939 1576 3984; x_wconf 90' lang='lat' dir='ltr'><strong>esse</strong></span> <span class='ocrx_word' id='word_1_427' title='bbox 1610 3924 1736 3993; x_wconf 91' lang='lat' dir='ltr'><strong>nudos,</strong></span> <span class='ocrx_word' id='word_1_428' title='bbox 1762 3927 1880 4002; x_wconf 91' lang='lat' dir='ltr'><strong>postea</strong></span> <span class='ocrx_word' id='word_1_429' title='bbox 1902 3942 1963 3986; x_wconf 92' lang='lat' dir='ltr'><strong>co·</strong></span> 
     </span>
     <span class='ocr_line' id='line_1_38' title="bbox 312 4019 1965 4099; baseline 0.001 -18"><span class='ocrx_word' id='word_1_430' title='bbox 312 4020 493 4082; x_wconf 89' lang='lat' dir='ltr'><strong>tationibus</strong></span> <span class='ocrx_word' id='word_1_431' title='bbox 516 4019 667 4081; x_wconf 86' lang='lat' dir='ltr'><strong>diabolus</strong></span> <span class='ocrx_word' id='word_1_432' title='bbox 685 4023 734 4083; x_wconf 90' lang='lat' dir='ltr'><strong>est</strong></span> <span class='ocrx_word' id='word_1_433' title='bbox 755 4023 983 4099; x_wconf 88' lang='lat' dir='ltr'><strong>multipliciter</strong></span> <span class='ocrx_word' id='word_1_434' title='bbox 1001 4023 1108 4085; x_wconf 85' lang='lat' dir='ltr'><strong>victus</strong></span> <span class='ocrx_word' id='word_1_435' title='bbox 1162 4022 1359 4095; x_wconf 82' lang='lat' dir='ltr'><strong>gnoverunt.</strong></span> <span class='ocrx_word' id='word_1_436' title='bbox 1377 4021 1472 4081; x_wconf 90' lang='lat' dir='ltr'><strong>Unde</strong></span> <span class='ocrx_word' id='word_1_437' title='bbox 1487 4021 1687 4096; x_wconf 79' lang='lat' dir='ltr'><strong>Gregorius:</strong></span> <span class='ocrx_word' id='word_1_438' title='bbox 1704 4037 1722 4081; x_wconf 77' lang='lat' dir='ltr'><strong>c</strong></span> <span class='ocrx_word' id='word_1_439' title='bbox 1739 4023 1965 4098; x_wconf 87' lang='lat' dir='ltr'><strong>suggestione</strong></span> 
     </span>
     <span class='ocr_line' id='line_1_39' title="bbox 313 4116 1963 4194; baseline 0.002 -18"><span class='ocrx_word' id='word_1_440' title='bbox 313 4117 391 4194; x_wconf 86' lang='lat' dir='ltr'><strong>quia</strong></span> <span class='ocrx_word' id='word_1_441' title='bbox 407 4117 462 4193; x_wconf 87' lang='lat' dir='ltr'><strong>qui</strong></span> <span class='ocrx_word' id='word_1_442' title='bbox 476 4117 618 4192; x_wconf 91' lang='lat' dir='ltr'><strong>primum</strong></span> <span class='ocrx_word' id='word_1_443' title='bbox 631 4117 808 4191; x_wconf 91' lang='lat' dir='ltr'><strong>bominem,</strong></span> <span class='ocrx_word' id='word_1_444' title='bbox 823 4119 919 4191; x_wconf 89' lang='lat' dir='ltr'><strong>idest,</strong></span> <span class='ocrx_word' id='word_1_445' title='bbox 935 4119 1040 4181; x_wconf 81' lang='lat' dir='ltr'><strong>Adam</strong></span> <span class='ocrx_word' id='word_1_446' title='bbox 1052 4121 1109 4182; x_wconf 88' lang='lat' dir='ltr'><strong>tri-</strong></span> <span class='ocrx_word' id='word_1_447' title='bbox 1163 4118 1405 4192; x_wconf 88' lang='lat' dir='ltr'><strong>cognoscimus,</strong></span> <span class='ocrx_word' id='word_1_448' title='bbox 1431 4116 1651 4180; x_wconf 86' lang='lat' dir='ltr'><strong>delectatione</strong></span> <span class='ocrx_word' id='word_1_449' title='bbox 1674 4119 1854 4192; x_wconf 85' lang='lat' dir='ltr'><strong>vincimur,</strong></span> <span class='ocrx_word' id='word_1_450' title='bbox 1875 4135 1963 4182; x_wconf 90' lang='lat' dir='ltr'><strong>con-</strong></span> 
     </span>
     <span class='ocr_line' id='line_1_40' title="bbox 313 4212 1596 4292; baseline 0.004 -20"><span class='ocrx_word' id='word_1_451' title='bbox 313 4212 374 4272; x_wconf 87' lang='lat' dir='ltr'><strong>bus</strong></span> <span class='ocrx_word' id='word_1_452' title='bbox 392 4212 630 4274; x_wconf 87' lang='lat' dir='ltr'><strong>tentationibus</strong></span> <span class='ocrx_word' id='word_1_453' title='bbox 647 4215 784 4287; x_wconf 82' lang='lat' dir='ltr'><strong>vicerat,</strong></span> <span class='ocrx_word' id='word_1_454' title='bbox 801 4216 836 4276; x_wconf 91' lang='lat' dir='ltr'><strong>in</strong></span> <span class='ocrx_word' id='word_1_455' title='bbox 854 4217 978 4278; x_wconf 89' lang='lat' dir='ltr'><strong>eisdem</strong></span> <span class='ocrx_word' id='word_1_456' title='bbox 994 4219 1108 4279; x_wconf 87' lang='lat' dir='ltr'><strong>tenta·</strong></span> <span class='ocrx_word' id='word_1_457' title='bbox 1163 4229 1263 4275; x_wconf 88' lang='lat' dir='ltr'><strong>sensu</strong></span> <span class='ocrx_word' id='word_1_458' title='bbox 1282 4216 1382 4276; x_wconf 89' lang='lat' dir='ltr'><strong>etiam</strong></span> <span class='ocrx_word' id='word_1_459' title='bbox 1405 4215 1596 4292; x_wconf 80' lang='lat' dir='ltr'><strong>ligamur.»</strong></span> 
     </span>
     <span class='ocr_line' id='line_1_41' title="bbox 312 4308 1963 4392; baseline 0.01 -23"><span class='ocrx_word' id='word_1_460' title='bbox 312 4308 460 4370; x_wconf 87' lang='lat' dir='ltr'><strong>tionibus</strong></span> <span class='ocrx_word' id='word_1_461' title='bbox 473 4325 494 4369; x_wconf 89' lang='lat' dir='ltr'><strong>a</strong></span> <span class='ocrx_word' id='word_1_462' title='bbox 509 4311 653 4371; x_wconf 89' lang='lat' dir='ltr'><strong>secundo</strong></span> <span class='ocrx_word' id='word_1_463' title='bbox 666 4311 811 4384; x_wconf 91' lang='lat' dir='ltr'><strong>homine,</strong></span> <span class='ocrx_word' id='word_1_464' title='bbox 827 4313 925 4382; x_wconf 89' lang='lat' dir='ltr'><strong>idest,</strong></span> <span class='ocrx_word' id='word_1_465' title='bbox 941 4329 960 4375; x_wconf 90' lang='lat' dir='ltr'><strong>a</strong></span> <span class='ocrx_word' id='word_1_466' title='bbox 976 4315 1106 4378; x_wconf 88' lang='lat' dir='ltr'><strong>Christo</strong></span> <span class='ocrx_word' id='word_1_467' title='bbox 1202 4313 1241 4372; x_wconf 85' lang='lat' dir='ltr'><strong>Et</strong></span> <span class='ocrx_word' id='word_1_468' title='bbox 1259 4314 1338 4373; x_wconf 88' lang='lat' dir='ltr'><strong>nota</strong></span> <span class='ocrx_word' id='word_1_469' title='bbox 1358 4313 1444 4390; x_wconf 88' lang='lat' dir='ltr'><strong>quod</strong></span> <span class='ocrx_word' id='word_1_470' title='bbox 1464 4313 1623 4392; x_wconf 86' lang='lat' dir='ltr'><strong>quidquid</strong></span> <span class='ocrx_word' id='word_1_471' title='bbox 1648 4313 1682 4375; x_wconf 92' lang='lat' dir='ltr'><strong>in</strong></span> <span class='ocrx_word' id='word_1_472' title='bbox 1697 4313 1821 4375; x_wconf 80' lang='lat' dir='ltr'><strong>mundo</strong></span> <span class='ocrx_word' id='word_1_473' title='bbox 1837 4315 1903 4386; x_wconf 71' lang='lat' dir='ltr'><strong>esi,</strong></span> <span class='ocrx_word' id='word_1_474' title='bbox 1929 4317 1963 4377; x_wconf 75' lang='lat' dir='ltr'><strong>ui</strong></span> 
     </span>
     <span class='ocr_line' id='line_1_42' title="bbox 313 4407 1963 4488; baseline 0.003 -20"><span class='ocrx_word' id='word_1_475' title='bbox 313 4408 365 4468; x_wconf 90' lang='grc' dir='ltr'><strong>θεῖ</strong></span> <span class='ocrx_word' id='word_1_476' title='bbox 378 4407 564 4484; x_wconf 88' lang='lat' dir='ltr'><strong>superatus,</strong></span> <span class='ocrx_word' id='word_1_477' title='bbox 582 4409 659 4486; x_wconf 88' lang='lat' dir='ltr'><strong>quia</strong></span> <span class='ocrx_word' id='word_1_478' title='bbox 679 4424 747 4469; x_wconf 89' lang='lat' dir='ltr'><strong>nou</strong></span> <span class='ocrx_word' id='word_1_479' title='bbox 766 4410 872 4486; x_wconf 88' lang='lat' dir='ltr'><strong>potuit</strong></span> <span class='ocrx_word' id='word_1_480' title='bbox 891 4411 939 4473; x_wconf 90' lang='lat' dir='ltr'><strong>sio</strong></span> <span class='ocrx_word' id='word_1_481' title='bbox 956 4413 997 4474; x_wconf 84' lang='lat' dir='ltr'><strong>do</strong></span> <span class='ocrx_word' id='word_1_482' title='bbox 1021 4430 1107 4476; x_wconf 85' lang='lat' dir='ltr'><strong>novo</strong></span> <span class='ocrx_word' id='word_1_483' title='bbox 1161 4411 1307 4470; x_wconf 81' lang='lat' dir='ltr'><strong>ioannes</strong></span> <span class='ocrx_word' id='word_1_484' title='bbox 1333 4411 1391 4479; x_wconf 88' lang='lat' dir='ltr'><strong>ait,</strong></span> <span class='ocrx_word' id='word_1_485' title='bbox 1413 4412 1680 4488; x_wconf 88' lang='lat' dir='ltr'><strong>concupiscentia</strong></span> <span class='ocrx_word' id='word_1_486' title='bbox 1701 4412 1814 4472; x_wconf 90' lang='lat' dir='ltr'><strong>carnis</strong></span> <span class='ocrx_word' id='word_1_487' title='bbox 1836 4414 1901 4483; x_wconf 89' lang='lat' dir='ltr'><strong>est,</strong></span> <span class='ocrx_word' id='word_1_488' title='bbox 1931 4413 1963 4473; x_wconf 91' lang='lat' dir='ltr'><strong>et</strong></span> 
     </span>
     <span class='ocr_line' id='line_1_43' title="bbox 312 4505 1960 4588; baseline 0.002 -22"><span class='ocrx_word' id='word_1_489' title='bbox 312 4506 377 4567; x_wconf 88' lang='lat' dir='ltr'><strong>isto</strong></span> <span class='ocrx_word' id='word_1_490' title='bbox 404 4505 548 4580; x_wconf 91' lang='lat' dir='ltr'><strong>bomine,</strong></span> <span class='ocrx_word' id='word_1_491' title='bbox 571 4507 657 4568; x_wconf 90' lang='lat' dir='ltr'><strong>sicut</strong></span> <span class='ocrx_word' id='word_1_492' title='bbox 680 4507 720 4568; x_wconf 95' lang='lat' dir='ltr'><strong>de</strong></span> <span class='ocrx_word' id='word_1_493' title='bbox 748 4506 852 4569; x_wconf 87' lang='lat' dir='ltr'><strong>veteri</strong></span> <span class='ocrx_word' id='word_1_494' title='bbox 878 4509 1104 4588; x_wconf 71' lang='lat' dir='ltr'><strong>triumphare:</strong></span> <span class='ocrx_word' id='word_1_495' title='bbox 1162 4506 1429 4583; x_wconf 89' lang='lat' dir='ltr'><strong>concupiscentia</strong></span> <span class='ocrx_word' id='word_1_496' title='bbox 1445 4509 1627 4582; x_wconf 89' lang='lat' dir='ltr'><strong>oculorum,</strong></span> <span class='ocrx_word' id='word_1_497' title='bbox 1649 4509 1682 4572; x_wconf 90' lang='lat' dir='ltr'><strong>et</strong></span> <span class='ocrx_word' id='word_1_498' title='bbox 1701 4508 1960 4586; x_wconf 76' lang='lat' dir='ltr'><strong>superbiaritae,</strong></span> 
     </span>
     <span class='ocr_line' id='line_1_44' title="bbox 313 4603 1960 4685; baseline 0.002 -21"><span class='ocrx_word' id='word_1_499' title='bbox 313 4604 390 4682; x_wconf 86' lang='lat' dir='ltr'><strong>quia</strong></span> <span class='ocrx_word' id='word_1_500' title='bbox 401 4605 527 4681; x_wconf 91' lang='lat' dir='ltr'><strong>primus</strong></span> <span class='ocrx_word' id='word_1_501' title='bbox 543 4605 640 4666; x_wconf 90' lang='lat' dir='ltr'><strong>bomo</strong></span> <span class='ocrx_word' id='word_1_502' title='bbox 652 4605 692 4665; x_wconf 92' lang='lat' dir='ltr'><strong>de</strong></span> <span class='ocrx_word' id='word_1_503' title='bbox 706 4606 796 4666; x_wconf 90' lang='lat' dir='ltr'><strong>terra</strong></span> <span class='ocrx_word' id='word_1_504' title='bbox 814 4607 977 4680; x_wconf 85' lang='lat' dir='ltr'><strong>terrenus,</strong></span> <span class='ocrx_word' id='word_1_505' title='bbox 993 4623 1108 4670; x_wconf 89' lang='lat' dir='ltr'><strong>secun·</strong></span> <span class='ocrx_word' id='word_1_506' title='bbox 1161 4605 1304 4680; x_wconf 86' lang='lat' dir='ltr'><strong>pertinet</strong></span> <span class='ocrx_word' id='word_1_507' title='bbox 1317 4603 1358 4667; x_wconf 88' lang='lat' dir='ltr'><strong>ad</strong></span> <span class='ocrx_word' id='word_1_508' title='bbox 1374 4606 1570 4684; x_wconf 78' lang='lat' dir='ltr'><strong>voluptates.</strong></span> <span class='ocrx_word' id='word_1_509' title='bbox 1585 4607 1861 4685; x_wconf 86' lang='lat' dir='ltr'><strong>Concupiscentia</strong></span> <span class='ocrx_word' id='word_1_510' title='bbox 1879 4623 1960 4669; x_wconf 90' lang='lat' dir='ltr'><strong>car-</strong></span> 
     </span>
     <span class='ocr_line' id='line_1_45' title="bbox 312 4701 1962 4782; baseline 0.009 -20"><span class='ocrx_word' id='word_1_511' title='bbox 312 4701 374 4763; x_wconf 90' lang='lat' dir='ltr'><strong>dus</strong></span> <span class='ocrx_word' id='word_1_512' title='bbox 390 4703 488 4765; x_wconf 91' lang='lat' dir='ltr'><strong>bomo</strong></span> <span class='ocrx_word' id='word_1_513' title='bbox 502 4702 543 4763; x_wconf 91' lang='lat' dir='ltr'><strong>de</strong></span> <span class='ocrx_word' id='word_1_514' title='bbox 558 4702 641 4764; x_wconf 89' lang='lat' dir='ltr'><strong>coelo</strong></span> <span class='ocrx_word' id='word_1_515' title='bbox 657 4702 813 4776; x_wconf 72' lang='lat' dir='ltr'><strong>coelestis,</strong></span> <span class='ocrx_word' id='word_1_516' title='bbox 839 4705 871 4766; x_wconf 89' lang='lat' dir='ltr'><strong>et</strong></span> <span class='ocrx_word' id='word_1_517' title='bbox 890 4705 945 4782; x_wconf 90' lang='lat' dir='ltr'><strong>qui</strong></span> <span class='ocrx_word' id='word_1_518' title='bbox 965 4706 1005 4768; x_wconf 88' lang='lat' dir='ltr'><strong>de</strong></span> <span class='ocrx_word' id='word_1_519' title='bbox 1022 4708 1106 4769; x_wconf 88' lang='lat' dir='ltr'><strong>coelo</strong></span> <span class='ocrx_word' id='word_1_520' title='bbox 1161 4701 1224 4774; x_wconf 81' lang='lat' dir='ltr'><strong>nis,</strong></span> <span class='ocrx_word' id='word_1_521' title='bbox 1244 4704 1515 4781; x_wconf 89' lang='lat' dir='ltr'><strong>concupiscentia</strong></span> <span class='ocrx_word' id='word_1_522' title='bbox 1535 4705 1707 4766; x_wconf 90' lang='lat' dir='ltr'><strong>oculorum</strong></span> <span class='ocrx_word' id='word_1_523' title='bbox 1726 4703 1768 4765; x_wconf 89' lang='lat' dir='ltr'><strong>ad</strong></span> <span class='ocrx_word' id='word_1_524' title='bbox 1789 4721 1882 4781; x_wconf 76' lang='lat' dir='ltr'><strong>opes,</strong></span> <span class='ocrx_word' id='word_1_525' title='bbox 1903 4723 1962 4766; x_wconf 89' lang='lat' dir='ltr'><strong>su-</strong></span> 
     </span>
     <span class='ocr_line' id='line_1_46' title="bbox 310 4799 1963 4883; baseline 0.001 -21"><span class='ocrx_word' id='word_1_526' title='bbox 310 4801 402 4863; x_wconf 78' lang='lat' dir='ltr'><strong>venit</strong></span> <span class='ocrx_word' id='word_1_527' title='bbox 425 4816 525 4878; x_wconf 88' lang='lat' dir='ltr'><strong>super</strong></span> <span class='ocrx_word' id='word_1_528' title='bbox 539 4817 652 4864; x_wconf 89' lang='lat' dir='ltr'><strong>omnes</strong></span> <span class='ocrx_word' id='word_1_529' title='bbox 667 4801 728 4863; x_wconf 89' lang='lat' dir='ltr'><strong>est.</strong></span> <span class='ocrx_word' id='word_1_530' title='bbox 753 4803 888 4863; x_wconf 81' lang='lat' dir='ltr'><strong>&#39;lentari</strong></span> <span class='ocrx_word' id='word_1_531' title='bbox 905 4804 1011 4880; x_wconf 88' lang='lat' dir='ltr'><strong>potuit</strong></span> <span class='ocrx_word' id='word_1_532' title='bbox 1028 4806 1106 4883; x_wconf 85' lang='lat' dir='ltr'><strong>quia</strong></span> <span class='ocrx_word' id='word_1_533' title='bbox 1160 4799 1275 4878; x_wconf 87' lang='lat' dir='ltr'><strong>perbia</strong></span> <span class='ocrx_word' id='word_1_534' title='bbox 1292 4802 1369 4864; x_wconf 84' lang='lat' dir='ltr'><strong>vitae</strong></span> <span class='ocrx_word' id='word_1_535' title='bbox 1389 4803 1532 4879; x_wconf 89' lang='lat' dir='ltr'><strong>pertinet</strong></span> <span class='ocrx_word' id='word_1_536' title='bbox 1550 4802 1591 4863; x_wconf 94' lang='lat' dir='ltr'><strong>ad</strong></span> <span class='ocrx_word' id='word_1_537' title='bbox 1615 4803 1770 4864; x_wconf 88' lang='lat' dir='ltr'><strong>honores.</strong></span> <span class='ocrx_word' id='word_1_538' title='bbox 1788 4806 1825 4864; x_wconf 94' lang='lat' dir='ltr'><strong>ln</strong></span> <span class='ocrx_word' id='word_1_539' title='bbox 1840 4803 1963 4880; x_wconf 81' lang='lat' dir='ltr'><strong>volup-</strong></span> 
     </span>
     <span class='ocr_line' id='line_1_47' title="bbox 310 4899 1961 4979; baseline 0.001 -18"><span class='ocrx_word' id='word_1_540' title='bbox 310 4899 426 4972; x_wconf 81' lang='lat' dir='ltr'><strong>voluit,</strong></span> <span class='ocrx_word' id='word_1_541' title='bbox 442 4899 498 4960; x_wconf 89' lang='lat' dir='ltr'><strong>sed</strong></span> <span class='ocrx_word' id='word_1_542' title='bbox 515 4899 666 4976; x_wconf 88' lang='lat' dir='ltr'><strong>superari</strong></span> <span class='ocrx_word' id='word_1_543' title='bbox 686 4915 753 4960; x_wconf 88' lang='lat' dir='ltr'><strong>non</strong></span> <span class='ocrx_word' id='word_1_544' title='bbox 771 4900 889 4978; x_wconf 90' lang='lat' dir='ltr'><strong>potuit,</strong></span> <span class='ocrx_word' id='word_1_545' title='bbox 906 4902 984 4979; x_wconf 86' lang='lat' dir='ltr'><strong>quia</strong></span> <span class='ocrx_word' id='word_1_546' title='bbox 999 4903 1107 4966; x_wconf 89' lang='lat' dir='ltr'><strong>noluit</strong></span> <span class='ocrx_word' id='word_1_547' title='bbox 1160 4899 1283 4961; x_wconf 89' lang='lat' dir='ltr'><strong>tatibus</strong></span> <span class='ocrx_word' id='word_1_548' title='bbox 1304 4901 1409 4963; x_wconf 90' lang='lat' dir='ltr'><strong>tentat</strong></span> <span class='ocrx_word' id='word_1_549' title='bbox 1435 4915 1494 4978; x_wconf 90' lang='lat' dir='ltr'><strong>per</strong></span> <span class='ocrx_word' id='word_1_550' title='bbox 1518 4902 1629 4977; x_wconf 89' lang='lat' dir='ltr'><strong>gulam</strong></span> <span class='ocrx_word' id='word_1_551' title='bbox 1658 4902 1692 4963; x_wconf 90' lang='lat' dir='ltr'><strong>et</strong></span> <span class='ocrx_word' id='word_1_552' title='bbox 1714 4900 1897 4962; x_wconf 84' lang='lat' dir='ltr'><strong>luxuriam.</strong></span> <span class='ocrx_word' id='word_1_553' title='bbox 1925 4904 1961 4963; x_wconf 91' lang='lat' dir='ltr'><strong>in</strong></span> 
     </span>
     <span class='ocr_line' id='line_1_48' title="bbox 311 4996 1958 5075; baseline 0.002 -19"><span class='ocrx_word' id='word_1_554' title='bbox 311 4996 525 5058; x_wconf 87' lang='lat' dir='ltr'><strong>succumbere</strong></span> <span class='ocrx_word' id='word_1_555' title='bbox 537 4996 705 5058; x_wconf 90' lang='lat' dir='ltr'><strong>tentatori.</strong></span> <span class='ocrx_word' id='word_1_556' title='bbox 1161 4997 1278 5073; x_wconf 88' lang='lat' dir='ltr'><strong>opibus</strong></span> <span class='ocrx_word' id='word_1_557' title='bbox 1290 4997 1395 5060; x_wconf 87' lang='lat' dir='ltr'><strong>tentat</strong></span> <span class='ocrx_word' id='word_1_558' title='bbox 1409 5013 1468 5075; x_wconf 89' lang='lat' dir='ltr'><strong>per</strong></span> <span class='ocrx_word' id='word_1_559' title='bbox 1481 4998 1694 5075; x_wconf 88' lang='lat' dir='ltr'><strong>cupiditatem</strong></span> <span class='ocrx_word' id='word_1_560' title='bbox 1714 5000 1747 5060; x_wconf 90' lang='lat' dir='ltr'><strong>et</strong></span> <span class='ocrx_word' id='word_1_561' title='bbox 1766 4999 1958 5060; x_wconf 76' lang='lat' dir='ltr'><strong>avaritiam.</strong></span> 
     </span>
     <span class='ocr_line' id='line_1_49' title="bbox 350 5094 1962 5174; baseline 0.002 -19"><span class='ocrx_word' id='word_1_562' title='bbox 350 5097 421 5155; x_wconf 87' lang='lat' dir='ltr'><strong>Duo</strong></span> <span class='ocrx_word' id='word_1_563' title='bbox 435 5095 512 5154; x_wconf 90' lang='lat' dir='ltr'><strong>sunt</strong></span> <span class='ocrx_word' id='word_1_564' title='bbox 526 5109 650 5170; x_wconf 88' lang='lat' dir='ltr'><strong>genera</strong></span> <span class='ocrx_word' id='word_1_565' title='bbox 662 5094 901 5158; x_wconf 87' lang='lat' dir='ltr'><strong>tentationum:</strong></span> <span class='ocrx_word' id='word_1_566' title='bbox 919 5113 1021 5159; x_wconf 92' lang='lat' dir='ltr'><strong>unum</strong></span> <span class='ocrx_word' id='word_1_567' title='bbox 1042 5114 1106 5159; x_wconf 78' lang='lat' dir='ltr'><strong>ex·-</strong></span> <span class='ocrx_word' id='word_1_568' title='bbox 1161 5097 1197 5154; x_wconf 90' lang='lat' dir='ltr'><strong>ln</strong></span> <span class='ocrx_word' id='word_1_569' title='bbox 1218 5095 1399 5156; x_wconf 90' lang='lat' dir='ltr'><strong>honoribus</strong></span> <span class='ocrx_word' id='word_1_570' title='bbox 1416 5096 1522 5157; x_wconf 89' lang='lat' dir='ltr'><strong>tentat</strong></span> <span class='ocrx_word' id='word_1_571' title='bbox 1542 5112 1602 5173; x_wconf 93' lang='lat' dir='ltr'><strong>per</strong></span> <span class='ocrx_word' id='word_1_572' title='bbox 1623 5096 1814 5174; x_wconf 88' lang='lat' dir='ltr'><strong>superbiam</strong></span> <span class='ocrx_word' id='word_1_573' title='bbox 1833 5098 1868 5159; x_wconf 90' lang='lat' dir='ltr'><strong>et</strong></span> <span class='ocrx_word' id='word_1_574' title='bbox 1884 5100 1962 5174; x_wconf 85' lang='lat' dir='ltr'><strong>jao-</strong></span> 
     </span>
     <span class='ocr_line' id='line_1_50' title="bbox 308 5190 1961 5272; baseline 0.002 -19"><span class='ocrx_word' id='word_1_575' title='bbox 308 5190 425 5264; x_wconf 88' lang='lat' dir='ltr'><strong>terius,</strong></span> <span class='ocrx_word' id='word_1_576' title='bbox 438 5193 470 5253; x_wconf 92' lang='lat' dir='ltr'><strong>et</strong></span> <span class='ocrx_word' id='word_1_577' title='bbox 479 5192 617 5252; x_wconf 88' lang='lat' dir='ltr'><strong>alterum</strong></span> <span class='ocrx_word' id='word_1_578' title='bbox 634 5191 785 5252; x_wconf 89' lang='lat' dir='ltr'><strong>interius.</strong></span> <span class='ocrx_word' id='word_1_579' title='bbox 800 5194 956 5255; x_wconf 83' lang='lat' dir='ltr'><strong>Exterior</strong></span> <span class='ocrx_word' id='word_1_580' title='bbox 966 5196 1105 5257; x_wconf 88' lang='lat' dir='ltr'><strong>tentatio</strong></span> <span class='ocrx_word' id='word_1_581' title='bbox 1160 5191 1309 5252; x_wconf 88' lang='lat' dir='ltr'><strong>tantiam.</strong></span> <span class='ocrx_word' id='word_1_582' title='bbox 1321 5193 1467 5253; x_wconf 92' lang='lat' dir='ltr'><strong>Primum</strong></span> <span class='ocrx_word' id='word_1_583' title='bbox 1480 5209 1623 5272; x_wconf 87' lang='lat' dir='ltr'><strong>namque</strong></span> <span class='ocrx_word' id='word_1_584' title='bbox 1636 5194 1805 5256; x_wconf 89' lang='lat' dir='ltr'><strong>hominem</strong></span> <span class='ocrx_word' id='word_1_585' title='bbox 1818 5196 1961 5258; x_wconf 85' lang='lat' dir='ltr'><strong>tentavit</strong></span> 
     </span>
     <span class='ocr_line' id='line_1_51' title="bbox 309 5287 1959 5369; baseline 0.004 -21"><span class='ocrx_word' id='word_1_586' title='bbox 309 5288 359 5349; x_wconf 88' lang='lat' dir='ltr'><strong>est</strong></span> <span class='ocrx_word' id='word_1_587' title='bbox 377 5287 508 5364; x_wconf 88' lang='lat' dir='ltr'><strong>quando</strong></span> <span class='ocrx_word' id='word_1_588' title='bbox 524 5287 620 5348; x_wconf 91' lang='lat' dir='ltr'><strong>nobis</strong></span> <span class='ocrx_word' id='word_1_589' title='bbox 640 5287 865 5350; x_wconf 80' lang='lat' dir='ltr'><strong>extrinsecum</strong></span> <span class='ocrx_word' id='word_1_590' title='bbox 884 5291 1007 5350; x_wconf 90' lang='lat' dir='ltr'><strong>malum</strong></span> <span class='ocrx_word' id='word_1_591' title='bbox 1034 5291 1105 5354; x_wconf 89' lang='lat' dir='ltr'><strong>sive</strong></span> <span class='ocrx_word' id='word_1_592' title='bbox 1159 5289 1255 5365; x_wconf 91' lang='lat' dir='ltr'><strong>gula;</strong></span> <span class='ocrx_word' id='word_1_593' title='bbox 1269 5291 1400 5367; x_wconf 85' lang='lat' dir='ltr'><strong>quando</strong></span> <span class='ocrx_word' id='word_1_594' title='bbox 1412 5293 1580 5368; x_wconf 88' lang='lat' dir='ltr'><strong>persuasit</strong></span> <span class='ocrx_word' id='word_1_595' title='bbox 1594 5293 1624 5354; x_wconf 91' lang='lat' dir='ltr'><strong>ei</strong></span> <span class='ocrx_word' id='word_1_596' title='bbox 1638 5293 1811 5356; x_wconf 88' lang='lat' dir='ltr'><strong>comedere</strong></span> <span class='ocrx_word' id='word_1_597' title='bbox 1825 5309 1959 5369; x_wconf 91' lang='lat' dir='ltr'><strong>pomum</strong></span> 
     </span>
     <span class='ocr_line' id='line_1_52' title="bbox 307 5383 1957 5467; baseline 0.003 -21"><span class='ocrx_word' id='word_1_598' title='bbox 307 5383 495 5456; x_wconf 79' lang='lat' dir='ltr'><strong>visibiliter,</strong></span> <span class='ocrx_word' id='word_1_599' title='bbox 509 5383 578 5446; x_wconf 85' lang='lat' dir='ltr'><strong>sive</strong></span> <span class='ocrx_word' id='word_1_600' title='bbox 593 5384 808 5447; x_wconf 88' lang='lat' dir='ltr'><strong>invisibiliter</strong></span> <span class='ocrx_word' id='word_1_601' title='bbox 821 5384 1010 5448; x_wconf 88' lang='lat' dir='ltr'><strong>iaciendum</strong></span> <span class='ocrx_word' id='word_1_602' title='bbox 1025 5403 1105 5465; x_wconf 88' lang='lat' dir='ltr'><strong>sug·</strong></span> <span class='ocrx_word' id='word_1_603' title='bbox 1159 5387 1308 5450; x_wconf 81' lang='lat' dir='ltr'><strong>uetitum.</strong></span> <span class='ocrx_word' id='word_1_604' title='bbox 1320 5389 1473 5450; x_wconf 84' lang='lat' dir='ltr'><strong>Tentavit</strong></span> <span class='ocrx_word' id='word_1_605' title='bbox 1488 5390 1644 5467; x_wconf 87' lang='lat' dir='ltr'><strong>superbia</strong></span> <span class='ocrx_word' id='word_1_606' title='bbox 1659 5390 1711 5452; x_wconf 80' lang='lat' dir='ltr'><strong>vel</strong></span> <span class='ocrx_word' id='word_1_607' title='bbox 1728 5406 1814 5452; x_wconf 85' lang='lat' dir='ltr'><strong>vana</strong></span> <span class='ocrx_word' id='word_1_608' title='bbox 1836 5391 1957 5466; x_wconf 89' lang='lat' dir='ltr'><strong>gloria,</strong></span> 
     </span>
     <span class='ocr_line' id='line_1_53' title="bbox 308 5481 1959 5562; baseline 0.005 -20"><span class='ocrx_word' id='word_1_609' title='bbox 308 5481 446 5556; x_wconf 91' lang='lat' dir='ltr'><strong>geritur.</strong></span> <span class='ocrx_word' id='word_1_610' title='bbox 481 5483 623 5544; x_wconf 88' lang='lat' dir='ltr'><strong>Interior</strong></span> <span class='ocrx_word' id='word_1_611' title='bbox 654 5484 794 5546; x_wconf 91' lang='lat' dir='ltr'><strong>tentatio</strong></span> <span class='ocrx_word' id='word_1_612' title='bbox 827 5484 877 5546; x_wconf 92' lang='lat' dir='ltr'><strong>est</strong></span> <span class='ocrx_word' id='word_1_613' title='bbox 903 5485 1033 5561; x_wconf 91' lang='lat' dir='ltr'><strong>quando</strong></span> <span class='ocrx_word' id='word_1_614' title='bbox 1062 5502 1104 5547; x_wconf 85' lang='lat' dir='ltr'><strong>ex</strong></span> <span class='ocrx_word' id='word_1_615' title='bbox 1159 5485 1290 5562; x_wconf 89' lang='lat' dir='ltr'><strong>quando</strong></span> <span class='ocrx_word' id='word_1_616' title='bbox 1307 5486 1407 5547; x_wconf 82' lang='lat' dir='ltr'><strong>dixit:</strong></span> <span class='ocrx_word' id='word_1_617' title='bbox 1429 5489 1542 5549; x_wconf 79' lang='lat' dir='ltr'><strong>Eritis</strong></span> <span class='ocrx_word' id='word_1_618' title='bbox 1560 5489 1650 5549; x_wconf 79' lang='lat' dir='ltr'><strong>sicut</strong></span> <span class='ocrx_word' id='word_1_619' title='bbox 1672 5491 1732 5560; x_wconf 82' lang='lat' dir='ltr'><strong>ciii,</strong></span> <span class='ocrx_word' id='word_1_620' title='bbox 1753 5487 1850 5560; x_wconf 88' lang='lat' dir='ltr'><strong>idest,</strong></span> <span class='ocrx_word' id='word_1_621' title='bbox 1873 5489 1959 5550; x_wconf 90' lang='lat' dir='ltr'><strong>sicut</strong></span> 
     </span>
     <span class='ocr_line' id='line_1_54' title="bbox 308 5579 1955 5659; baseline 0.005 -21"><span class='ocrx_word' id='word_1_622' title='bbox 308 5579 399 5639; x_wconf 89' lang='lat' dir='ltr'><strong>motu</strong></span> <span class='ocrx_word' id='word_1_623' title='bbox 418 5595 530 5656; x_wconf 83' lang='lat' dir='ltr'><strong>pravae</strong></span> <span class='ocrx_word' id='word_1_624' title='bbox 551 5579 781 5644; x_wconf 89' lang='lat' dir='ltr'><strong>delectationis</strong></span> <span class='ocrx_word' id='word_1_625' title='bbox 800 5582 951 5644; x_wconf 88' lang='lat' dir='ltr'><strong>internus</strong></span> <span class='ocrx_word' id='word_1_626' title='bbox 972 5584 1103 5646; x_wconf 90' lang='lat' dir='ltr'><strong>animus</strong></span> <span class='ocrx_word' id='word_1_627' title='bbox 1158 5583 1280 5644; x_wconf 89' lang='lat' dir='ltr'><strong>divinae</strong></span> <span class='ocrx_word' id='word_1_628' title='bbox 1302 5598 1464 5659; x_wconf 82' lang='lat' dir='ltr'><strong>personae,</strong></span> <span class='ocrx_word' id='word_1_629' title='bbox 1483 5586 1648 5658; x_wconf 87' lang='lat' dir='ltr'><strong>videlicet,</strong></span> <span class='ocrx_word' id='word_1_630' title='bbox 1666 5587 1766 5647; x_wconf 89' lang='lat' dir='ltr'><strong>Pater</strong></span> <span class='ocrx_word' id='word_1_631' title='bbox 1785 5587 1819 5648; x_wconf 91' lang='lat' dir='ltr'><strong>et</strong></span> <span class='ocrx_word' id='word_1_632' title='bbox 1838 5587 1955 5658; x_wconf 83' lang='lat' dir='ltr'><strong>Filius,</strong></span> 
     </span>
     <span class='ocr_line' id='line_1_55' title="bbox 310 5675 1956 5762; baseline 0.005 -26"><span class='ocrx_word' id='word_1_633' title='bbox 310 5675 351 5736; x_wconf 87' lang='lat' dir='ltr'><strong>ad</strong></span> <span class='ocrx_word' id='word_1_634' title='bbox 364 5677 568 5753; x_wconf 89' lang='lat' dir='ltr'><strong>peccandum</strong></span> <span class='ocrx_word' id='word_1_635' title='bbox 584 5679 794 5743; x_wconf 84' lang='lat' dir='ltr'><strong>sollicitatur.</strong></span> <span class='ocrx_word' id='word_1_636' title='bbox 811 5683 889 5742; x_wconf 82' lang='lat' dir='ltr'><strong>llaec</strong></span> <span class='ocrx_word' id='word_1_637' title='bbox 904 5681 1015 5743; x_wconf 91' lang='lat' dir='ltr'><strong>autem</strong></span> <span class='ocrx_word' id='word_1_638' title='bbox 1029 5684 1104 5745; x_wconf 87' lang='lat' dir='ltr'><strong>ten·</strong></span> <span class='ocrx_word' id='word_1_639' title='bbox 1158 5685 1190 5742; x_wconf 91' lang='lat' dir='ltr'><strong>et</strong></span> <span class='ocrx_word' id='word_1_640' title='bbox 1204 5681 1347 5759; x_wconf 86' lang='lat' dir='ltr'><strong>Spiritus</strong></span> <span class='ocrx_word' id='word_1_641' title='bbox 1364 5683 1515 5746; x_wconf 87' lang='lat' dir='ltr'><strong>Sanctus.</strong></span> <span class='ocrx_word' id='word_1_642' title='bbox 1537 5685 1690 5747; x_wconf 87' lang='lat' dir='ltr'><strong>Tentavit</strong></span> <span class='ocrx_word' id='word_1_643' title='bbox 1703 5683 1885 5762; x_wconf 90' lang='lat' dir='ltr'><strong>cupiditate</strong></span> <span class='ocrx_word' id='word_1_644' title='bbox 1906 5685 1956 5746; x_wconf 76' lang='lat' dir='ltr'><strong>vel</strong></span> 
     </span>
    </p>
   </div>
   <div class='ocr_carea' id='block_1_5' title="bbox 0 0 2042 6420">
    <p class='ocr_par' dir='ltr' id='par_1_5' title="bbox 0 0 2042 6420">
     <span class='ocr_line' id='line_1_56' title="bbox 0 0 2042 6420; baseline 0 1"><span class='ocrx_word' id='word_1_645' title='bbox 0 0 2042 6420; x_wconf 95' lang='lat' dir='ltr'><strong> </strong></span> 
     </span>
    </p>
   </div>
  </div>
 </body>
</html>
