4106 6422
743 699 998 868 ORDO
1036 697 1518 870 nunnitus

496 1189 882 1282 PROLEGOMENA
917 1193 976 1280 IN
1017 1193 1162 1282 HUNG
1200 1187 1424 1282 HONORII
1461 1183 1530 1276 III
1566 1186 1772 1276 LIBRUM

716 1531 785 1614 [ux
805 1533 1022 1598 mammon
1043 1505 1558 1612 MtlsEUMITAL.'rOME11.]

1007 1820 1269 1838 mun-—

415 2159 445 2218 Ι.
468 2159 530 2217 ΒΕ
549 2157 702 2218 LIBRIS
721 2154 998 2218 RITUALIBUS.
1182 2157 1231 2218 11.
1246 2157 1481 2219 EXCERPTA
1505 2157 1570 2220 EX
1587 2159 1797 2221 EJUSDEM
1806 2161 1957 2224 ΜΑΒΙ-

624 2297 626 2304 .
1162 2256 1313 2316 LIONIS
1340 2257 1665 2318 COMMENTARIO
1695 2259 1880 2320 PRAEVIO
1916 2258 1976 2319 ΙΝ

312 2345 394 2421 [linc
409 2348 543 2422 praelatus
571 2358 616 2406 est
641 2347 776 2407 llahillon
800 2348 830 2404 in
849 2347 939 2404 altero
962 2345 1108 2405 volumino
1329 2354 1541 2414 ORDINEM
1562 2355 1799 2415 ROMANUM,

609 2441 837 2518 Mwilialiciz]

238 2579 247 2586 ·
349 2587 367 2629 c
389 2566 499 2630 Habes
516 2565 658 2629 alterum
674 2569 788 2631 littaei
805 2569 919 2634 Italici
938 2570 1105 2643 volumen,

308 2681 327 2725 c<
349 2665 384 2724 in
399 2680 463 2741 quo
475 2663 686 2728 continentur
696 2668 839 2741 Antiqui
850 2669 945 2728 Libri
952 2669 1108 2730 Ritualas
1203 2665 1309 2736 Quum
1319 2665 1468 2724 Romana
1480 2662 1630 2724 Ecclesia
1645 2661 1799 2734 aliarum,
1816 2661 1971 2724 maxime

309 2765 382 2824 «s.
410 2763 450 2822 R.
477 2763 517 2823 Ε.
551 2763 608 2840 qui
633 2767 771 2827 Ordirns
801 2767 949 2826 Romam
973 2763 1108 2827 nomine
1162 2759 1355 2832 occidentis,
1370 2760 1595 2822 Ecclesiarum
1609 2775 1726 2822 norma
1740 2758 1784 2820 sit
1798 2759 1831 2820 et
1842 2774 1968 2820 exem-

309 2875 327 2918 n
349 2859 583 2935 comprehendi
596 2862 713 2922 solent.
727 2861 802 2923 Non
818 2861 962 2934 un0,sed
975 2861 1107 2923 diverso
1163 2857 1252 2934 plar;
1265 2874 1332 2919 non
1344 2873 1462 2935 parum
1478 2857 1618 2920 interest
1634 2858 1684 2920 rei
1702 2855 1842 2935 publicar
1862 2856 1970 2918 Chri-

309 2973 326 3014 «
347 2957 495 3033 tempore
509 2957 623 3033 scripti
638 2959 732 3030 sunt,·
743 2957 893 3036 plerique
905 2956 994 3018 haud
1009 2959 1108 3019 antea
1162 2955 1290 3027 alianae,
1306 2957 1341 3016 ut
1354 2955 1443 3016 sacri
1458 2955 1553 3028 ritus,
1567 2955 1688 3032 quihus
1705 2953 1747 3016 ab
1766 2953 1862 3016 lnltio
1877 2953 1965 3014 sun-

309 3052 655 3131 «vulgatizetsiqui
669 3057 739 3133 jam
757 3053 849 3126 editi,
869 3053 909 3115 ob
927 3070 1030 3116 novas
1048 3071 1108 3116 ac·
1163 3052 1248 3113 datae
1271 3049 1443 3127 religionis
1478 3053 1581 3113 Deum
1619 3053 1685 3129 opt.
1729 3067 1817 3114 max.
1847 3051 1966 3121 coluit,

309 3167 327 3210 <r
349 3151 517 3212 cessiones
530 3151 563 3212 et
574 3151 670 3212 notas
686 3151 742 3212 hic
756 3149 931 3228 quamdam
951 3151 1108 3213 nouitatis
1163 3147 1315 3210 omnibus
1339 3147 1463 3224 cogniti
1499 3164 1540 3210 ac
1562 3149 1727 3227 perspecti
1764 3149 1966 3210 habeantur.

309 3265 327 3308 c
349 3247 490 3324 gratiam
506 3261 574 3324 prae
587 3264 623 3308 sa
635 3247 755 3310 lerunt.
771 3251 891 3310 Omnes
908 3250 944 3311 ut
957 3249 993 3310 in
1006 3265 1108 3310 unum
1164 3246 1321 3307 Proxima
1329 3247 1451 3324 quippe
1462 3247 1512 3308 est
1520 3246 1597 3308 fidei
1611 3245 1732 3308 divinae
1744 3247 1874 3323 religio,
1889 3263 1968 3324 quaa

310 3361 328 3404 «
351 3360 470 3422 corpus
489 3343 724 3420 redigeremus
737 3345 914 3424 ‘persuasit
936 3346 971 3407 in
991 3346 1108 3424 primis
1163 3357 1261 3421 quam
1273 3343 1332 3406 illa
1347 3343 1503 3406 creditae
1516 3344 1665 3422 suspicit,
1678 3359 1867 3422 supremam
1889 3359 1969 3406 rna-

304 3455 328 3500 ·‹<
350 3441 534 3502 communis
542 3441 591 3503 rei
601 3441 741 3520 publicae
754 3441 952 3504 Christianae
964 3443 1106 3505 utilitas:
1159 3443 1313 3521 jestatem
1332 3441 1432 3504 certis
1450 3442 1556 3519 signis
1580 3444 1614 3505 et
1635 3443 1844 3516 ceremoniis,
1870 3457 1967 3505 com-

310 3555 327 3598 s
350 3537 469 3600 deinde
489 3539 712 3601 studiosorum
735 3539 907 3601 hominum
932 3539 1106 3616 flagitatio,
1163 3541 1256 3602 muni
1268 3539 1408 3604 consilio
1420 3540 1592 3614 institutis,
1607 3541 1696 3614 colit,
1707 3541 1964 3618 veneraturque.

1238 2518 1355 2575 Rituum
1366 2520 1557 2576 Rornanorum
1574 2516 1875 2590 copsuiouncessaria.
1929 2525 1933 2530 '

309 3653 327 3696 c
349 3635 405 3714 qui
423 3635 509 3698 hanc
529 3635 756 3701 collectionem
772 3639 843 3715 jam
861 3637 984 3699 dudum
1003 3653 1108 3716 expe·
1163 3638 1489 3716 Iltquemadmodum
1512 3655 1532 3700 a
1548 3641 1697 3702 Romana
1715 3639 1864 3701 Ecclesia
1885 3639 1967 3702 ddei

309 3750 327 3793 ‹<
348 3733 471 3806 iebant,
485 3735 552 3795 rati
564 3735 726 3812 ejusmodi
734 3734 829 3796 lihris
837 3733 964 3796 recludi
977 3751 1043 3796 non
1053 3739 1109 3813 je-
1164 3754 1234 3798 suaa
1247 3737 1410 3813 originem
1428 3735 1582 3813 repetunt
1597 3737 1774 3815 pleraeque,
1796 3751 1838 3798 ne
1854 3737 1967 3798 dicam

309 3848 327 3890 a
345 3833 462 3909 junam
479 3831 607 3894 tantum
630 3831 662 3895 et
686 3832 808 3893 exilem
834 3831 1109 3893 caeramoniarum
1164 3849 1289 3907 omnes,
1311 3835 1492 3896 occidentis
1507 3835 1665 3897 Ecclesiae
1691 3857 1698 3895 ε
1721 3835 1771 3896 sic
1792 3835 1892 3897 etiam
1917 3835 1961 3896 ab

309 3927 1111 4008 ‹<notitiam,sedecclesiastiuaedlsciplinaaprae-
1164 3931 1279 3993 eadem
1292 3932 1425 3992 modum
1443 3947 1482 3994 ao
1499 3931 1639 3994 sormam
1657 3931 1762 3994 divini
1780 3933 1889 3994 cultus
1902 3933 1966 3994 de·
2032 3997 2033 4018 χ

308 4043 327 4086 c
349 4028 474 4088 claram
487 4028 725 4103 cognitionem3
742 4027 843 4088 immo
858 4025 1038 4104 aliquando
1051 4042 1110 4087 sa·
1164 4029 1269 4090 rivari
1290 4043 1351 4106 par
1369 4029 1431 4091 est.
1459 4029 1554 4091 Certe
1579 4045 1654 4092 curn
1678 4031 1790 4093 animo
1814 4032 1965 4107 recogito
2032 4021 2033 4092 l

309 4141 328 4182 c
349 4139 482 4184 crorum
495 4123 684 4197 dogmatum
699 4122 966 4184 illustrationem.
1163 4127 1277 4188 varios
1299 4127 1393 4201 ritus,
1415 4141 1499 4204 quos
1520 4127 1555 4190 in
1574 4129 1752 4206 praecipuis
1779 4127 1964 4192 Galliarum

349 4235 368 4279 a
385 4221 512 4280 ¹Verum
525 4219 597 4279 haec
608 4217 710 4280 editio
722 4234 783 4280 nec
791 4219 826 4280 in
840 4219 928 4282 Urbe
939 4222 1109 4283 commode
1164 4224 1323 4286 Ecclesiis
1340 4227 1503 4304 majorum
1517 4227 1706 4289 nostrorum
1727 4226 1833 4304 pietas
1848 4228 1964 4291 -insti-
2032 4259 2033 4270 κ

309 4333 329 4376 c
351 4315 524 4392 procurari
537 4315 677 4392 poterat,
692 4329 753 4378 nec
765 4313 843 4378 libri
858 4316 922 4406 ipsi
940 4319 1035 4380 extra
1048 4333 1108 4380 ur·
1163 4323 1238 4396 tuit,
1252 4325 1350 4402 atque
1369 4323 1529 4386 hactenus
1551 4324 1698 4386 illibatos
1714 4324 1756 4387 ad
1775 4339 1838 4388 nos
1857 4341 1964 4404 usque

309 4411 534 4474 «bemsacile
554 4413 735 4492 exportari.
759 4415 822 4476 Sed
836 4414 972 4477 tandem
991 4418 1027 4480 ut
1053 4431 1109 4480 eos
1164 4435 1349 4500 magnares
1375 4421 1469 4500 parte
1492 4422 1677 4486 transmisit
1704 4443 1712 4484 ε
1739 4423 1853 4486 videre
1879 4423 1963 4485 milri

309 4529 328 4571 «
349 4511 615 4588 impetraremus,
635 4511 736 4574 evicit
753 4512 936 4576 amicorum
953 4514 1111 4577 humani·
1163 4519 1280 4581 rideor
1288 4519 1464 4598 quamdam
1475 4523 1698 4583 Romanorum
1707 4521 1832 4584 rituum
1842 4523 1965 4598 imagi-

308 4609 400 4670 «tas
414 4607 514 4669 simul
533 4609 566 4670 et
592 4603 932 4690 a'uctoritaszquibus
949 4627 1110 4692 perspec-
1163 4633 1251 4690 nem,
1285 4617 1416 4695 qualem
1456 4619 1584 4681 scilicet
1612 4619 1648 4682 in
1687 4619 1834 4698 antiquis
1868 4619 1963 4682 libris

309 4724 326 4766 c
348 4707 418 4767 tum
438 4707 490 4768 est
503 4705 566 4768 hac
580 4706 805 4771 editionenon
817 4711 986 4772 extraneis
999 4711 1107 4785 modo,
1164 4713 1470 4777 animadvertimus.

309 4803 407 4865 «sed
425 4804 458 4865 et
475 4806 634 4868 Romanae
657 4805 816 4870 Ecclesiae
838 4808 1026 4870 consultum
1052 4809 1107 4871 iri.
1203 4815 1277 4875 Non
1306 4813 1471 4876 immerito
1500 4814 1612 4892 itaque
1639 4815 1705 4878 riri
1730 4815 1777 4893 pii
1802 4831 1842 4877 ac
1873 4813 1962 4878 docti

308 4918 327 4962 c
349 4901 418 4964 Etsi
431 4900 519 4962 enim
532 4902 684 4965 nonnulli
698 4903 734 4966 iu
747 4905 796 4966 eis
812 4905 897 4968 ritus
911 4907 1030 4983 jamin
1046 4906 1108 4969 de·
1164 4907 1266 4990 (quod
1284 4912 1412 4974 notavit
1435 4911 1633 4992 Cassander)
1653 4929 1672 4973 c
1689 4913 1853 4990 judicant,
1876 4913 1962 4976 nilril

214 5044 215 5047 ,
308 5016 327 5059 n
348 4999 557 5063 suetudinem
569 4999 738 5076 abierunt;
756 5017 871 5068 omnes
886 5003 996 5066 tamen
1009 5021 1109 5067 nosse
1163 5009 1261 5072 «hoc
1278 5010 1314 5072 in
1328 5025 1450 5086 genere
1465 5009 1677 5086 praestantius
1688 5010 1835 5072 inveniri
1851 5026 1958 5088 posse,

307 5111 327 5155 s
348 5096 496 5170 interest,
513 5095 543 5158 si
556 5113 622 5161 non
634 5098 677 5159 ad
695 5100 945 5174 restituendam,
964 5103 1054 5164 certe
1067 5101 1108 5164 ad
1162 5123 1181 5167 c
1204 5123 1302 5186 quam
1330 5107 1439 5185 ipsum
1468 5105 1611 5169 Romani
1638 5108 1772 5170 Ordinis
1798 5107 1957 5182 libellum,

307 5211 327 5254 c
348 5193 581 5258 illustrandam
589 5195 1109 5276 antiquitatemnnpuhlicisvo-
1163 5223 1181 5266 n
1203 5221 1300 5284 quem
1316 5221 1430 5268 omnes
1449 5205 1505 5282 qui
1525 5204 1565 5267 de
1583 5205 1821 5268 ecclesiasticis
1840 5205 1959 5269 ritihus

308 5290 391 5353 ctis
414 5307 615 5370 responsura
641 5293 810 5358 sitnostra
836 5295 956 5370 editio,
986 5297 1106 5362 incerti
1162 5305 1236 5365 «at
1264 5302 1384 5366 officiis
1403 5302 1525 5364 divinis
1552 5305 1776 5381 scripserunt,
1803 5306 1960 5382 tanquam

308 5406 326 5451 ‹<
348 5395 491 5451 sumus:
518 5392 660 5455 atcerte
683 5392 779 5455 nobis
799 5393 1016 5471 diligentiam,
1042 5413 1107 5475 quo
1161 5419 1180 5462 c
1201 5400 1384 5479 principem
1404 5400 1547 5477 atcaput
1562 5397 1757 5479 agnoscunt,
1778 5419 1959 5464 summam·
2015 5432 2018 5437 ·

308 5486 457 5547 «minus
492 5485 526 5548 id
560 5504 833 5568 assequeremur,
867 5509 933 5558 non
960 5494 1107 5558 defuisse
1162 5511 1266 5574 «que
1281 5495 1313 5557 ei
1330 5495 1560 5558 auctoritatem
1577 5487 1729 5558 deserunt
1744 5517 1751 5556 ι
1766 5497 1815 5558 sic
1832 5497 1868 5558 ut
1886 5513 1958 5560 om-

309 5600 327 5644 s
349 5583 439 5646 haud
449 5583 641 5647 diffitemur.
665 5605 684 5649 »
1163 5609 1181 5656 «
1203 5592 1259 5654 nia
1273 5594 1347 5670 eJ'us
1367 5593 1499 5668 generis
1521 5594 1648 5676 scripta
1663 5592 1748 5656 nillil
1766 5595 1858 5656 aliud
1882 5595 1935 5658 sin
