4108 6418
127 285 178 304 Α.

108 297 166 335 ‘nt

112 454 242 530 perium
264 437 458 518 mandamus
473 459 596 537 inpune
612 460 654 522 ab
678 463 831 527 omnibus
857 484 915 530 oc-

113 550 241 626 cupari,
277 552 379 612 saleis
410 555 562 616 omnibus
594 557 813 623 nibilominus
835 565 912 627 aliis

113 648 220 723 poenis
237 649 352 709 contra
365 649 450 712 tales
462 652 497 712 in
511 655 664 717 Generali
675 659 822 721 Concilio
836 678 915 738 pro-

113 745 282 820 mulgutis.

199 925 352 997 capituto
376 927 749 1020 Constantinopolitano
766 928 826 1008 (a).

408 1059 546 1120 CAPUT
568 1061 621 1121 IV.

156 1213 198 1275 Ut
209 1211 385 1290 praeteriise
400 1211 622 1275 contentionis
636 1211 746 1274 decisa
761 1213 912 1286 materia,

113 1307 235 1372 suturis
258 1309 376 1385 litigiis
392 1310 524 1372 occasio
543 1310 743 1386 amputetur,
758 1311 915 1388 praesenti

113 1406 306 1469 authentica
324 1407 510 1480 statuimus,
528 1407 565 1469 ut
578 1423 734 1484 expensae
754 1423 914 1469 necessa-

113 1502 187 1575 riae,
202 1519 284 1580 quas
297 1503 478 1580 capitulum
499 1504 913 1582 constantinopolitanum,

113 1599 169 1661 vel
180 1601 255 1678 'ejus
267 1601 387 1672 nuntii,
401 1601 542 1662 vacante
557 1599 645 1673 sede,
664 1618 724 1678 pre
742 1601 914 1664 electionis

115 1697 248 1772 negotio
280 1697 430 1768 iecerint,
465 1696 506 1759 de
539 1696 635 1759 bonis
664 1698 915 1760 Patriarcbatus

114 1793 197 1855 flant
208 1791 366 1864 totaliter,
382 1793 435 1854 vel
454 1793 651 1866 reddantur,
677 1794 852 1856 dummodo
868 1793 914 1874 (b)

113 1890 179 1968 ipsi
194 1890 280 1952 bona
299 1889 486 1951 decedentis
506 1889 709 1952 Patriarebae
731 1908 796 1954 non
817 1908 916 1955 occu-

113 1987 203 2065 pent,
221 1987 275 2048 rel
286 1987 455 2064 usurpent.

114 2133 282 2204 Episcopo
316 2129 350 2191 ct
382 2130 517 2190 conteri
545 2132 758 2193 cabilonensi
785 2129 849 2212 (e),
883 2135 916 2193 et

175 2235 287 2296 abbati
301 2238 342 2296 de
359 2234 543 2296 Restituto
552 2232 613 2314 (d),
626 2239 857 2300 cabilonensis

432 2342 600 2404 dimensis.

421 2465 557 2526 CAPUT
577 2467 616 2526 V.

157 2615 206 2676 Ex
240 2615 334 2692 perte
366 2583 568 2676 uenerabilis
601 2613 714 2675 fratris
748 2612 853 2674 nostri
869 2609 916 2690 (c)

117 2711 267 2789 episcopi
291 2711 452 2773 Eduensis
486 2711 549 2773 fuit
576 2711 779 2788 propositum
806 2725 916 2771 coram

116 2917 217 2976 iniiam
233 2919 356 2992 ruperat.
369 2915 490 2976 Tantum
508 2933 577 2976 uero
590 2911 685 2976 odium
708 2911 758 2976 luit
772 2911 839 2974 dicti
854 2915 917 2974 Fre-

115 2991 205 3048 deiiei
226 2993 263 3059 ll,
291 2989 428 3048 aduersus
452 2991 619 3058 Ecclesiam,
641 2995 674 3046 ut
696 2989 916 3058 primoperiitum

116 3076 202 3118 suem
225 3063 378 3116 Hernicum
398 3062 428 3116 iu
447 3077 587 3118 currerem
606 3062 733 3130 posuerit
746 3077 755 3114 :
767 3065 792 3114 et
815 3060 864 3115 boc
884 3065 915 3114 ut

117 3132 209 3202 aliqui
227 3132 325 3186 «tinent
346 3131 447 3201 (resen
470 3132 639 3188 Ptolemaeus
654 3131 791 3187 Lucensis
809 3130 836 3186 in
858 3131 913 3186 Ge·

118 3203 277 3274 neologiisi
301 3203 368 3272 quic
383 3203 524 3258 ilenricus
541 3203 652 3272 sitiebat
671 3202 811 3268 Ecclesiae,
831 3216 915 3270 quom

116 3275 208 3398 {mus
236 3273 399 3330 Frieterieus
425 3274 652 3344 persequebatur,
676 3273 706 3328 iu
730 3288 783 3343 quo
804 3287 916 3328 currere

139 3343 245 3400 cressit.

151 3439 916 3512 (nllloeeaputsrriptnmesteapituloConstantinopo-

115 3511 217 3566 litano.
241 3513 382 3567 lloiiorius
410 3513 580 3582 praeteritam
604 3512 816 3566 nutricationem
840 3512 914 3563 eirea

118 3582 286 3637 electionem
310 3581 477 3653 patriarcba·
500 3584 601 3652 telligit.
628 3581 730 3645 Verba,
760 3580 916 3634 llrmieritm

118 3652 318 3717 ceretentionis,
345 3661 398 3707 ete.
425 3653 559 3706 etnmissa
577 3657 673 3705 sunta
697 3648 865 3720 Rayrnnndo
886 3649 916 3702 in

118 3737 181 3790 cop.
199 3721 244 3787 la,
268 3723 387 3776 licetret.
406 3723 473 3776 Post
503 3721 608 3775 obitum
630 3719 747 3776 Thomas
767 3718 850 3788 primi
865 3731 914 3787 pa·

118 3791 252 3846 triarclne
268 3806 343 3846 auito
360 3791 438 3850 lali.
453 3805 557 3860 magite
573 3799 600 3844 et
612 3790 697 3860 longa
711 3788 851 3843 dissensio
867 3787 917 3843 luit

119 3862 196 3916 inter
210 3861 362 3931 capitulum
375 3861 503 3915 eeclesiae
513 3861 726 3928 C‹urstaatinop.
739 3867 767 3913 et
781 3861 915 3925 Venetos

119 3945 155 3987 ac
171 3931 241 3985 alios
256 3933 302 4001 pul
322 3931 368 4002 jus
388 3932 535 3985 electionis
562 3929 781 3998 praetendebant.
805 3930 850 3984 Lis
864 3945 913 3984 au-

119 4010 178 4057 tem
203 4002 276 4056 inter
301 4000 545 4072 archiepiscopum
563 4001 785 4066 lleraelieusem,
807 4007 837 4055 ut
859 4000 916 4054 vult

120 4087 183 4141 cap.
200 4071 217 4126 6
232 4072 444 4141 Cotnpitetinuis
466 4072 492 4135 b,
519 4071 587 4138 (non
617 4071 811 4136 liradiensem‚
828 4077 858 4126 ut
872 4077 917 4124 est

106 4145 150 4210 ‚in
166 4142 291 4196 editione
314 4142 455 4214 Gregorii)
471 4150 498 4196 et
513 4143 544 4197 L.
562 4141 716 4196 l‘lebamun
730 4141 819 4196 saneti
836 4142 915 4196 Pauli

119 4213 258 4269 l'enetiis.
277 4216 339 4268 lmo
363 4215 436 4267 inter
451 4213 522 4267 alios
538 4212 631 4282 planes
648 4213 827 4266 tumultuarie
842 4212 915 4266 elete-

120 4291 166 4338 tos
180 4283 239 4350 l'nit,
256 4290 286 4338 ut
299 4284 382 4338 tltreet
402 4281 559 4339 iunocentii
575 4285 614 4338 lll
630 4283 803 4353 liegistrum,
827 4282 913 4352 pluri·

118 4354 174 4410 bus
199 4354 288 4420 loeis;
311 4355 337 4409 ln
360 4354 484 4408 terrorem
510 4361 605 4408 taurea
630 4355 710 4422 ctijtis
725 4352 817 4406 decisa
835 4352 917 4408 l'nerit

120 4439 179 4480 noa
198 4425 348 4480 invertitur.
367 4425 486 4481 lllnsttis
506 4424 687 4494 apamiensis
709 4425 867 4493 Episcopus
881 4423 916 4478 ad

120 4509 229 4550 anunm
255 4495 287 4550 l8
315 4496 471 4551 iunocentii
496 4498 546 4560 lll,
571 4511 618 4550 ιιιι.
637 4496 678 4558 lb,
697 4496 755 4549 vult
772 4495 915 4549 nominent

120 4581 156 4621 ex
173 4567 227 4620 illis
242 4566 362 4620 electum
385 4565 481 4629 luisse,
500 4566 549 4620 sed
572 4566 658 4620 alium
675 4565 837 4645 peremptam
863 4579 914 4619 no·

120 4637 201 4692 miae
212 4635 386 4700 ilattlimnm,
398 4651 433 4691 ex
448 4651 483 4690 eo
496 4635 570 4706 qarod
591 4637 743 4691 liebertum
764 4643 915 4706 irriperato-

120 4721 193 4772 rem,
208 4708 484 4778 ‹uitriqueriotopost
501 4721 515 4762 a
533 4707 666 4762 blatllneo
686 4705 849 4762 Patriamba
866 4719 913 4760 eo·

118 4783 251 4833 renatum
266 4776 351 4832 luisse
370 4778 472 4832 rel'erat
487 4793 521 4831 ex
544 4777 665 4848 quodam
686 4776 821 4832 ebronieo
845 4778 914 4841 ils„

119 4848 204 4919 cujus
218 4856 312 4903 tauma
329 4849 404 4903 attila
430 4850 537 4903 tuentio
552 4849 624 4902 inter
638 4846 815 4918 patriarchas
828 4847 915 4904 Coas-

119 4919 374 4990 tantiuopolitaaos
397 4919 464 4974 sita
488 4919 683 4989 chronologis.
706 4920 767 4974 lmo
786 4917 820 4972 ab
841 4931 916 4972 auno

120 4988 916 5062 liii.queRobcrttisinrperatcrCeristantinopolitanus

118 5066 252 5131 receptus
266 5058 327 5127 luit,
341 5062 450 5116 nullttm
467 5061 552 5116 alium
568 5067 669 5131 prater
684 5061 856 5114 Gentianam
877 5061 914 5126 ll,

118 5145 209 5201 usque
235 5130 268 5186 ad
295 5131 479 5198 lletbodiutn,
496 5131 548 5186 sub
575 5129 712 5187 balduino
732 5130 913 5200 imperatore,

117 5201 311 5274 patriarcham
327 5201 414 5258 luisse
425 5202 628 5274 coinperlmus.

150 5297 444 5370 (tillunmmdollona
456 5299 753 5370 decedentisepiseopi
765 5313 779 5354 a
791 5298 915 5369 capitulo

118 5367 212 5426 laturo
234 5371 369 5441 episeopo
391 5372 529 5426 reservari
554 5371 667 5437 debent,
684 5367 810 5426 custodia
837 5370 913 5425 euim

117 5441 205 5504 clero,
222 5442 282 5497 siue
298 5439 528 5512 capitulodatue3
547 5443 616 5498 Ceu.
635 5441 691 5497 buc
704 5441 809 5510 lulius,
827 5441 870 5506 la,
886 5455 912 5508 q.

117 5511 135 5570 2
159 5519 207 5568 aut
221 5512 246 5568 si
265 5512 368 5578 clerus,
385 5511 430 5568 uel
445 5512 599 5583 capitulum
616 5527 672 5567 nea
685 5512 730 5579 sit,
748 5510 910 5582 Metropoli-

117 5589 203 5638 tanus
217 5597 314 5639 curam
328 5581 424 5642 habet.
436 5583 495 5639 Ceu
506 5599 560 5638 ιιοιι
572 5582 661 5650 tieret,
675 5583 748 5651 eud,
762 5581 806 5637 rel
820 5581 912 5654 potins

116 5667 286 5710 aeconomus
308 5655 474 5721 coristuitur,
490 5669 549 5724 cap.
567 5668 627 5708 cum
645 5669 700 5720 ees,
713 5654 741 5708 in
765 5667 772 5707 ι
798 5652 908 5722 Corripi-

715 301 873 357 uonun
900 293 1161 356 contribuere.

1712 301 1770 362 tls

968 472 1076 545 nobis,
1091 475 1176 552 quod
1186 476 1339 536 canonici
1351 475 1519 538 Eduenses
1530 479 1673 556 propriis
1683 495 1769 543 conr·

969 571 1074 631 modis
1097 571 1265 634 inhiantes
1287 570 1348 651 (d),
1365 573 1618 650 praebendarum
1651 593 1769 638 nume-

967 685 1042 728 rum
1062 669 1103 729 ab
1126 670 1261 746 antiquo
1282 670 1318 731 ia
1343 672 1484 732 ecclesia
1500 673 1644 733 Eduensi
1663 675 1770 736 statu-

967 765 1049 836 tum,
1069 767 1148 828 licet
1171 784 1236 828 non
1259 768 1326 830 sint
1345 773 1416 846 ejus
1439 770 1592 832 diminuti
1607 771 1766 843 redditus,

967 864 1222 936 restrinxerunt,
1238 867 1273 926 ut
1286 867 1333 927 sic
1346 867 1381 926 in
1403 867 1640 943 temporalibus
1662 870 1769 944 magis

968 961 1146 1032 abundent,
1170 962 1246 1022 dum
1270 979 1321 1034 ea,
1338 963 1378 1024 de
1403 964 1522 1041 quibus
1535 965 1624 1027 valet
1637 967 1769 1027 susten-

967 1058 1034 1120 tari
1055 1059 1291 1121 canonicorum
1313 1077 1471 1122 numerus
1493 1065 1682 1134 consuetus,
1708 1064 1768 1125 tali

969 1157 1132 1232 pretextu
1155 1158 1306 1219 nituntur
1329 1159 1363 1218 in
1386 1160 1598 1234 angmentum
1628 1177 1769 1222 conver-

969 1254 1299 1331 terepraebendarum
1317 1278 1323 1315 :
1343 1257 1376 1318 et
1385 1255 1420 1316 in
1431 1256 1509 1318 iacti
1518 1259 1570 1318 sui
1579 1257 1765 1330 tuitionem,

970 1367 1070 1428 super
1091 1352 1154 1414 hoe
1177 1353 1439 1416 confirmationis
1459 1369 1479 1414 a
1498 1353 1595 1416 nobis
1612 1354 1768 1418 dicuntur

971 1447 1097 1510 litteras
1115 1449 1310 1526 impetrasse
1328 1450 1364 1510 in
1382 1452 1548 1512 communi
1566 1451 1683 1513 forma.
1699 1454 1770 1514 No-

970 1546 1076 1608 lentes
1099 1545 1202 1622 igitur
1225 1547 1329 1609 divini
1342 1548 1489 1609 numinis
1504 1548 1628 1611 cultum
1650 1550 1769 1627 hujus-

971 1643 1059 1706 modi
1083 1645 1257 1706 occasione
1278 1645 1314 1705 in
1338 1645 1486 1706 Ecclesia
1512 1645 1585 1721 ipsa
1613 1646 1765 1719 diminui,

971 1740 1028 1802 sed
1049 1739 1159 1818 potius
1183 1741 1391 1817 augmentari
1409 1763 1416 1801 :
1431 1741 1624 1804 discretioni
1648 1744 1767 1806 vestrae

970 1837 1175 1910 mandamus,
1197 1839 1359 1917 quatenus
1386 1839 1415 1898 si
1434 1840 1617 1916 praemissis
1643 1841 1767 1902 veritas

971 1936 1183 2012 suffragatur,
1210 1937 1380 2013 antiquum
1404 1953 1578 2000 numerum
1608 1937 1767 2002 facientes

972 2034 1169 2097 auctoritate
1186 2035 1300 2096 nostra
1318 2035 1458 2106 servari,
1475 2034 1670 2112 praebendas
1685 2051 1767 2112 quas

972 2133 1152 2208 atempore
1174 2131 1281 2192 ultimi
1306 2132 1421 2192 statuti
1442 2131 1637 2193 inveneritis
1654 2133 1690 2192 in
1705 2135 1768 2193 lic-

972 2229 1074 2292 clesia
1088 2230 1269 2290 memorata
1283 2229 1450 2300 vacantes,
1463 2245 1529 2290 non
1544 2228 1694 2290 obstante
1708 2230 1767 2290 ali-

972 2342 1036 2404 qua
1065 2325 1299 2388 constitutione
1325 2341 1425 2402 super
1449 2325 1555 2386 hoca
1590 2327 1765 2389 canonicis

972 2424 1053 2501 ipsis
1072 2422 1170 2495 lacta,
1184 2424 1237 2484 uel
1255 2423 1505 2484 confirmatione
1521 2417 1621 2499 huJ‘us
1636 2439 1656 2484 a
1669 2425 1765 2484 nobis

972 2521 1013 2582 ab
1039 2520 1162 2582 eisdem
1187 2520 1329 2592 obtenta,
1356 2521 1505 2598 personis
1530 2521 1669 2592 idoneis,
1691 2538 1765 2584 cum

972 2619 1111 2681 consilio
1130 2619 1276 2695 ejusdem
1296 2619 1453 2695 episcopi,
1472 2619 1601 2680 sublato
1623 2620 1765 2697 appella·

971 2717 1072 2780 tionis
1088 2716 1267 2788 obstaculo
1285 2715 1473 2777 conseratis.

972 2923 1084 2994 tutione,
1101 2925 1134 2980 de
1153 2925 1225 2997 osfie.
1249 2929 1272 2981 et
1292 2927 1389 2994 potest.
1414 2923 1679 2992 penitententia.
1705 2921 1763 2977 eod.

971 2997 1110 3068 siquidem
1124 2997 1149 3052 in
1162 2997 1293 3052 omuibus
1309 2995 1437 3050 eeclesiis
1454 3007 1634 3049 oeconomum
1658 2991 1765 3064 pratici

971 3067 1097 3124 decrerit
1115 3069 1270 3124 Cotieibnm
1290 3064 1532 3132 chalcedonense,
1554 3064 1582 3118 in
1606 3064 1675 3119 Ceret.
1697 3063 1765 3132 puio

970 3141 1001 3195 iu
1013 3139 1188 3210 quibusdum,
1204 3139 1247 3205 89,
1264 3137 1292 3193 d.

1011 3245 1047 3316 (e)
1060 3247 1235 3302 Goliilcnensi
1251 3244 1384 3313 episeopo.
1403 3243 1551 3310 Dtirando,
1562 3243 1605 3297 vel
1619 3244 1763 3306 Duranno,

971 3322 1017 3391 qtri
1032 3317 1104 3374 sedit
1116 3317 1150 3371 ab
1168 3330 1243 3371 anno
1260 3317 1340 3382 tali,
1359 3330 1448 3384 risone
1464 3314 1499 3368 ad
1515 3329 1621 3369 aunum
1643 3313 1720 3376 liii,
1737 3317 1766 3365 et

970 3391 1096 3462 sepultus
1111 3395 1154 3442 est
1167 3389 1194 3441 ia
1213 3387 1333 3442 ecelesia
1353 3386 1516 3440 Firutitatis.
1534 3387 1699 3440 Duraanum
1713 3396 1762 3437 vo-

970 3469 1015 3516 eat
1036 3459 1177 3515 lloaonus
1202 3465 1298 3511 noster
1317 3457 1345 3510 in
1367 3455 1504 3525 rescripto
1527 3457 1595 3518 ils..
1616 3452 1690 3523 aptid
1712 3453 1762 3507 Se·

971 3531 1102 3594 vertiam,
1120 3529 1148 3582 in
1170 3527 1308 3582 llainaldo
1333 3526 1548 3596 archiepiscopo
1570 3523 1764 3594 lugdunensi.

1008 3616 1048 3684 (d)
1061 3615 1160 3669 illitati
1176 3615 1208 3666 de
1224 3615 1247 3666 F
1249 3613 1381 3666 inanitate.
1402 3611 1526 3681 linguai,
1543 3612 1587 3664 vel
1606 3614 1696 3665 l‘etr0.
1713 3608 1766 3664 Ab·

971 3685 1045 3741 botin
1069 3687 1120 3738 ista
1142 3691 1184 3738 est
1205 3681 1239 3736 ad
1260 3683 1400 3741 Genuam,
1422 3683 1527 3750 vulgo.
1549 3682 1590 3734 Lo
1612 3679 1694 3734 Ferte
1714 3693 1767 3732 sur

972 3752 1197 3882 (lroffilundata
1209 3753 1236 3807 ia
1246 3751 1361 3806 dimersi
1377 3749 1567 3814 (laliileneusi,
1581 3763 1656 3804 atino
1672 3747 1764 3806 Chris·

972 3829 1018 3882 ul
1080 3869 1086 3881 .

1007 3923 1043 3994 (e)
1062 3921 1192 3990 Epirztrpi
1208 3920 1343 3976 binariis.
1362 3918 1485 3975 Gualtcri
1501 3917 1628 3982 secandi,
1646 3919 1680 3974 ne
1701 3918 1763 3986 Epi·

971 3995 1049 4065 scepi
1071 3992 1221 4052 Eduensis,
1242 3992 1289 4060 otti
1310 3990 1378 4045 vixit
1400 4005 1489 4060 risque
1505 3989 1539 4044 ad
1555 4005 1661 4044 ιιιιιιιιιιι
1684 3989 1764 4052 ibai,

971 4067 1026 4120 vel
1043 4063 1180 4120 Gnidoais
1202 4061 1337 4133 Vergeyi,
1361 4061 1395 4116 57
1421 4059 1562 4131 lipiseopi.
1588 4059 1765 4116 verissimile

972 4144 1067 4191 taimen
1089 4141 1133 4189 est
1155 4133 1230 4188 bunc
1252 4141 1312 4187 este
1335 4132 1478 4188 Gallenuu
1499 4131 1525 4191 i.
1542 4131 1589 4201 spui
1607 4129 1687 4184 valde
1703 4131 1767 4200 pius

971 4213 1041 4272 erat,
1065 4213 1092 4260 et
1117 4205 1144 4260 in
1168 4202 1348 4274 expeditione
1371 4203 1551 4265 saracenica.
1577 4209 1605 4257 et
1629 4199 1767 4256 adversus

970 4277 1142 4346 Albigenses
1165 4273 1225 4340 luit,
1248 4281 1275 4329 et
1299 4274 1347 4344 ιμιί
1370 4287 1445 4328 ιιιιιιο
1476 4273 1554 4340 tabl,
1586 4271 1767 4328 coiibrmavit

972 4363 1122 4404 {rutilorum
1139 4346 1174 4402 30
1194 4344 1398 4400 enitentem-utu
1424 4344 1451 4398 iu
1478 4343 1598 4398 eeclesia
1621 4342 1763 4399 belnensi.

1008 4443 1045 4516 (si
1062 4445 1217 4500 Νιιιιιιιιιιιι
1231 4440 1635 4511 pretenderunt.ibericorum
1664 4454 1763 4496 nurne-

971 4531 1019 4571 rus
1036 4531 1088 4570 nee
1100 4515 1208 4586 aligeri,
1221 4529 1274 4568 uec
1287 4513 1373 4568 iniunt
1388 4511 1472 4567 debet
1485 4511 1591 4582 absque
1607 4510 1766 4566 rationabili

971 4601 1067 4653 eausa,
1086 4600 1146 4653 cup.
1164 4600 1226 4638 euru
1242 4581 1568 4650 ,llere-tinus,ecetrdebet
1583 4596 1647 4636 esse
1660 4588 1764 4646 certus,

971 4673 1031 4726 cop.
1048 4656 1189 4726 pecliniam,
1204 4656 1236 4709 de
1248 4655 1306 4709 etin
1325 4659 1349 4708 et
1364 4655 1479 4717 iiateesl„
1491 4653 1542 4708 sub
1555 4652 1655 4706 eadem
1673 4651 1765 4706 inatri-

971 4730 1054 4792 cula,
1083 4737 1111 4784 ἐκ
1132 4740 1175 4782 τοῦ
1200 4733 1338 4792 καταλόγου
1364 4739 1407 4781 τοῦ
1432 4737 1563 4795 repertrici,
1591 4721 1617 4776 id
1640 4727 1701 4786 (isi,
1730 4735 1765 4776 833

971 4797 1125 4853 rreutrienle
1146 4796 1325 4860 sacerdotati,
1348 4795 1416 4849 Cati.
1439 4797 1463 4860 7,
1489 4793 1627 4860 ilpostcl„
1646 4791 1699 4846 sub
1718 4805 1765 4846 eo·

971 4867 1036 4924 dein
1063 4867 1176 4928 babitu,
1201 4880 1285 4936 qttem
1320 4864 1439 4918 novellae
1465 4862 1616 4918 iustiniani
1642 4887 1670 4918 eo
1695 4873 1780 4931 ἅγιον·

971 4955 1056 5013 σχῆμα
1080 4941 1192 4991 vocant.
1222 4935 1385 4994 Satrianus,
1417 4934 1508 4988 serti-tt
1541 4933 1663 4987 uomitus
1685 4931 1763 4988 iterii·

970 5013 1039 5064 tum.
1066 5007 1145 5063 [latio
1168 5015 1262 5061 alitent
1288 5004 1371 5076 bujus
1395 5018 1458 5076 capi.
1484 5004 1616 5075 congruit
1631 5017 1695 5058 curri
1712 5016 1761 5057 no-

971 5080 1080 5146 vellat,
1091 5093 1154 5148 petru
1167 5085 1209 5131 est
1227 5076 1261 5131 de
1275 5089 1394 5131 attinere
1412 5077 1582 5133 Clerieorum
1600 5075 1627 5128 in
1643 5073 1763 5128 ecclesia

969 5149 1295 5219 Constantinopolitano,
1322 5161 1393 5218 qtios
1417 5147 1469 5202 sub
1494 5145 1595 5202 eodem
1617 5142 1764 5199 schemate

969 5222 1066 5280 vivere
1090 5219 1179 5292 juliet.
1208 5217 1372 5276 Cavendum
1396 5233 1431 5273 ue
1458 5219 1506 5273 liat
1529 5229 1664 5270 ceillierus
1692 5213 1764 5270 ultra

970 5293 1118 5348 facultates
1130 5291 1275 5356 Ecclesiae,
1292 5305 1353 5358 cop.
1372 5289 1397 5353 i,
1416 5291 1449 5342 cle
1466 5288 1602 5352 institut.;
1616 5285 1672 5342 ini
1690 5299 1761 5341 com-

966 5363 1117 5434 piletieue‚
1144 5377 1179 5416 ne
1205 5361 1320 5432 penuria
1349 5359 1448 5430 vagari
1473 5363 1574 5428 ecgat;
1604 5359 1674 5412 Cau.
1702 5357 1762 5412 liti.

968 5434 1073 5492 conell.
1099 5432 1273 5504 Agnisgran.
1300 5431 1405 5485 subicit
1427 5437 1456 5484 nl
1480 5443 1617 5484 nurnerus
1642 5434 1764 5484 statutus

968 5505 1153 5576 complerem,
1172 5519 1232 5572 eop.
1249 5503 1277 5556 iu
1292 5501 1427 5566 Ecclesia,
1441 5500 1474 5554 de
1487 5500 1657 5556 institution.
