4078 6442
54 291 125 354 577
347 301 353 310 '
703 301 901 365 GREGORH
922 303 981 364 VII
1003 301 1113 396 virli,
1669 303 1728 364 578

56 449 149 516 dere
165 458 394 536 opportunius
403 463 634 542 posset-quem
649 459 878 524 fraudulenter
931 477 1032 539 super
1054 479 1090 525 se
1111 461 1211 524 nimis
1225 461 1403 535 extollens,
1420 462 1456 526 ln
1476 461 1602 526 tantam
1613 464 1725 526 auda.

57 565 100 613 se
116 551 274 634 diligere
286 559 490 624 ostendebat.
506 559 592 624 Nam
607 560 664 624 ubi
683 565 877 625 Ravennam
932 561 1018 625 ciam
1027 562 1263 640 vesaniamque
1274 559 1435 639 prorupit,
1445 561 1482 623 ut
1490 561 1618 639 patrem
1630 578 1727 624 suum

57 646 224 727 devenit,
243 657 426 735 postposito
436 662 627 737 juramento
645 660 731 738 quod
747 658 782 720 in
797 675 878 722 con·
932 657 1127 735 Gregorium
1147 661 1283 736 Papam,
1298 658 1355 736 qui
1371 656 1488 718 Sedem
1502 657 1727 735 apostolicam

58 751 269 816 sacratione
298 771 360 818 sua
387 757 577 820 Alexandro
607 761 707 835 Papae
739 761 877 836 ejusque
931 772 991 835 per
1004 755 1185 818 triennium
1208 757 1244 816 in
1268 771 1349 833 paca
1370 757 1533 828 tenuerat,
1548 757 1727 833 impiorum

58 851 330 916 suecessoribus
345 853 479 928 fecerat,
501 869 575 917 cum
598 855 786 918 Theobaldo
801 857 876 917 lde-
932 854 1072 916 consilio
1088 854 1244 916 abdicare
1263 853 1484 932 praesumpsit,
1501 854 1533 917 et
1548 853 1589 916 ab
1608 854 1726 917 Eccle-

57 945 280 1024 diolanensi,
293 950 879 1032 etaliisoervicosisepiscopisbom-
932 954 993 1026 sia,
1011 954 1170 1031 quantum
1192 953 1228 1015 in
1248 969 1288 1015 eo
1310 953 1384 1022 luit,
1403 953 1570 1030 expellere
1591 969 1726 1031 operam

57 1041 201 1108 bardiae
212 1050 429 1128 conspirarit,
437 1046 703 1130 atque'adrersus
711 1053 877 1130 pastorem
933 1051 966 1114 et
993 1051 1137 1114 studium
1156 1067 1216 1128 pro
1238 1051 1365 1114 viribus
1385 1048 1431 1130 (b)
1450 1050 1551 1113 dedit.
1575 1052 1728 1117 Decrevit

59 1157 170 1206 suum
204 1147 338 1213 occulte
369 1147 565 1213 seditionem
595 1149 754 1212 exercuit.
784 1149 878 1212 Unda
932 1150 1032 1211 edam
1046 1149 1252 1227 firmiterque
1266 1149 1446 1222 constituit,
1463 1150 1500 1212 ut
1513 1149 1625 1212 nullus
1637 1150 1728 1212 dein·

57 1239 199 1305 iactum
225 1245 279 1307 est
302 1246 390 1322 quod
409 1245 587 1326 expeditio,
602 1263 700 1326 quam
724 1245 878 1310 Pontifex
932 1259 1009 1322 ceps
1037 1245 1227 1323 episcopus,
1255 1245 1308 1307 val
1332 1243 1445 1318 abbas,
1474 1261 1533 1308 seu
1561 1245 1644 1318 dux,
1670 1247 1728 1308 aut

59 1354 126 1416 per
148 1340 278 1404 ducam
300 1343 503 1407 Gotisredum
524 1348 661 1424 ejusque
682 1361 820 1407 uxorem
835 1345 879 1406 il·
932 1343 1000 1404 alia
1021 1343 1216 1422 principalis
1244 1359 1402 1421 persona,
1429 1344 1536 1405 eidem
1566 1345 1727 1422 Gregorio

58 1437 214 1502 lustrem
232 1443 438 1505 comitissam
452 1443 646 1506 Mathildam
671 1445 770 1522 atque
793 1444 878 1506 alios
931 1442 1089 1520 tunquam
1114 1446 1213 1520 Papae
1237 1442 1447 1520 aliquatenus
1472 1441 1607 1505 obedire
1628 1440 1730 1505 debe-

58 1536 218 1611 nobiles,
238 1541 353 1602 contra
367 1542 577 1604 Normannos
602 1543 635 1604 et
658 1541 795 1605 caeteros
811 1544 877 1603 Ec·-
932 1540 984 1602 ret
998 1538 1058 1619 (2).

59 1635 185 1698 clasiae
211 1636 344 1712 hostes,
370 1639 412 1700 de
433 1638 632 1702 Lombardla
660 1640 876 1712 excitaverat,
971 1638 1002 1700 ὅ.
1024 1637 1067 1700 Ut
1087 1639 1199 1700 autem
1221 1635 1308 1700 hanc
1330 1637 1554 1715 perniciosam
1583 1636 1730 1715 disposi-

60 1732 101 1793 in
116 1733 364 1798 detrimentum
386 1737 543 1800 Ecclesiae
558 1736 743 1800 disturbata
755 1738 808 1800 est
821 1739 877 1799 at-
932 1735 1059 1797 tionem
1073 1737 1188 1812 posset
1208 1735 1388 1798 efficaciter
1403 1734 1598 1812 adimplere,
1614 1752 1731 1814 quem-

60 1845 132 1908 que
148 1831 304 1910 dirupta.
328 1833 394 1895 Per
413 1837 587 1911 Hugonem
606 1851 736 1913 quoque
756 1833 879 1896 Gandi—
933 1831 1009 1894 dam
1037 1833 1224 1896 Rolandum
1253 1837 1480 1906 Parmansam,
1498 1833 1730 1896 detestabilem

61 1926 162 2002 dum,
179 1945 300 2006 regem
314 1931 495 1993 Henrioum
518 1933 551 1994 et
574 1931 754 1994 Robertum
779 1932 879 1994 Guis-
933 1931 1104 2004 clericum,
1134 1931 1168 1995 et
1193 1931 1278 1994 alios
1308 1929 1515 1994 execrabiles
1534 1931 1638 2005 viros,
1655 1948 1731 1994 cum
1756 1953 1760 1962 ·

61 2027 214 2090 cardum
241 2029 357 2092 contra
380 2030 532 2092 eumdem
551 2030 745 2093 Pontificem
770 2029 880 2091 omni·
932 2028 1054 2092 litteris
1076 2029 1148 2092 suis
1172 2032 1312 2092 Romam
1335 2029 1539 2102 transmisit,
1565 2029 1730 2107 quamnus

61 2125 170 2188 modo
187 2126 319 2189 studuit
334 2126 506 2204 instigare,
514 2129 601 2190 sicut
607 2129 660 2190 vir
673 2128 878 2208 apostaticus
933 2142 1070 2190 eausam
1083 2128 1192 2205 ipsam
1206 2127 1370 2190 vivaciter
1385 2127 1418 2189 et
1430 2127 1597 2205 intrepide
1611 2143 1731 2205 prose·

63 2225 163 2286 omni
190 2224 271 2286 dolo
293 2225 327 2288 et
345 2225 473 2289 malitia
494 2227 622 2306 plenus,
638 2226 704 2304 qui
723 2228 794 2304 jam
819 2243 877 2290 sa·-
933 2227 1125 2303 querantur.
1137 2225 1213 2297 Qui,
1229 2224 1359 2290 nasama
1380 2223 1548 2301 legatione
1562 2226 1727 2304 suscepta,

64 2323 182 2384 cundo
214 2321 258 2384 ad
288 2324 491 2400 apostasiam
523 2323 633 2387 redire
668 2340 878 2403 nequaquam
915 2313 1171 2400 'processerunt
1186 2322 1340 2400 usquead
1350 2321 1472 2387 Urbem
1486 2343 1494 2384 ε
1510 2323 1545 2387 et
1557 2323 1730 2386 venientes

63 2419 223 2483 erubuit.
236 2422 357 2484 Eodem
371 2422 683 2501 temporadominus
698 2423 878 2500 Gregorius
933 2419 974 2482 ad
990 2419 1186 2482 Pontificem
1205 2421 1285 2481 tunc
1303 2419 1339 2481 in
1357 2419 1485 2498 synodo
1505 2418 1553 2500 (3)
1573 2421 1732 2484 residens

65 2519 164 2581 circa
195 2519 341 2582 mediam
370 2520 665 2598 Quadragesimam
699 2521 879 2584 concilium
931 2519 1010 2591 tem,
1026 2517 1195 2595 inprimis
1210 2518 1301 2595 regis
1316 2517 1448 2580 litteras
1470 2520 1736 2596 praesentarunt·

65 2617 271 2690 celebravit,
288 2619 324 2680 in
347 2634 412 2697 quo
433 2618 647 2696 sepedictum
671 2619 876 2694 Guibertum,
932 2618 965 2679 et
979 2615 1224 2694 consequenter
1237 2631 1298 2693 per
1312 2631 1350 2677 os
1365 2616 1472 2692 ipsius
1494 2617 1637 2680 Rolandi
1656 2633 1731 2687 cum

66 2716 153 2792 quia
176 2717 317 2778 vocatus
331 2715 448 2778 venire
469 2716 675 2793 contempsit,
692 2716 733 2778 ab
748 2717 879 2794 episco-
933 2714 1036 2777 nimio
1060 2714 1149 2777 tastu
1174 2716 1208 2776 et
1228 2713 1448 2794 contumacia,
1469 2713 1572 2777 locuti
1592 2716 1670 2778 suut
1692 2715 1729 2778 iu

65 2812 141 2890 pali
158 2812 275 2875 oiilcio
288 2813 446 2891 tanquam
461 2815 632 2892 perjurum
648 2815 829 2894 suspendit,
846 2817 879 2878 et
932 2811 1021 2874 hunc
1035 2811 1168 2874 modum
1183 2833 1190 2876 ε
1206 2828 1226 2873 s
1241 2813 1334 2874 Misit
1354 2827 1416 2874 nos
1436 2813 1591 2874 dominus
1613 2816 1731 2876 noster·

66 2911 233 2972 eumdem
243 2912 417 2987 Hugonem
428 2910 610 2973 Candidum
622 2909 682 2992 (1),
696 2911 877 2976 secundum
932 2910 1096 2972 tiedricus
1110 2923 1183 2982 rex,
1201 2910 1241 2972 de
1253 2910 1395 2972 consilio
1409 2911 1639 2988 episcoporum
1650 2927 1731 2972 suo-

65 3007 231 3086 Apostoli
241 3008 365 3070 dictum
380 3005 439 3088 (ad
451 3011 515 3072 au.
527 3011 583 3082 111,
599 3009 662 3090 10),
676 3012 878 3074 haereticum
932 2999 1006 3070 rum
1028 3010 1062 3070 et
1083 3005 1283 3088 principum,
1312 3009 1349 3069 ut
1375 3023 1415 3070 ea
1440 3023 1515 3086 quae
1538 3009 1671 3071 aroriter
1689 3009 1731 3070 da

66 3109 253 3168 bocalnem
264 3106 511 3181 postprtmam
533 3108 567 3168 ct
584 3111 879 3172 secundumcona-
932 3108 1021 3168 statu
1046 3105 1206 3168 Ecclesiae
1234 3106 1367 3168 censuit
1406 3107 1439 3168 et
1463 3106 1731 3169 irrevocabiliter

66 3205 304 3266 monitionem
329 3205 454 3277 deuito,
476 3206 637 3282 perpetuo
663 3205 704 3266 ab
728 3207 877 3270 Ecclesia
932 3205 1048 3268 statuit
1061 3201 1110 3284 (4)
1131 3203 1225 3268 robis
1247 3201 1378 3282 publice
1397 3202 1672 3278 demonstremus,
1689 3206 1732 3266 ,at

68 3301 312 3379 sequestravit.
330 3301 393 3364 Sed
408 3319 483 3364 cum
497 3302 562 3366 ista
575 3305 612 3365 in
628 3304 726 3367 ltalia
745 3305 875 3379 tierent,
933 3303 1112 3365 efficaciter
1123 3317 1375 3380 prosequamur.
1392 3301 1472 3363 Inde
1487 3302 1634 3379 estquod
1647 3318 1730 3380 prae-
1851 3291 1853 3298 ’

70 3401 231 3462 Saxones
256 3401 371 3462 contra
396 3417 509 3477 regem
536 3403 716 3465 Henricum
747 3403 878 3468 fortiter
932 3401 1085 3479 cipimus,
1100 3400 1133 3462 et
1147 3401 1729 3478 exauctoritateregispraecipiendo

69 3498 294 3572 rebellarunt,
311 3515 350 3559 aa
364 3499 520 3560 videlicet
534 3501 720 3571 occasione,
735 3503 814 3577 quia
827 3501 877 3562 eis
931 3498 1128 3559 mandamus
1150 3496 1212 3558 tibi
1233 3497 1404 3573 Gregorio,
1426 3498 1464 3559 ut
1478 3497 1519 3559 de
1537 3497 1729 3574 apostoliea

70 3611 163 3657 onus
176 3595 387 3673 importabile
401 3595 573 3672 satagebat
586 3595 877 3674 imponareaunde
933 3595 1018 3656 Sede
1049 3595 1123 3656 sine
1147 3609 1240 3654 mora
1265 3594 1461 3666 descendas,
1491 3595 1524 3656 et
1549 3595 1667 3656 amodo
1687 3595 1728 3657 de

71 3694 203 3756 accidit
215 3693 300 3770 quod
316 3708 392 3766 rex,
408 3693 444 3755 iu
462 3709 564 3754 manu
585 3693 697 3756 valida
712 3697 746 3758 et
759 3695 876 3758 multi·
932 3693 1065 3770 papatu,
1082 3691 1111 3752 si
1125 3691 1228 3753 vitam
1239 3691 1330 3752 tuam
1346 3690 1469 3767 diligis,
1486 3691 1519 3753 ta
1536 3691 1729 3754 nullatenus

69 3793 195 3854 tudine
216 3791 326 3866 gravi,
342 3791 523 3852 saxoniam
546 3806 590 3853 ex
616 3791 798 3869 improviso
823 3793 878 3854 in·
931 3788 1145 3852 intromittas.
1161 3786 1263 3850 Vobis
1287 3790 1398 3850 autem
1421 3789 1586 3866 episcopis
1600 3789 1634 3850 et
1647 3805 1727 3852 car-

70 3889 200 3952 travit:
215 3887 273 3950 sed
287 3888 444 3967 quoniam
458 3905 515 3951 eos
536 3890 717 3967 imparatos
740 3891 874 3967 invasit,
931 3886 1098 3950 dinalibus
1111 3886 1228 3948 eodem
1238 3885 1560 3963 modoinjungimus,
1572 3889 1607 3949 ut
1617 3903 1729 3965 recep·

70 3987 254 4052 victoriam
276 3987 428 4064 quamvis
460 3987 726 4050 cruentissimam
747 3989 873 4052 habuit
931 3987 997 4049 turi
1018 3985 1212 4048 Pontificem
1229 3984 1271 4046 ad
1291 3983 1438 4062 ejusdem
1459 3985 1549 4060 regis
1573 3999 1725 4062 praesen-

53 4157 55 4164 y
72 4087 219 4164 Quippe,
229 4086 316 4148 sicut
327 4101 347 4148 a
357 4085 574 4164 prudentibus
589 4086 770 4161 dicebatur,
784 4089 876 4166 quin·
930 4085 1011 4147 tiam
1019 4083 1194 4148 festinetis.
1205 4080 1356 4156 »Quibus
1363 4081 1722 4160 blasphemiisauditis,

72 4201 141 4262 que
159 4184 267 4244 millia
280 4185 429 4246 virorum
444 4200 487 4246 ex
501 4187 595 4262 parte
609 4187 745 4262 regisin
760 4188 875 4250 eodem
930 4185 1045 4244 contra
1078 4181 1231 4242 eumdem
1264 4179 1435 4242 Pontitlcis
1464 4181 1724 4244 conviciatorem
1854 4220 1856 4227 ·

72 4282 166 4344 bello
182 4280 373 4342 ceciderunt
388 4303 395 4342 :
411 4283 638 4344 verumtamen
652 4284 730 4362 quia
743 4285 875 4348 eosdem
929 4281 998 4342 tota
1013 4279 1161 4358 synodus
1183 4279 1230 4341 lta
1254 4278 1470 4340 veliementer
1483 4279 1620 4353 exarsit,
1638 4281 1724 4356 quod

73 4382 231 4441 Saxones
247 4377 310 4439 sibi
331 4394 397 4444 non
412 4379 792 4457 potuitsubjugare,rex
805 4384 876 4445 tan·
930 4379 997 4440 nisi
1012 4379 1067 4456 pia
1079 4377 1299 4442 mansuetudo
1310 4375 1401 4438 beati
1413 4380 1513 4453 Papae
1525 4379 1678 4454 Gregorii
1689 4395 1725 4439 se
1846 4402 1852 4414 ·

74 4493 177 4555 quam
189 4475 389 4538 victoriosus
403 4477 438 4539 in
453 4477 629 4540 Franciam
641 4477 691 4561 (u)
702 4483 873 4545 remeavit.
930 4475 1599 4554 objecisset,ipsumfidelesEcclesiaecum
1609 4476 1726 4553 lapidi-

75 4576 199 4638 Statim
224 4574 387 4636 immensa
410 4575 641 4653 episcoporum
665 4579 876 4647 multitudiue
930 4574 990 4635 bus
999 4573 1233 4636 trucidassent
1252 4573 1312 4633 Die
1332 4589 1413 4634 vero
1430 4573 1537 4635 altera
1549 4572 1668 4636 litterae
1683 4575 1725 4637 ab

76 4675 272 4746 convocata,
289 4688 355 4734 nou
372 4674 440 4750 egit
454 4674 580 4750 gratias
599 4678 666 4736 Deo
681 4692 742 4754 pro
757 4677 875 4754 adepta
931 4671 1094 4752 episcopis
1106 4669 1362 4733 ultramontanis
1377 4656 1530 4732 Pontifici
1545 4671 1727 4741 suntdela-

76 4772 231 4842 victoria,
256 4773 314 4834 sed
338 4764 503 4838 elevatum
526 4773 577 4836 est
599 4789 658 4835 cor
682 4777 767 4852 ejus,
790 4778 824 4839 et
840 4791 876 4839 sa
930 4771 984 4844 tae,
1000 4771 1035 4832 in
1055 4769 1174 4847 quibus
1200 4767 1443 4831 confitebantur
1462 4784 1498 4830 sa
1526 4785 1671 4840 errasse,
1693 4773 1726 4832 et

64 4954 69 4961 '
114 4945 158 5022 (l)
175 4950 214 5006 Le
226 4947 304 5006 card.
325 4951 444 5023 liugues
458 4949 485 5007 le
503 4950 601 5018 Biana,
614 4948 690 5022 jadis
705 4951 798 5024 grand
810 4967 874 5026 par·
932 4953 1109 5014 accusatam,
1131 4945 1228 5003 disant
1252 4944 1319 5016 qu'il
1338 4959 1370 5002 se
1388 4944 1482 5005 lirralt
1504 4943 1519 5002 b
1539 4946 1566 5004 la
1586 4963 1631 5004 ma
1657 4947 1683 5005 ie
1698 4957 1727 5007 et

78 5018 154 5076 tisun
177 5019 213 5077 de
230 5018 378 5093 Gregoire,
392 5035 504 5078 comme
521 5035 559 5078 ou
574 5021 610 5078 l’a
626 5036 664 5079 vu
679 5020 751 5078 dans
767 5023 792 5079 le
807 5023 878 5084 reclt
931 5027 960 5078 et
972 5018 1082 5076 ademit
1091 5019 1117 5074 le
1127 5015 1231 5085 diable,
1247 5017 1400 5100 ljappelant
1411 5015 1570 5100 beretique,
1587 4961 1723 5088 adafftdro,

79 5087 116 5145 de
135 5105 188 5147 son
210 5090 343 5155 electiori,
359 5093 469 5148 mettait
489 5099 550 5150 tom
571 5107 607 5149 en
625 5107 723 5149 muvre
739 5108 809 5166 pour
822 5094 877 5152 loe
931 5091 997 5149 bate
1011 5088 1105 5147 feroce
1119 5094 1354 5159 strangulasse.
1369 5091 1466 5161 Vorgt,
1481 5094 1501 5145 t.
1516 5089 1544 5160 Ξ,
1561 5106 1589 5163 p.
1604 5089 1649 5148 96.

79 5168 254 5220 merccutre
269 5177 303 5220 ce
314 5164 409 5220 meme
424 5162 561 5238 Grdgoire
575 5175 632 5222 uua
647 5164 766 5222 alliance
779 5163 878 5223 dircite
968 5159 1009 5234 (3)
1020 5163 1059 5218 Le
1074 5156 1193 5232 synode,
1213 5156 1373 5218 assemblee
1394 5159 1553 5230 restrainte,
1575 5159 1725 5242 dille'rente

81 5239 162 5289 entre
176 5233 203 5289 le
218 5233 359 5290 normaud
375 5233 479 5291 liabert
492 5242 521 5292 et
537 5234 716 5308 l'empereur.
932 5233 979 5292 du,
998 5253 1010 5282 ι
1024 5230 1181 5291 concitum
1194 5230 1341 5303 generale,
1355 5252 1366 5281 ι
1382 5229 1489 5288 dout'il
1501 5237 1545 5288 est
1565 5231 1643 5305 parle
1663 5233 1726 5306 plus

117 5303 159 5386 to)
175 5304 300 5361 Francis
313 5303 360 5362 bic
375 5303 883 5379 identidemdiciturproFruoeonta,
933 5303 1013 5361 baut.

82 5373 167 5432 latius
179 5389 285 5434 nomen
299 5373 355 5434 hoc
369 5375 519 5445 sumendo,
541 5377 615 5434 sicut
637 5378 724 5435 etiam
745 5379 878 5437 viciniam
969 5373 1009 5447 (l)
1025 5375 1081 5430 Les
1098 5372 1197 5430 ordres
1216 5369 1253 5430 de
1271 5373 1440 5446 l'empereur
1461 5372 1599 5432 termulae
1614 5373 1727 5433 dansle

83 5457 146 5502 com
168 5446 296 5503 lectatur.
933 5445 1043 5518 synoda
1062 5459 1099 5501 ne
1121 5445 1275 5517 pouvaieut
1294 5445 1354 5501 atre
1366 5442 1498 5518 acceptes
1512 5458 1580 5502 sans
1595 5461 1633 5504 un
1644 5460 1725 5504 com·

118 5516 146 5586 (b
171 5517 735 5591 Nicoleusminusrecte,pr0otrtoribus.
934 5519 992 5590 plat
1022 5514 1278 5589 assujettissement
1315 5513 1351 5572 de
1382 5515 1514 5588 l'Egllse.
1543 5517 1652 5586 C'etait,
1678 5533 1729 5592 par

120 5589 161 5670 tt)
174 5590 294 5662 llugues
307 5588 334 5646 le
349 5588 446 5658 Biana,
463 5589 536 5647 dans
550 5591 576 5647 le
591 5591 701 5648 concile
715 5591 750 5648 de
763 5593 880 5651 worma
935 5602 1055 5659 avanae,
1070 5584 1234 5661 lesystdme
1249 5586 1286 5645 du
1297 5586 1436 5645 czarlsme
1448 5584 1585 5661 implente
1597 5603 1633 5646 en
1642 5589 1727 5648 Occi·

85 5671 131 5729 qur
145 5674 288 5734 propones
304 5659 330 5717 la
343 5655 503 5735 dtposition
520 5660 555 5720 de
570 5661 719 5735 Grdgolre,
738 5678 770 5720 se
787 5665 879 5722 lltson
934 5659 1012 5717 dent.
1602 5664 1610 5679 ¹

226 5824 342 5872 almon.
362 5814 479 5902 rouel.
1546 5808 1588 5864 la.
