4084 6428
309 317 371 378 947
774 313 951 381 HONORII
972 315 1018 374 111
1041 315 1189 377 OPERA.
1207 343 1246 358 -
1262 315 1495 378 SERMONES.
1901 381 1904 388 ,
1922 315 1985 378 eia

309 477 409 540 tutes.
425 475 511 537 Nam
524 475 654 546 Petrus,
671 472 728 552 qui
742 472 834 552 prius
849 473 1107 536 anciliaevocem
1162 473 1199 536 in
1216 474 1351 536 Psalmo
1368 495 1376 534 :
1396 473 1594 538 Intellectus
1615 475 1722 538 bouus
1734 477 1910 538 omuibus
1921 479 1983 551 sn·-
2025 477 2026 520 ³

307 575 477 646 timuerat,
494 572 804 650 postreceptionem
830 571 973 650 Spiritus
994 571 1107 634 Sancti
1160 573 1328 634 cientibus
1341 587 1421 634 cum
1436 570 1506 651 (Ps.
1533 573 1601 645 llo,
1626 573 1689 652 10),
1713 574 1746 636 et
1768 573 1982 636 memoriam

310 687 378 733 non
393 671 555 733 dubitavit
570 670 702 747 portare
717 670 933 746 Evangelinm
953 670 1030 732 ante
1047 685 1105 732 re-
1162 669 1215 730 vel
1233 670 1269 730 in
1293 668 1524 732 contritionem
1548 671 1617 732 tarn
1636 672 1852 747 peccatorum
1874 688 1980 748 qnam

308 785 367 846 ges
382 770 415 831 et
429 767 588 847 praesides
602 769 736 844 propter
749 767 1000 828 nomeanristi
1014 770 1105 829 ιῐθειι.
1162 781 1346 842 poenarum,
1369 767 1422 828 rel
1443 768 1479 828 in
1498 767 1709 845 jncunditate
1729 769 1849 844 gloriae
1880 785 1986 830 corn-

349 867 477 928 Dicitnr
494 866 684 938 vehemens,
707 865 785 943 quia
803 865 994 938 vehemens,
1012 865 1107 944 quasi
1162 864 1288 940 pungit.
1306 863 1369 926 Sed
1380 881 1446 926 non
1461 864 1497 926 nt
1508 865 1576 926 nisi
1589 865 1624 926 in
1637 865 1750 928 anima
1764 866 1924 928 sedente.

307 965 434 1026 rebeus
457 963 625 1026 bominem
648 978 668 1023 a
692 964 813 1034 mente,
834 963 932 1040 Juxta
952 963 1038 1040 quod
1067 963 1107 1026 de
1203 961 1325 1024 Sedere
1348 963 1459 1024 antem
1482 963 1655 1040 quiescere
1680 962 1865 1040 significat.
1897 967 1930 1026 N
1934 981 1979 1026 on

309 1062 408 1124 Petro
421 1062 542 1124 dicitur
554 1061 589 1122 in
607 1060 743 1122 Actibus
760 1061 1004 1138 Apostolorum,
1021 1061 1107 1138 quod
1162 1075 1241 1135 ergo
1258 1059 1294 1120 in
1317 1061 1429 1120 anima
1451 1076 1512 1122 sua
1536 1059 1640 1133 sedet,
1657 1061 1715 1138 qui
1736 1061 1772 1122 in
1792 1061 1979 1124 voluntate

308 1161 423 1236 raptus
438 1161 473 1221 in
486 1159 627 1222 extasim
642 1158 726 1221 vidit
739 1157 898 1220 animalia
912 1158 976 1220 sibi
991 1158 1110 1220 dimis-
1162 1155 1249 1218 bona
1261 1158 1381 1218 etcum
1394 1159 1461 1218 Deo
1477 1173 1544 1220 non
1560 1158 1712 1235 quiescit.
1731 1159 1767 1219 Si
1780 1159 1859 1236 quis
1875 1161 1977 1220 estin

309 1273 347 1320 sa
362 1257 397 1318 in
412 1257 514 1320 disco.
532 1257 572 1319 nt
585 1257 710 1318 Paulus
731 1256 846 1334 raptus
862 1272 966 1334 usque
983 1257 1025 1317 ad
1041 1257 1108 1318 ter-
1162 1253 1262 1327 motu,
1284 1255 1447 1332 quomodo
1467 1253 1599 1316 libidini
1620 1271 1690 1318 suae
1712 1257 1851 1330 serviat,
1884 1273 1976 1333 quo-

307 1355 391 1418 tium
406 1356 525 1417 coelum
540 1353 709 1417 nesciebat
728 1356 838 1416 utrum
855 1355 891 1415 iu
913 1371 1051 1431 corpore
1063 1370 1107 1415 an
1162 1351 1257 1413 modo
1270 1351 1357 1428 gulae
1376 1351 1579 1430 obtemperet
1598 1353 1632 1414 et
1647 1353 1812 1430 quomodo
1828 1355 1977 1416 invidiae

308 1455 404 1515 extra
418 1468 549 1530 corpus.
572 1452 633 1514 Vel
655 1452 844 1524 vehemens,
868 1452 966 1520 idest,
982 1451 1107 1514 vehens
1161 1465 1326 1510 venenum
1340 1449 1498 1524 effundat,
1522 1467 1590 1512 non
1614 1451 1664 1512 est
1682 1451 1982 1514 istedesedenti·

308 1552 452 1612 mentem
471 1549 616 1612 bominis
637 1550 678 1611 ad
694 1550 878 1627 superiora,
899 1549 996 1627 Juxta
1020 1549 1106 1627 quod
1161 1545 1233 1619 bus,
1251 1545 1309 1608 sed
1320 1547 1517 1623 vagantibus
1531 1548 1568 1608 in
1583 1547 1680 1610 domo
1695 1549 1829 1610 auimae.
1855 1552 1977 1626 Vaga-

309 1648 489 1709 deJoanne
502 1647 623 1709 dicitur
645 1648 680 1708 in
701 1648 910 1726 Apocalypsi,
927 1647 1013 1725 qnod
1029 1663 1108 1724 rap-
1161 1645 1264 1705 turin
1283 1644 1393 1718 domo,
1417 1644 1474 1706 ubi
1497 1645 1593 1707 erant
1618 1647 1766 1724 Apostoli
1795 1647 1978 1720 sedentes,

309 1745 363 1808 tus
379 1745 413 1806 in
428 1745 571 1806 montem
588 1761 742 1820 magnum
755 1745 788 1808 et
799 1747 901 1808 altum
913 1746 997 1808 vidit
1009 1749 1108 1808 Jeru-
1161 1742 1340 1818 antequam
1370 1743 1530 1820 Spiritum
1558 1744 1714 1806 Sanctum
1745 1745 1974 1823 recepissent.

309 1842 413 1903 salem
432 1858 552 1904 novam
576 1841 827 1904 descendentem
843 1843 883 1903 de
897 1843 981 1904 coelo
1004 1845 1106 1904 aDeo
1163 1839 1253 1900 Sciat
1265 1839 1368 1916 igitur
1389 1840 1539 1918 quilibet,
1556 1841 1642 1918 quod
1660 1842 1804 1918 Spiritus
1822 1845 1973 1904 Sanctus

308 1939 459 2016 paratam
484 1941 651 2017 tamquam
681 1956 836 2018 sponsam
860 1941 1011 2002 ornatam
1033 1941 1106 2001 viro
1162 1953 1228 1999 non
1250 1937 1356 2014 replet
1379 1938 1525 2010 domum,
1546 1938 1603 2000 ubi
1635 1939 1765 2001 invenit
1787 1945 1974 2016 vagantes,

308 2053 380 2099 suo.
404 2037 444 2100 nt
467 2037 572 2099 isaias
593 2059 601 2099 ε
632 2041 706 2098 Vidi
722 2042 909 2100 Doueiuuuc
931 2038 1108 2100 sedctztem
1162 2051 1220 2095 seu
1236 2033 1291 2096 ubi
1312 2035 1440 2097 invenit
1459 2036 1622 2098 sedentes.
1638 2037 1731 2098 Unde
1747 2040 1875 2100 Amos:
1891 2043 1969 2112 His,

308 2150 415 2208 super
430 2137 554 2202 sotium
576 2141 751 2198 euceisum
766 2133 822 2214 (Is.
840 2151 887 2208 vr,
909 2133 953 2214 1).
968 2135 1007 2196 Et
1022 2138 1105 2196 Eze-
1161 2137 1219 2206 qut
1241 2133 1329 2207 loris
1351 2135 1444 2206 saliit,
1468 2135 1635 2196 dicetur:
1663 2151 1729 2208 one,
1755 2151 1812 2197 ooe
1838 2135 1974 2216 (Amos,

309 2231 399 2294 chiel
420 2233 503 2294 vidit
520 2233 627 2294 rotam
651 2232 686 2292 in
711 2232 818 2295 medio
833 2233 925 2305 rotae,
953 2233 986 2294 et
1003 2233 1052 2294 sic
1066 2232 1107 2292 de
1160 2245 1192 2300 v,
1211 2227 1275 2308 lo).

313 2329 446 2390 coeteris
458 2330 640 2408 prophetis,
661 2331 740 2407 quia
761 2330 897 2406 spiritus
918 2330 1106 2407 Propheta·
1202 2327 1242 2388 Et
1264 2325 1350 2389 sicut
1377 2327 1521 2404 Spiritus
1542 2329 1684 2390 Sanctus
1699 2329 1847 2407 replevit
1867 2331 1970 2393 totam

309 2443 384 2489 rum
400 2427 567 2505 subiectus
582 2429 632 2490 est
646 2428 706 2500 eis,
723 2427 840 2490 etideo
853 2429 979 2489 mentes
991 2443 1106 2490 eorum
1162 2422 1305 2498 domum,
1331 2423 1387 2486 ubi
1403 2427 1500 2487 erant
1523 2426 1673 2504 Apostoli
1692 2430 1909 2505 congregati,
1926 2429 1970 2490 ita

309 2541 440 2603 semper
451 2525 543 2588 sebit
555 2526 595 2588 ad
606 2527 791 2604 superiora.
805 2525 904 2588 Venit
919 2541 997 2602 ergo
1010 2526 1107 2587 rebe·
1160 2521 1196 2581 in
1218 2521 1329 2584 tuturo
1344 2522 1486 2600 replebit
1502 2525 1605 2588 totam
1628 2524 1829 2598 Ecclesiam,
1851 2527 1890 2586 in
1907 2543 1969 2604 qua

309 2639 404 2684 mens
420 2623 564 2701 Spiritus
585 2623 737 2696 Sanctus,
754 2623 885 2700 quando
900 2622 987 2684 istud
1003 2627 1106 2685 velta
1161 2621 1258 2682 erunt
1292 2621 1356 2682 soli
1381 2619 1459 2682 boni
1491 2623 1523 2682 et
1547 2638 1662 2684 omnes
1696 2621 1786 2684 boni.
1822 2625 1970 2701 Spiritus

309 2720 464 2783 cordibus
479 2737 614 2784 suorum
631 2720 757 2783 adimit.
773 2720 862 2792 Quod
879 2720 926 2792 tlt,
941 2737 1014 2781 cum
1029 2735 1108 2797 pec-
1161 2717 1301 2778 Sanctus
1312 2718 1481 2780 descendit
1491 2719 1532 2780 de
1543 2719 1627 2781 coelo
1637 2721 1785 2797 repente,
1802 2723 1841 2782 ut
1854 2723 1967 2784 osten-

312 2820 386 2880 cata
401 2819 547 2882 dimittit.
569 2820 670 2891 Quasi
687 2819 812 2880 diceret
826 2835 833 2879 :
848 2818 947 2880 Venit
958 2833 1037 2894 ergo
1051 2833 1107 2878 so-
1160 2813 1252 2876 deret
1264 2815 1573 2878 suamvoluntatem
1584 2819 1616 2878 et
1628 2817 1874 2891 tortitudinem,
1890 2821 1964 2896 quia

307 2931 383 2980 nus.
397 2917 451 2978 vel
467 2917 602 2994 spiritus
617 2917 652 2978 in
672 2915 889 2977 similitudine
903 2916 993 2978 venti
1004 2915 1107 2977 rebe·
1160 2911 1231 2988 ipse
1243 2913 1294 2974 est
1308 2913 1406 2975 velox
1417 2915 1450 2976 et
1461 2914 1556 2977 tortis
1571 2914 1612 2977 ad
1634 2915 1711 2988 tria,
1727 2915 1905 2988 videlicet,
1928 2917 1966 2977 ad

308 3014 439 3084 mentis,
454 3014 488 3075 et
499 3014 639 3091 replevit
648 3013 708 3074 ille
718 3030 819 3074 sonus
828 3014 882 3075 vel
895 3013 952 3074 ille
968 3013 1105 3090 spiritus
1160 3009 1355 3084 docendum,
1381 3011 1422 3072 ad
1440 3011 1701 3090 justificandum,
1728 3013 1762 3074 et
1786 3013 1832 3074 ad
1856 3015 1967 3094 glori—

307 3109 410 3170 totam
423 3109 566 3182 domum,
580 3109 635 3169 ubi
646 3111 741 3170 erant
753 3110 915 3181 sedentes,
930 3109 1027 3182 idest,
1041 3109 1105 3170 viri
1160 3107 1337 3169 ficandum.
1373 3112 1426 3172 Au
1448 3113 1646 3182 docemur,
1671 3109 1760 3173 sicut
1787 3111 1824 3172 in
1856 3116 1968 3189 Apos-

306 3206 340 3268 et
359 3204 528 3278 mulieres,
562 3205 657 3280 idest,
691 3207 823 3268 centum
851 3206 970 3282 viginti
992 3204 1105 3268 fideles
1160 3203 1248 3276 tolis,
1272 3207 1329 3283 qni
1342 3222 1417 3268 cum
1434 3210 1545 3269 essent
1563 3207 1676 3270 idiotae
1690 3209 1724 3270 et
1740 3209 1816 3270 sine
1829 3210 1964 3280 litteris,

306 3301 460 3366 sedentes
477 3303 513 3364 in
534 3303 642 3376 domo,
664 3303 742 3381 quia
764 3303 887 3364 dictum
902 3302 1010 3366 tuerat
1033 3303 1103 3364 eis:
1161 3301 1269 3367 subito
1307 3305 1506 3382 acceperunt
1540 3322 1671 3368 omnem
1705 3307 1898 3380 scientiam,
1935 3309 1965 3369 et

304 3403 426 3464 Sedete
454 3405 491 3462 iu
516 3402 666 3474 ciuitate,
703 3415 877 3476 quousque
909 3404 1106 3464 induamini
1160 3415 1292 3462 omnem
1312 3399 1500 3475 linguarum
1520 3402 1684 3463 notitiam.
1694 3401 1788 3464 Unde
1813 3402 1850 3464 in
1872 3403 1964 3466 Acti-

307 3499 439 3562 otrtute
451 3515 497 3561 cu
511 3501 579 3562 ulto
593 3497 686 3578 (Luc.
697 3485 790 3570 xxrv,
805 3495 870 3578 49).
1159 3496 1220 3560 bus
1246 3497 1477 3575 Apostolorum
1498 3499 1708 3574 :Coepcruui
1733 3504 1826 3576 ioqui
1852 3505 1968 3562 variis

345 3597 432 3660 Nota
441 3601 573 3660 sedere.
583 3599 658 3660 Non
668 3596 839 3660 descendit
852 3597 994 3674 Spiritus
1007 3600 1106 3659 Sanc·
1158 3599 1285 3673 iniquis
1324 3597 1500 3672 munnio
1533 3599 1616 3670 Dei,
1652 3599 1761 3672 prout
1809 3601 1963 3672 Spiritus

305 3695 360 3757 tus
374 3697 415 3756 ad
436 3711 506 3768 vos,
533 3695 599 3758 nisi
618 3695 762 3758 sedeatis
777 3695 887 3758 mente
907 3697 940 3758 et
954 3711 1102 3773 corpore,
1159 3695 1305 3756 Sanctus
1335 3695 1436 3755 dabat
1474 3697 1583 3768 eloqui
1618 3697 1683 3757 titis
1716 3694 1803 3774 (Act.
1832 3712 1872 3769 11,
1918 3695 1963 3776 4).

307 3793 343 3856 ut
358 3809 420 3856 nec
435 3809 528 3856 mens
542 3809 629 3856 vana
643 3793 776 3869 cogitet,
795 3808 857 3854 nec
875 3809 995 3870 corpus
1010 3795 1105 3855 extra
1159 3791 1199 3852 Et
1221 3791 1256 3852 in
1278 3790 1457 3866 Evangelio
1477 3813 1484 3851 :
1504 3795 1584 3854 Nou
1600 3796 1693 3854 cuim
1709 3808 1769 3855 vos
1783 3794 1883 3864 estis,
1907 3799 1964 3869 qui

304 3890 465 3954 terminos
480 3891 676 3954 constitutos
697 3890 893 3952 deambulet.
910 3907 928 3951 s
943 3892 983 3952 Et
996 3889 1106 3968 reple-
1159 3891 1347 3964 ioqrumiut,
1370 3892 1430 3950 sed
1450 3890 1596 3964 spiritus
1618 3891 1739 3952 Patris
1760 3893 1886 3964 vestri,
1907 3897 1962 3968 qui

305 3989 467 4050 vittotam
482 3987 626 4061 domurn,
646 3988 702 4049 ubi
717 3989 812 4050 erant
826 3987 988 4050 sedentes.
1005 3990 1104 4050 »Do-
1158 3986 1309 4059 loquitur
1323 3987 1360 4048 iu
1382 3989 1474 4048 eoois
1497 3983 1628 4064 (Matth.
1649 4003 1683 4060 x,
1707 3985 1774 4066 20).
1792 3990 1835 4050 Et
1855 3993 1964 4066 Apos-

305 4101 380 4146 mus
399 4085 433 4146 in
454 4101 550 4148 sacra
572 4086 744 4164 Scriptura
767 4085 995 4162 multipliciter
1015 4084 1099 4147 acci·
1155 4081 1246 4144 tolus
1272 4082 1376 4144 dicit:
1405 4085 1559 4156 Spiritus
1586 4085 1672 4156 ejus
1695 4088 1754 4159 qui
1778 4087 1962 4148 saucitooit

306 4183 407 4260 pitur,
428 4183 486 4244 sed
515 4183 570 4244 bio
591 4183 783 4258 significare
806 4182 940 4246 videtur
959 4183 1105 4245 animam
1159 4181 1336 4244 Christum
1374 4195 1397 4242 a
1434 4182 1594 4253 mortuis,
1627 4183 1758 4244 tubitet
1794 4187 1834 4245 in
1869 4189 1959 4247 vobis

303 4279 396 4357 justi,
416 4294 515 4356 qnam
537 4280 644 4355 replet
669 4280 811 4356 Spiritus
832 4281 974 4342 Sanctus
990 4281 1101 4342 totam.
1160 4276 1269 4357 (Rom.
1285 4293 1356 4347 rur,
1371 4276 1435 4357 11).
1453 4281 1499 4340 De
1513 4278 1591 4340 aliis
1613 4277 1741 4341 duobus
1761 4280 1810 4341 nil
1824 4281 1867 4342 ad
1881 4299 1962 4360 prae-

308 4376 372 4440 Sed
387 4375 550 4454 quomodo
575 4377 689 4438 anima
715 4378 822 4455 potest
846 4377 910 4438 dici
932 4378 1012 4451 tota,
1030 4395 1104 4440 cum
1159 4391 1247 4437 sens.
1267 4375 1375 4437 Velox
1388 4377 1450 4446 est,
1467 4377 1545 4453 quia
1566 4392 1663 4453 quern
1677 4377 1760 4450 vult,
1777 4379 1811 4438 et
1829 4381 1958 4456 quando

305 4476 416 4554 partes
429 4490 495 4536 non
514 4473 644 4548 babeat,
670 4473 728 4536 sed
747 4474 791 4536 sit
805 4490 859 4535 res
874 4475 1008 4537 omnino
1024 4476 1105 4536 sim·
1158 4473 1239 4547 vult,
1256 4471 1367 4548 docet,
1382 4473 1461 4550 quia
1484 4473 1557 4552 ipse
1577 4473 1678 4536 habet
1699 4474 1828 4536 clavem
1842 4477 1955 4549 David,

305 4573 403 4652 plexi
428 4572 478 4634 Ad
506 4573 579 4634 baec
602 4571 742 4634 dicimus
766 4573 852 4650 quod
874 4571 974 4635 habet
992 4573 1104 4636 anima
1158 4570 1214 4647 qui
1229 4570 1346 4648 aperit,
1363 4571 1396 4632 et
1409 4586 1506 4632 nemo
1521 4571 1660 4647 clandit;
1675 4571 1801 4635 claudit
1815 4574 1850 4635 et
1864 4591 1957 4637 nemo

304 4673 427 4749 partes,
444 4686 510 4732 non
530 4669 721 4748 integrales
747 4671 804 4732 sed
824 4671 995 4732 virtuales.
1022 4673 1105 4734 Sunt
1158 4668 1276 4746 aperit.

305 4769 415 4832 autem
430 4769 498 4830 tres
514 4771 586 4847 ejus
606 4767 729 4846 partes,
752 4767 848 4840 idest,
865 4769 1033 4845 potentiae,
1052 4769 1105 4830 vi·
1198 4765 1356 4828 Dominus
1371 4765 1472 4828 babet
1491 4767 1617 4828 clavem
1636 4767 1752 4840 David,
1772 4767 1871 4841 idest,
1889 4787 1959 4831 mo-

303 4867 433 4937 dclicet,
450 4865 655 4938 animositas
672 4864 873 4939 intellectus,
887 4867 919 4928 et
931 4866 1101 4929 memoria.
1159 4863 1235 4925 dum
1245 4863 1299 4924 vel
1309 4864 1459 4940 regulam
1470 4865 1658 4942 exponendi
1668 4865 1871 4942 Scripturas.
1885 4869 1958 4944 lpse

301 4964 577 5035 Animositasest,
591 4979 656 5040 qua
669 4963 709 5024 ad
723 4961 909 5025 bonumve}
924 4963 965 5024 ad
979 4962 1103 5025 malum
1159 4961 1266 5040 aperit
1290 4977 1387 5022 sacra
1411 4961 1580 5040 mysteria,
1605 4962 1725 5041 quibus
1744 4963 1900 5038 voluerit,
1925 4967 1957 5026 et

301 5061 470 5125 animatur
485 5060 960 5138 concupiscend0;intellectus
973 5063 1024 5124 est
1039 5079 1103 5140 quo
1159 5075 1265 5121 memo
1290 5057 1430 5132 claudit,
1457 5059 1558 5133 idest,
1588 5060 1700 5121 nullus
1725 5060 1826 5122 bomo
1852 5065 1957 5139 potest

302 5175 423 5238 eaquae
432 5159 496 5222 sibi
506 5159 695 5232 occurrunt,
706 5174 825 5236 capere
838 5158 975 5236 sufficit;
984 5177 1105 5222 memo·
1158 5157 1313 5220 claudere
1326 5173 1472 5229 sensum,
1488 5158 1542 5219 cui
1557 5159 1716 5220 Dominus
1730 5161 1911 5236 aperuerit,
1925 5163 1957 5223 et

302 5259 354 5320 ria
374 5259 434 5330 est,
464 5273 528 5335 qua
550 5257 719 5335 praeterita
744 5257 981 5318 reminiscitur.
1012 5261 1104 5320 Tunc
1159 5272 1177 5316 e
1201 5271 1372 5317 conversa.
1394 5256 1489 5328 Quia,
1513 5256 1600 5318 sicut
1621 5255 1839 5318 dicitPaulus
1855 5280 1863 5318 ι
1879 5263 1955 5322 Nou

302 5371 382 5432 ergo
403 5355 545 5434 Spiritus
567 5355 708 5417 Sanctus
722 5355 825 5416 totam
838 5355 944 5432 replet
957 5355 1100 5430 domum,
1157 5355 1209 5416 est
1225 5355 1379 5426 volentia,
1397 5368 1506 5428 ucqrcc
1520 5357 1706 5426 currentis,
1724 5358 1785 5416 scd
1801 5359 1868 5417 Dei
1886 5361 1953 5417 rezi-

301 5453 397 5527 idest,
414 5454 561 5516 animam
580 5455 740 5525 nostram,
767 5469 843 5515 cnm
859 5453 1103 5516 etenimosiia-
1156 5453 1306 5514 serentis
1335 5449 1444 5532 (Rom.
1471 5468 1517 5524 vr,
1549 5449 1613 5532 16).
1643 5451 1743 5513 Nulla
1772 5453 1825 5515 est
1852 5471 1954 5528 mora,

301 5550 379 5620 tem,
395 5551 491 5624 idest,
503 5552 707 5614 voluntatem
720 5551 894 5614 adbonum
907 5551 1057 5626 inclinat,
1072 5555 1105 5616 et
1159 5550 1251 5611 nulla
1265 5556 1316 5612 est
1329 5549 1481 5623 tarditas,
1500 5549 1569 5621 sed,
1590 5566 1668 5612 mox
1689 5551 1725 5612 ut
1740 5551 1886 5614 voluerit
1904 5569 1956 5614 rs-

302 5647 507 5712 intellecium
521 5649 618 5714 bonis
639 5649 795 5730 operibus
811 5649 992 5730 conjungit.
1010 5652 1104 5716 Unde
1159 5647 1236 5728 plet.
1267 5647 1361 5710 Unde
1394 5647 1597 5710 Psalmista:
1620 5665 1638 5710 s
1655 5647 1824 5712 velociter
1854 5650 1955 5713 currit
