<?xml version="1.0" encoding="UTF-8"?>
<!DOCTYPE html PUBLIC "-//W3C//DTD XHTML 1.0 Transitional//EN"
    "http://www.w3.org/TR/xhtml1/DTD/xhtml1-transitional.dtd">
<html xmlns="http://www.w3.org/1999/xhtml" xml:lang="en" lang="en">
 <head>
  <title>
</title>
<meta http-equiv="Content-Type" content="text/html;charset=utf-8" />
  <meta name='ocr-system' content='tesseract 3.04.00' />
  <meta name='ocr-capabilities' content='ocr_page ocr_carea ocr_par ocr_line ocrx_word'/>
</head>
<body>
  <div class='ocr_page' id='page_1' title='image "./mediiaevibiblio05bottgoog/mediiaevibiblio05bottgoog_0456.png"; bbox 0 0 4084 6428; ppageno 0'>
   <div class='ocr_carea' id='block_1_1' title="bbox 39 219 1714 292">
    <p class='ocr_par' dir='ltr' id='par_1_1' title="bbox 39 219 1714 292">
     <span class='ocr_line' id='line_1_1' title="bbox 39 219 1714 292; baseline -0.005 -6"><span class='ocrx_word' id='word_1_1' title='bbox 39 221 110 285; x_wconf 78' lang='lat'>833</span> <span class='ocrx_word' id='word_1_2' title='bbox 705 221 749 284; x_wconf 86' lang='lat' dir='ltr'>IN</span> <span class='ocrx_word' id='word_1_3' title='bbox 771 221 896 283; x_wconf 78' lang='lat' dir='ltr'>COENA</span> <span class='ocrx_word' id='word_1_4' title='bbox 918 221 1080 292; x_wconf 79' lang='lat' dir='ltr'><strong>DOMINI,</strong></span> <span class='ocrx_word' id='word_1_5' title='bbox 1655 219 1714 280; x_wconf 77' lang='lat'>834</span> 
     </span>
    </p>
   </div>
   <div class='ocr_carea' id='block_1_2' title="bbox 41 377 1722 1628">
    <p class='ocr_par' dir='ltr' id='par_1_2' title="bbox 41 377 1722 1628">
     <span class='ocr_line' id='line_1_2' title="bbox 56 377 1715 464; baseline -0.001 -22"><span class='ocrx_word' id='word_1_6' title='bbox 56 453 61 464; x_wconf 34' lang='grc' dir='ltr'>Ι</span> <span class='ocrx_word' id='word_1_7' title='bbox 88 383 185 444; x_wconf 82' lang='lat' dir='ltr'>Item</span> <span class='ocrx_word' id='word_1_8' title='bbox 199 380 300 444; x_wconf 87' lang='lat' dir='ltr'>turba</span> <span class='ocrx_word' id='word_1_9' title='bbox 316 395 389 458; x_wconf 81' lang='lat' dir='ltr'>quea</span> <span class='ocrx_word' id='word_1_10' title='bbox 403 379 495 444; x_wconf 89' lang='lat' dir='ltr'>venit</span> <span class='ocrx_word' id='word_1_11' title='bbox 521 397 596 442; x_wconf 89' lang='lat' dir='ltr'>cum</span> <span class='ocrx_word' id='word_1_12' title='bbox 616 381 718 443; x_wconf 89' lang='lat' dir='ltr'>ramis</span> <span class='ocrx_word' id='word_1_13' title='bbox 733 378 864 458; x_wconf 88' lang='lat' dir='ltr'>palma·</span> <span class='ocrx_word' id='word_1_14' title='bbox 919 378 1068 444; x_wconf 79' lang='lat' dir='ltr'>lasciviis</span> <span class='ocrx_word' id='word_1_15' title='bbox 1082 381 1115 444; x_wconf 89' lang='lat' dir='ltr'>et</span> <span class='ocrx_word' id='word_1_16' title='bbox 1128 379 1321 443; x_wconf 88' lang='lat' dir='ltr'>erroribust</span> <span class='ocrx_word' id='word_1_17' title='bbox 1337 379 1377 442; x_wconf 82' lang='lat' dir='ltr'>ut</span> <span class='ocrx_word' id='word_1_18' title='bbox 1394 379 1481 440; x_wconf 87' lang='lat' dir='ltr'>sicut</span> <span class='ocrx_word' id='word_1_19' title='bbox 1494 377 1552 440; x_wconf 88' lang='lat' dir='ltr'>ille</span> <span class='ocrx_word' id='word_1_20' title='bbox 1565 377 1715 440; x_wconf 89' lang='lat' dir='ltr'>indomi-</span> 
     </span>
     <span class='ocr_line' id='line_1_3' title="bbox 41 475 1715 557; baseline 0 -19"><span class='ocrx_word' id='word_1_21' title='bbox 41 495 127 538; x_wconf 91' lang='lat' dir='ltr'>rum</span> <span class='ocrx_word' id='word_1_22' title='bbox 146 479 327 554; x_wconf 81' lang='lat' dir='ltr'>significat</span> <span class='ocrx_word' id='word_1_23' title='bbox 341 479 468 551; x_wconf 87' lang='lat' dir='ltr'>laudes,</span> <span class='ocrx_word' id='word_1_24' title='bbox 484 494 566 555; x_wconf 83' lang='lat' dir='ltr'>quas</span> <span class='ocrx_word' id='word_1_25' title='bbox 580 479 699 541; x_wconf 85' lang='lat' dir='ltr'>Patres</span> <span class='ocrx_word' id='word_1_26' title='bbox 712 479 748 540; x_wconf 92' lang='lat' dir='ltr'>in</span> <span class='ocrx_word' id='word_1_27' title='bbox 761 477 865 540; x_wconf 83' lang='lat' dir='ltr'>reteri</span> <span class='ocrx_word' id='word_1_28' title='bbox 919 481 984 551; x_wconf 88' lang='lat' dir='ltr'>tus,</span> <span class='ocrx_word' id='word_1_29' title='bbox 999 479 1047 542; x_wconf 87' lang='lat' dir='ltr'>ita</span> <span class='ocrx_word' id='word_1_30' title='bbox 1060 479 1202 557; x_wconf 88' lang='lat' dir='ltr'>populus</span> <span class='ocrx_word' id='word_1_31' title='bbox 1225 478 1373 554; x_wconf 89' lang='lat' dir='ltr'>gentium</span> <span class='ocrx_word' id='word_1_32' title='bbox 1393 491 1459 539; x_wconf 87' lang='lat' dir='ltr'>non</span> <span class='ocrx_word' id='word_1_33' title='bbox 1471 476 1543 539; x_wconf 88' lang='lat' dir='ltr'>erat</span> <span class='ocrx_word' id='word_1_34' title='bbox 1563 475 1715 552; x_wconf 85' lang='lat' dir='ltr'>subjugo</span> 
     </span>
     <span class='ocr_line' id='line_1_4' title="bbox 43 573 1716 654; baseline 0 -18"><span class='ocrx_word' id='word_1_35' title='bbox 43 576 281 638; x_wconf 81' lang='lat' dir='ltr'>Testamento</span> <span class='ocrx_word' id='word_1_36' title='bbox 302 577 336 639; x_wconf 91' lang='lat' dir='ltr'>et</span> <span class='ocrx_word' id='word_1_37' title='bbox 359 591 444 638; x_wconf 84' lang='lat' dir='ltr'>novo</span> <span class='ocrx_word' id='word_1_38' title='bbox 463 575 644 638; x_wconf 81' lang='lat' dir='ltr'>reddebant</span> <span class='ocrx_word' id='word_1_39' title='bbox 667 579 749 650; x_wconf 87' lang='lat' dir='ltr'>Deo,</span> <span class='ocrx_word' id='word_1_40' title='bbox 768 577 866 654; x_wconf 83' lang='lat' dir='ltr'>juxta</span> <span class='ocrx_word' id='word_1_41' title='bbox 919 577 1043 639; x_wconf 76' lang='lat' dir='ltr'>veteris</span> <span class='ocrx_word' id='word_1_42' title='bbox 1064 577 1118 638; x_wconf 82' lang='lat' dir='ltr'>vel</span> <span class='ocrx_word' id='word_1_43' title='bbox 1141 575 1219 639; x_wconf 88' lang='lat' dir='ltr'>novi</span> <span class='ocrx_word' id='word_1_44' title='bbox 1240 574 1452 636; x_wconf 81' lang='lat' dir='ltr'>Testamenti.</span> <span class='ocrx_word' id='word_1_45' title='bbox 1468 574 1509 634; x_wconf 83' lang='lat' dir='ltr'>et</span> <span class='ocrx_word' id='word_1_46' title='bbox 1522 573 1608 650; x_wconf 83' lang='lat' dir='ltr'>quod</span> <span class='ocrx_word' id='word_1_47' title='bbox 1629 573 1716 636; x_wconf 90' lang='lat' dir='ltr'>sedit</span> 
     </span>
     <span class='ocr_line' id='line_1_5' title="bbox 44 669 1716 751; baseline -0.001 -17"><span class='ocrx_word' id='word_1_48' title='bbox 44 673 139 734; x_wconf 92' lang='lat' dir='ltr'>illud</span> <span class='ocrx_word' id='word_1_49' title='bbox 152 674 337 751; x_wconf 83' lang='lat' dir='ltr'>Evangelii</span> <span class='ocrx_word' id='word_1_50' title='bbox 354 675 422 736; x_wconf 76' lang='lat' dir='ltr'>:ct</span> <span class='ocrx_word' id='word_1_51' title='bbox 434 677 493 748; x_wconf 81' lang='lat' dir='ltr'>qui</span> <span class='ocrx_word' id='word_1_52' title='bbox 504 675 676 749; x_wconf 71' lang='lat' dir='ltr'>preibant</span> <span class='ocrx_word' id='word_1_53' title='bbox 689 676 723 736; x_wconf 91' lang='lat' dir='ltr'>et</span> <span class='ocrx_word' id='word_1_54' title='bbox 737 679 795 749; x_wconf 79' lang='lat' dir='ltr'>out</span> <span class='ocrx_word' id='word_1_55' title='bbox 806 688 866 735; x_wconf 89' lang='lat' dir='ltr'>se·</span> <span class='ocrx_word' id='word_1_56' title='bbox 921 689 1021 751; x_wconf 89' lang='lat' dir='ltr'>super</span> <span class='ocrx_word' id='word_1_57' title='bbox 1035 673 1172 750; x_wconf 92' lang='lat' dir='ltr'>pullum,</span> <span class='ocrx_word' id='word_1_58' title='bbox 1188 672 1355 748; x_wconf 84' lang='lat' dir='ltr'>significat</span> <span class='ocrx_word' id='word_1_59' title='bbox 1368 669 1454 749; x_wconf 89' lang='lat' dir='ltr'>quod</span> <span class='ocrx_word' id='word_1_60' title='bbox 1468 670 1540 748; x_wconf 92' lang='lat' dir='ltr'>ipse</span> <span class='ocrx_word' id='word_1_61' title='bbox 1553 671 1627 732; x_wconf 88' lang='lat' dir='ltr'>erat</span> <span class='ocrx_word' id='word_1_62' title='bbox 1640 685 1716 732; x_wconf 87' lang='lat' dir='ltr'>ses-</span> 
     </span>
     <span class='ocr_line' id='line_1_6' title="bbox 46 767 1718 848; baseline -0.003 -15"><span class='ocrx_word' id='word_1_63' title='bbox 46 773 264 846; x_wconf 76' lang='lat' dir='ltr'>querantur</span> <span class='ocrx_word' id='word_1_64' title='bbox 290 772 481 833; x_wconf 81' lang='lat' dir='ltr'>clamabant</span> <span class='ocrx_word' id='word_1_65' title='bbox 513 773 663 834; x_wconf 82' lang='lat' dir='ltr'>dicentes</span> <span class='ocrx_word' id='word_1_66' title='bbox 677 789 687 832; x_wconf 94' lang='lat'><em>:</em></span> <span class='ocrx_word' id='word_1_67' title='bbox 706 775 868 833; x_wconf 61' lang='lat' dir='ltr'>&amp;nearc-</span> <span class='ocrx_word' id='word_1_68' title='bbox 922 786 1019 832; x_wconf 89' lang='lat' dir='ltr'>surus</span> <span class='ocrx_word' id='word_1_69' title='bbox 1040 785 1139 848; x_wconf 89' lang='lat' dir='ltr'>super</span> <span class='ocrx_word' id='word_1_70' title='bbox 1158 769 1278 848; x_wconf 92' lang='lat' dir='ltr'>populo</span> <span class='ocrx_word' id='word_1_71' title='bbox 1297 769 1373 831; x_wconf 87' lang='lat' dir='ltr'>isto.</span> <span class='ocrx_word' id='word_1_72' title='bbox 1401 769 1636 832; x_wconf 86' lang='lat' dir='ltr'>Verumtamen</span> <span class='ocrx_word' id='word_1_73' title='bbox 1658 767 1718 829; x_wconf 92' lang='lat' dir='ltr'>alii</span> 
     </span>
     <span class='ocr_line' id='line_1_7' title="bbox 48 864 1716 948; baseline -0.001 -20"><span class='ocrx_word' id='word_1_74' title='bbox 48 870 110 930; x_wconf 85' lang='lat' dir='ltr'>tus</span> <span class='ocrx_word' id='word_1_75' title='bbox 118 871 293 943; x_wconf 76' lang='lat' dir='ltr'>postvenit</span> <span class='ocrx_word' id='word_1_76' title='bbox 304 872 630 931; x_wconf 76' lang='lat' dir='ltr'>tonorsttrteliomtnt</span> <span class='ocrx_word' id='word_1_77' title='bbox 642 866 865 948; x_wconf 75' lang='lat' dir='ltr'>(Marcxntt).</span> <span class='ocrx_word' id='word_1_78' title='bbox 922 868 1136 944; x_wconf 83' lang='lat' dir='ltr'>evangelistae</span> <span class='ocrx_word' id='word_1_79' title='bbox 1156 867 1270 928; x_wconf 90' lang='lat' dir='ltr'>dicunt</span> <span class='ocrx_word' id='word_1_80' title='bbox 1296 867 1337 928; x_wconf 92' lang='lat' dir='ltr'>de</span> <span class='ocrx_word' id='word_1_81' title='bbox 1357 867 1464 938; x_wconf 86' lang='lat' dir='ltr'>asina,</span> <span class='ocrx_word' id='word_1_82' title='bbox 1485 864 1519 927; x_wconf 88' lang='lat' dir='ltr'>et</span> <span class='ocrx_word' id='word_1_83' title='bbox 1539 865 1580 927; x_wconf 90' lang='lat' dir='ltr'>de</span> <span class='ocrx_word' id='word_1_84' title='bbox 1599 865 1716 944; x_wconf 74' lang='lat' dir='ltr'>pulloz</span> 
     </span>
     <span class='ocr_line' id='line_1_8' title="bbox 48 962 1719 1043; baseline -0.002 -15"><span class='ocrx_word' id='word_1_85' title='bbox 48 967 181 1028; x_wconf 88' lang='lat' dir='ltr'>Patres</span> <span class='ocrx_word' id='word_1_86' title='bbox 195 967 323 1028; x_wconf 87' lang='lat' dir='ltr'>veteris</span> <span class='ocrx_word' id='word_1_87' title='bbox 333 967 533 1028; x_wconf 83' lang='lat' dir='ltr'>Testamenti</span> <span class='ocrx_word' id='word_1_88' title='bbox 544 965 731 1028; x_wconf 86' lang='lat' dir='ltr'>clamabant</span> <span class='ocrx_word' id='word_1_89' title='bbox 740 969 807 1028; x_wconf 87' lang='lat' dir='ltr'>Deo</span> <span class='ocrx_word' id='word_1_90' title='bbox 815 966 869 1026; x_wconf 89' lang='lat' dir='ltr'>in·</span> <span class='ocrx_word' id='word_1_91' title='bbox 922 981 982 1043; x_wconf 88' lang='lat' dir='ltr'>per</span> <span class='ocrx_word' id='word_1_92' title='bbox 994 965 1123 1026; x_wconf 89' lang='lat' dir='ltr'>asinam</span> <span class='ocrx_word' id='word_1_93' title='bbox 1149 981 1222 1042; x_wconf 84' lang='lat' dir='ltr'>quae</span> <span class='ocrx_word' id='word_1_94' title='bbox 1247 965 1320 1026; x_wconf 90' lang='lat' dir='ltr'>erat</span> <span class='ocrx_word' id='word_1_95' title='bbox 1341 964 1465 1027; x_wconf 87' lang='lat' dir='ltr'>domita</span> <span class='ocrx_word' id='word_1_96' title='bbox 1488 965 1521 1024; x_wconf 92' lang='lat' dir='ltr'>et</span> <span class='ocrx_word' id='word_1_97' title='bbox 1542 962 1719 1040; x_wconf 85' lang='lat' dir='ltr'>subjugata</span> 
     </span>
     <span class='ocr_line' id='line_1_9' title="bbox 48 1060 1719 1139; baseline -0.001 -15"><span class='ocrx_word' id='word_1_98' title='bbox 48 1063 252 1136; x_wconf 88' lang='lat' dir='ltr'>carnando,</span> <span class='ocrx_word' id='word_1_99' title='bbox 268 1065 346 1125; x_wconf 79' lang='lat' dir='ltr'>novi</span> <span class='ocrx_word' id='word_1_100' title='bbox 358 1064 474 1125; x_wconf 87' lang='lat' dir='ltr'>Patres</span> <span class='ocrx_word' id='word_1_101' title='bbox 489 1067 555 1126; x_wconf 89' lang='lat' dir='ltr'>Deo</span> <span class='ocrx_word' id='word_1_102' title='bbox 569 1065 754 1126; x_wconf 88' lang='lat' dir='ltr'>incarnato.</span> <span class='ocrx_word' id='word_1_103' title='bbox 768 1063 868 1124; x_wconf 89' lang='lat' dir='ltr'>Pueri</span> <span class='ocrx_word' id='word_1_104' title='bbox 923 1061 1106 1138; x_wconf 84' lang='lat' dir='ltr'>significari</span> <span class='ocrx_word' id='word_1_105' title='bbox 1133 1077 1347 1139; x_wconf 87' lang='lat' dir='ltr'>synagogam,</span> <span class='ocrx_word' id='word_1_106' title='bbox 1375 1077 1449 1138; x_wconf 81' lang='lat' dir='ltr'>quae</span> <span class='ocrx_word' id='word_1_107' title='bbox 1471 1060 1582 1123; x_wconf 88' lang='lat' dir='ltr'>iuerat</span> <span class='ocrx_word' id='word_1_108' title='bbox 1603 1075 1719 1139; x_wconf 89' lang='lat' dir='ltr'>pressa</span> 
     </span>
     <span class='ocr_line' id='line_1_10' title="bbox 49 1157 1717 1240; baseline -0.001 -18"><span class='ocrx_word' id='word_1_109' title='bbox 49 1162 288 1223; x_wconf 84' lang='lat' dir='ltr'>Hebraeorum</span> <span class='ocrx_word' id='word_1_110' title='bbox 308 1161 364 1240; x_wconf 85' lang='lat' dir='ltr'>qui</span> <span class='ocrx_word' id='word_1_111' title='bbox 379 1161 523 1222; x_wconf 86' lang='lat' dir='ltr'>arentin</span> <span class='ocrx_word' id='word_1_112' title='bbox 545 1160 652 1234; x_wconf 89' lang='lat' dir='ltr'>turba,</span> <span class='ocrx_word' id='word_1_113' title='bbox 680 1160 869 1238; x_wconf 83' lang='lat' dir='ltr'>significant</span> <span class='ocrx_word' id='word_1_114' title='bbox 924 1159 985 1220; x_wconf 91' lang='lat' dir='ltr'>sub</span> <span class='ocrx_word' id='word_1_115' title='bbox 1002 1163 1085 1236; x_wconf 88' lang='lat' dir='ltr'>jugo</span> <span class='ocrx_word' id='word_1_116' title='bbox 1105 1159 1199 1236; x_wconf 89' lang='lat' dir='ltr'>legis.</span> <span class='ocrx_word' id='word_1_117' title='bbox 1226 1161 1372 1236; x_wconf 84' lang='lat' dir='ltr'>Uterque</span> <span class='ocrx_word' id='word_1_118' title='bbox 1393 1157 1534 1236; x_wconf 91' lang='lat' dir='ltr'>populus</span> <span class='ocrx_word' id='word_1_119' title='bbox 1550 1161 1622 1220; x_wconf 88' lang='lat' dir='ltr'>erat</span> <span class='ocrx_word' id='word_1_120' title='bbox 1636 1158 1717 1220; x_wconf 87' lang='lat' dir='ltr'>alli-</span> 
     </span>
     <span class='ocr_line' id='line_1_11' title="bbox 49 1255 1718 1335; baseline -0.001 -16"><span class='ocrx_word' id='word_1_121' title='bbox 49 1258 225 1319; x_wconf 88' lang='lat' dir='ltr'>bomines</span> <span class='ocrx_word' id='word_1_122' title='bbox 249 1258 442 1319; x_wconf 87' lang='lat' dir='ltr'>innocentes</span> <span class='ocrx_word' id='word_1_123' title='bbox 466 1259 498 1321; x_wconf 90' lang='lat' dir='ltr'>et</span> <span class='ocrx_word' id='word_1_124' title='bbox 525 1274 625 1335; x_wconf 90' lang='lat' dir='ltr'>puros</span> <span class='ocrx_word' id='word_1_125' title='bbox 649 1257 785 1331; x_wconf 80' lang='lat' dir='ltr'>avitiis,</span> <span class='ocrx_word' id='word_1_126' title='bbox 802 1259 869 1320; x_wconf 87' lang='lat' dir='ltr'>eta</span> <span class='ocrx_word' id='word_1_127' title='bbox 923 1258 1020 1334; x_wconf 89' lang='lat' dir='ltr'>gatus</span> <span class='ocrx_word' id='word_1_128' title='bbox 1047 1257 1081 1319; x_wconf 85' lang='lat' dir='ltr'>et</span> <span class='ocrx_word' id='word_1_129' title='bbox 1110 1257 1308 1319; x_wconf 89' lang='lat' dir='ltr'>constrictus</span> <span class='ocrx_word' id='word_1_130' title='bbox 1340 1255 1474 1318; x_wconf 81' lang='lat' dir='ltr'>funibus</span> <span class='ocrx_word' id='word_1_131' title='bbox 1507 1255 1718 1332; x_wconf 90' lang='lat' dir='ltr'>peccatorum</span> 
     </span>
     <span class='ocr_line' id='line_1_12' title="bbox 49 1352 1721 1434; baseline 0.001 -18"><span class='ocrx_word' id='word_1_132' title='bbox 49 1354 216 1434; x_wconf 88' lang='lat' dir='ltr'>peccatis</span> <span class='ocrx_word' id='word_1_133' title='bbox 239 1355 437 1430; x_wconf 87' lang='lat' dir='ltr'>mundatos;</span> <span class='ocrx_word' id='word_1_134' title='bbox 465 1355 542 1433; x_wconf 85' lang='lat' dir='ltr'>quia</span> <span class='ocrx_word' id='word_1_135' title='bbox 567 1356 664 1433; x_wconf 90' lang='lat' dir='ltr'>pueri</span> <span class='ocrx_word' id='word_1_136' title='bbox 682 1354 869 1418; x_wconf 88' lang='lat' dir='ltr'>dicuntura</span> <span class='ocrx_word' id='word_1_137' title='bbox 925 1371 1071 1427; x_wconf 91' lang='lat' dir='ltr'>suorum,</span> <span class='ocrx_word' id='word_1_138' title='bbox 1087 1356 1121 1419; x_wconf 88' lang='lat' dir='ltr'>et</span> <span class='ocrx_word' id='word_1_139' title='bbox 1132 1355 1296 1416; x_wconf 87' lang='lat' dir='ltr'>solutione</span> <span class='ocrx_word' id='word_1_140' title='bbox 1310 1352 1490 1432; x_wconf 81' lang='lat' dir='ltr'>indigebat.</span> <span class='ocrx_word' id='word_1_141' title='bbox 1507 1353 1572 1415; x_wconf 82' lang='lat' dir='ltr'>Sed</span> <span class='ocrx_word' id='word_1_142' title='bbox 1587 1356 1721 1418; x_wconf 84' lang='lat' dir='ltr'>Marcus</span> 
     </span>
     <span class='ocr_line' id='line_1_13' title="bbox 51 1449 1722 1530; baseline 0 -18"><span class='ocrx_word' id='word_1_143' title='bbox 51 1453 229 1530; x_wconf 90' lang='lat' dir='ltr'>puritate,</span> <span class='ocrx_word' id='word_1_144' title='bbox 245 1453 279 1514; x_wconf 92' lang='lat' dir='ltr'>et</span> <span class='ocrx_word' id='word_1_145' title='bbox 291 1452 348 1513; x_wconf 89' lang='lat' dir='ltr'>isti</span> <span class='ocrx_word' id='word_1_146' title='bbox 371 1452 465 1529; x_wconf 91' lang='lat' dir='ltr'>pueri</span> <span class='ocrx_word' id='word_1_147' title='bbox 494 1453 628 1529; x_wconf 93' lang='lat' dir='ltr'>propter</span> <span class='ocrx_word' id='word_1_148' title='bbox 646 1449 823 1529; x_wconf 89' lang='lat' dir='ltr'>puritatem</span> <span class='ocrx_word' id='word_1_149' title='bbox 838 1453 871 1514; x_wconf 89' lang='lat' dir='ltr'>et</span> <span class='ocrx_word' id='word_1_150' title='bbox 925 1450 1106 1530; x_wconf 84' lang='lat' dir='ltr'>dicitquod</span> <span class='ocrx_word' id='word_1_151' title='bbox 1128 1452 1238 1528; x_wconf 91' lang='lat' dir='ltr'>pullus</span> <span class='ocrx_word' id='word_1_152' title='bbox 1262 1452 1339 1513; x_wconf 86' lang='lat' dir='ltr'>ante</span> <span class='ocrx_word' id='word_1_153' title='bbox 1356 1454 1495 1529; x_wconf 82' lang='lat' dir='ltr'>januam</span> <span class='ocrx_word' id='word_1_154' title='bbox 1515 1451 1552 1512; x_wconf 93' lang='lat' dir='ltr'>in</span> <span class='ocrx_word' id='word_1_155' title='bbox 1565 1450 1655 1513; x_wconf 84' lang='lat' dir='ltr'>bivio</span> <span class='ocrx_word' id='word_1_156' title='bbox 1667 1453 1722 1512; x_wconf 91' lang='lat' dir='ltr'>in-</span> 
     </span>
     <span class='ocr_line' id='line_1_14' title="bbox 52 1548 1721 1628; baseline 0 -18"><span class='ocrx_word' id='word_1_157' title='bbox 52 1549 298 1611; x_wconf 89' lang='lat' dir='ltr'>innocentiam</span> <span class='ocrx_word' id='word_1_158' title='bbox 327 1549 516 1626; x_wconf 83' lang='lat' dir='ltr'>significant</span> <span class='ocrx_word' id='word_1_159' title='bbox 540 1551 714 1628; x_wconf 86' lang='lat' dir='ltr'>martyres,</span> <span class='ocrx_word' id='word_1_160' title='bbox 738 1551 794 1628; x_wconf 87' lang='lat' dir='ltr'>qui</span> <span class='ocrx_word' id='word_1_161' title='bbox 811 1566 871 1627; x_wconf 91' lang='lat' dir='ltr'>per</span> <span class='ocrx_word' id='word_1_162' title='bbox 924 1551 1042 1612; x_wconf 77' lang='lat' dir='ltr'>sentus</span> <span class='ocrx_word' id='word_1_163' title='bbox 1058 1551 1118 1612; x_wconf 87' lang='lat' dir='ltr'>est.</span> <span class='ocrx_word' id='word_1_164' title='bbox 1134 1552 1242 1613; x_wconf 86' lang='lat' dir='ltr'>Jauua</span> <span class='ocrx_word' id='word_1_165' title='bbox 1260 1548 1411 1610; x_wconf 85' lang='lat' dir='ltr'>Christus</span> <span class='ocrx_word' id='word_1_166' title='bbox 1434 1548 1495 1620; x_wconf 89' lang='lat' dir='ltr'>est,</span> <span class='ocrx_word' id='word_1_167' title='bbox 1511 1549 1607 1611; x_wconf 82' lang='lat' dir='ltr'>extra</span> <span class='ocrx_word' id='word_1_168' title='bbox 1621 1564 1721 1626; x_wconf 86' lang='lat' dir='ltr'>quam</span> 
     </span>
    </p>
   </div>
   <div class='ocr_carea' id='block_1_3' title="bbox 52 1645 1832 1726">
    <p class='ocr_par' dir='ltr' id='par_1_3' title="bbox 52 1645 1832 1726">
     <span class='ocr_line' id='line_1_15' title="bbox 52 1645 1832 1726; baseline -0.001 -18"><span class='ocrx_word' id='word_1_169' title='bbox 52 1647 273 1724; x_wconf 88' lang='lat' dir='ltr'>baptismum</span> <span class='ocrx_word' id='word_1_170' title='bbox 299 1647 333 1708; x_wconf 91' lang='lat' dir='ltr'>et</span> <span class='ocrx_word' id='word_1_171' title='bbox 366 1646 636 1723; x_wconf 81' lang='lat' dir='ltr'>praedicationem</span> <span class='ocrx_word' id='word_1_172' title='bbox 660 1663 734 1708; x_wconf 93' lang='lat' dir='ltr'>cum</span> <span class='ocrx_word' id='word_1_173' title='bbox 760 1648 869 1725; x_wconf 90' lang='lat' dir='ltr'>palma</span> <span class='ocrx_word' id='word_1_174' title='bbox 924 1646 1066 1726; x_wconf 90' lang='lat' dir='ltr'>populus</span> <span class='ocrx_word' id='word_1_175' title='bbox 1080 1647 1228 1722; x_wconf 90' lang='lat' dir='ltr'>gentium</span> <span class='ocrx_word' id='word_1_176' title='bbox 1245 1647 1354 1708; x_wconf 85' lang='lat' dir='ltr'>stabat</span> <span class='ocrx_word' id='word_1_177' title='bbox 1367 1645 1501 1721; x_wconf 88' lang='lat' dir='ltr'>ligatus,</span> <span class='ocrx_word' id='word_1_178' title='bbox 1524 1662 1591 1709; x_wconf 92' lang='lat' dir='ltr'>non</span> <span class='ocrx_word' id='word_1_179' title='bbox 1610 1646 1645 1706; x_wconf 87' lang='lat' dir='ltr'>iu</span> <span class='ocrx_word' id='word_1_180' title='bbox 1666 1645 1722 1707; x_wconf 85' lang='lat' dir='ltr'>via</span> <span class='ocrx_word' id='word_1_181' title='bbox 1827 1651 1832 1666; x_wconf 85' lang='lat'><strong><em>¹</em></strong></span> 
     </span>
    </p>
   </div>
   <div class='ocr_carea' id='block_1_4' title="bbox 52 1742 1753 3275">
    <p class='ocr_par' dir='ltr' id='par_1_4' title="bbox 53 1742 1456 1822">
     <span class='ocr_line' id='line_1_16' title="bbox 53 1742 1456 1822; baseline -0.002 -16"><span class='ocrx_word' id='word_1_182' title='bbox 53 1744 226 1822; x_wconf 89' lang='lat' dir='ltr'>martyrii</span> <span class='ocrx_word' id='word_1_183' title='bbox 242 1743 458 1806; x_wconf 86' lang='lat' dir='ltr'>reddiderunt</span> <span class='ocrx_word' id='word_1_184' title='bbox 469 1743 584 1805; x_wconf 90' lang='lat' dir='ltr'>laudes</span> <span class='ocrx_word' id='word_1_185' title='bbox 600 1747 679 1808; x_wconf 89' lang='lat' dir='ltr'>Deo.</span> <span class='ocrx_word' id='word_1_186' title='bbox 925 1743 1014 1812; x_wconf 85' lang='lat' dir='ltr'>fidei,</span> <span class='ocrx_word' id='word_1_187' title='bbox 1029 1743 1086 1805; x_wconf 88' lang='lat' dir='ltr'>sed</span> <span class='ocrx_word' id='word_1_188' title='bbox 1101 1743 1137 1804; x_wconf 93' lang='lat' dir='ltr'>in</span> <span class='ocrx_word' id='word_1_189' title='bbox 1149 1743 1262 1804; x_wconf 89' lang='lat' dir='ltr'>multis</span> <span class='ocrx_word' id='word_1_190' title='bbox 1275 1742 1456 1804; x_wconf 86' lang='lat' dir='ltr'>erroribus.</span> 
     </span>
    </p>

    <p class='ocr_par' dir='ltr' id='par_1_5' title="bbox 52 1839 1753 2782">
     <span class='ocr_line' id='line_1_17' title="bbox 96 1839 1724 1918; baseline -0.001 -14"><span class='ocrx_word' id='word_1_191' title='bbox 96 1842 327 1916; x_wconf 73' lang='lat' dir='ltr'>acceperunt</span> <span class='ocrx_word' id='word_1_192' title='bbox 346 1856 466 1902; x_wconf 82' lang='lat' dir='ltr'>ramos</span> <span class='ocrx_word' id='word_1_193' title='bbox 482 1847 690 1916; x_wconf 62' lang='lat' dir='ltr'>primorem.</span> <span class='ocrx_word' id='word_1_194' title='bbox 709 1841 762 1905; x_wconf 90' lang='lat' dir='ltr'>Illi</span> <span class='ocrx_word' id='word_1_195' title='bbox 777 1842 870 1904; x_wconf 88' lang='lat' dir='ltr'>acci·</span> <span class='ocrx_word' id='word_1_196' title='bbox 966 1842 1091 1918; x_wconf 88' lang='lat' dir='ltr'>Itaque,</span> <span class='ocrx_word' id='word_1_197' title='bbox 1107 1840 1239 1912; x_wconf 84' lang='lat' dir='ltr'>iratres,</span> <span class='ocrx_word' id='word_1_198' title='bbox 1265 1839 1345 1917; x_wconf 86' lang='lat' dir='ltr'>quia</span> <span class='ocrx_word' id='word_1_199' title='bbox 1367 1839 1430 1902; x_wconf 92' lang='lat' dir='ltr'>boo</span> <span class='ocrx_word' id='word_1_200' title='bbox 1451 1840 1501 1902; x_wconf 89' lang='lat' dir='ltr'>est</span> <span class='ocrx_word' id='word_1_201' title='bbox 1520 1839 1650 1916; x_wconf 88' lang='lat' dir='ltr'>tempus</span> <span class='ocrx_word' id='word_1_202' title='bbox 1666 1855 1724 1902; x_wconf 86' lang='lat' dir='ltr'>ac-</span> 
     </span>
     <span class='ocr_line' id='line_1_18' title="bbox 53 1935 1725 2018; baseline -0.002 -18"><span class='ocrx_word' id='word_1_203' title='bbox 53 1939 289 2018; x_wconf 86' lang='lat' dir='ltr'>piuntramos</span> <span class='ocrx_word' id='word_1_204' title='bbox 305 1939 361 2016; x_wconf 87' lang='lat' dir='ltr'>qui</span> <span class='ocrx_word' id='word_1_205' title='bbox 376 1937 477 2001; x_wconf 90' lang='lat' dir='ltr'>verba</span> <span class='ocrx_word' id='word_1_206' title='bbox 504 1939 537 2001; x_wconf 90' lang='lat' dir='ltr'>et</span> <span class='ocrx_word' id='word_1_207' title='bbox 561 1938 666 2000; x_wconf 89' lang='lat' dir='ltr'>bonas</span> <span class='ocrx_word' id='word_1_208' title='bbox 689 1939 872 2001; x_wconf 86' lang='lat' dir='ltr'>sententias</span> <span class='ocrx_word' id='word_1_209' title='bbox 927 1939 1057 2016; x_wconf 86' lang='lat' dir='ltr'>ceptum</span> <span class='ocrx_word' id='word_1_210' title='bbox 1079 1937 1112 1999; x_wconf 88' lang='lat' dir='ltr'>et</span> <span class='ocrx_word' id='word_1_211' title='bbox 1134 1937 1352 2013; x_wconf 86' lang='lat' dir='ltr'>acceptabile,</span> <span class='ocrx_word' id='word_1_212' title='bbox 1372 1935 1469 2008; x_wconf 89' lang='lat' dir='ltr'>idest,</span> <span class='ocrx_word' id='word_1_213' title='bbox 1492 1937 1622 2012; x_wconf 89' lang='lat' dir='ltr'>tempus</span> <span class='ocrx_word' id='word_1_214' title='bbox 1644 1951 1725 1998; x_wconf 89' lang='lat' dir='ltr'>nos-</span> 
     </span>
     <span class='ocr_line' id='line_1_19' title="bbox 52 2033 1725 2115; baseline -0.002 -16"><span class='ocrx_word' id='word_1_215' title='bbox 52 2038 98 2099; x_wconf 85' lang='lat' dir='ltr'>de</span> <span class='ocrx_word' id='word_1_216' title='bbox 115 2037 224 2098; x_wconf 88' lang='lat' dir='ltr'>libris</span> <span class='ocrx_word' id='word_1_217' title='bbox 243 2037 379 2098; x_wconf 91' lang='lat' dir='ltr'>Patrum</span> <span class='ocrx_word' id='word_1_218' title='bbox 400 2037 599 2113; x_wconf 74' lang='lat' dir='ltr'>excerpunt·</span> <span class='ocrx_word' id='word_1_219' title='bbox 616 2052 676 2113; x_wconf 89' lang='lat' dir='ltr'>per</span> <span class='ocrx_word' id='word_1_220' title='bbox 689 2053 772 2115; x_wconf 84' lang='lat' dir='ltr'>quas</span> <span class='ocrx_word' id='word_1_221' title='bbox 786 2037 872 2097; x_wconf 90' lang='lat' dir='ltr'>sim·</span> <span class='ocrx_word' id='word_1_222' title='bbox 926 2037 988 2098; x_wconf 85' lang='lat' dir='ltr'>trae</span> <span class='ocrx_word' id='word_1_223' title='bbox 1027 2035 1276 2111; x_wconf 85' lang='lat' dir='ltr'>redemptionis,</span> <span class='ocrx_word' id='word_1_224' title='bbox 1311 2034 1408 2107; x_wconf 90' lang='lat' dir='ltr'>idest,</span> <span class='ocrx_word' id='word_1_225' title='bbox 1443 2033 1663 2111; x_wconf 81' lang='lat' dir='ltr'>correptionis</span> <span class='ocrx_word' id='word_1_226' title='bbox 1691 2035 1725 2096; x_wconf 89' lang='lat' dir='ltr'>et</span> 
     </span>
     <span class='ocr_line' id='line_1_20' title="bbox 55 2130 1723 2212; baseline -0.002 -17"><span class='ocrx_word' id='word_1_227' title='bbox 55 2135 207 2212; x_wconf 91' lang='lat' dir='ltr'>plicium</span> <span class='ocrx_word' id='word_1_228' title='bbox 239 2133 497 2196; x_wconf 90' lang='lat' dir='ltr'>christianorum</span> <span class='ocrx_word' id='word_1_229' title='bbox 521 2133 870 2208; x_wconf 65' lang='lat' dir='ltr'>sordesceremus,</span> <span class='ocrx_word' id='word_1_230' title='bbox 928 2131 1168 2196; x_wconf 83' lang='lat' dir='ltr'>emendationis</span> <span class='ocrx_word' id='word_1_231' title='bbox 1201 2132 1279 2193; x_wconf 79' lang='lat' dir='ltr'>vitm</span> <span class='ocrx_word' id='word_1_232' title='bbox 1313 2132 1453 2204; x_wconf 84' lang='lat' dir='ltr'>nostrae,</span> <span class='ocrx_word' id='word_1_233' title='bbox 1489 2145 1561 2199; x_wconf 87' lang='lat' dir='ltr'>nos,</span> <span class='ocrx_word' id='word_1_234' title='bbox 1590 2130 1723 2204; x_wconf 82' lang='lat' dir='ltr'>fratres,</span> 
     </span>
     <span class='ocr_line' id='line_1_21' title="bbox 57 2228 1726 2309; baseline -0.002 -15"><span class='ocrx_word' id='word_1_235' title='bbox 57 2249 102 2294; x_wconf 92' lang='lat' dir='ltr'>ne</span> <span class='ocrx_word' id='word_1_236' title='bbox 129 2233 253 2294; x_wconf 86' lang='lat' dir='ltr'>errent</span> <span class='ocrx_word' id='word_1_237' title='bbox 277 2231 312 2293; x_wconf 92' lang='lat' dir='ltr'>in</span> <span class='ocrx_word' id='word_1_238' title='bbox 325 2232 381 2292; x_wconf 88' lang='lat' dir='ltr'>via</span> <span class='ocrx_word' id='word_1_239' title='bbox 404 2231 566 2294; x_wconf 83' lang='lat' dir='ltr'>veritatis.</span> <span class='ocrx_word' id='word_1_240' title='bbox 592 2230 653 2293; x_wconf 90' lang='lat' dir='ltr'>Vel</span> <span class='ocrx_word' id='word_1_241' title='bbox 667 2231 735 2294; x_wconf 80' lang='lat' dir='ltr'>illae</span> <span class='ocrx_word' id='word_1_242' title='bbox 754 2231 873 2309; x_wconf 73' lang='lat' dir='ltr'>palme</span> <span class='ocrx_word' id='word_1_243' title='bbox 928 2247 1002 2293; x_wconf 91' lang='lat' dir='ltr'>cum</span> <span class='ocrx_word' id='word_1_244' title='bbox 1021 2229 1143 2306; x_wconf 90' lang='lat' dir='ltr'>gaudio</span> <span class='ocrx_word' id='word_1_245' title='bbox 1165 2228 1387 2305; x_wconf 82' lang='lat' dir='ltr'>suscipiamus</span> <span class='ocrx_word' id='word_1_246' title='bbox 1409 2229 1539 2304; x_wconf 89' lang='lat' dir='ltr'>tempus</span> <span class='ocrx_word' id='word_1_247' title='bbox 1562 2229 1663 2301; x_wconf 89' lang='lat' dir='ltr'>istud,</span> <span class='ocrx_word' id='word_1_248' title='bbox 1689 2229 1726 2292; x_wconf 94' lang='lat' dir='ltr'>ut</span> 
     </span>
     <span class='ocr_line' id='line_1_22' title="bbox 59 2325 1753 2407; baseline -0.001 -17"><span class='ocrx_word' id='word_1_249' title='bbox 59 2328 265 2406; x_wconf 83' lang='lat' dir='ltr'>significant</span> <span class='ocrx_word' id='word_1_250' title='bbox 289 2329 483 2402; x_wconf 84' lang='lat' dir='ltr'>victoriam,</span> <span class='ocrx_word' id='word_1_251' title='bbox 507 2345 605 2407; x_wconf 86' lang='lat' dir='ltr'>quam</span> <span class='ocrx_word' id='word_1_252' title='bbox 626 2329 786 2391; x_wconf 86' lang='lat' dir='ltr'>Dominus</span> <span class='ocrx_word' id='word_1_253' title='bbox 811 2328 875 2389; x_wconf 89' lang='lat' dir='ltr'>ba·</span> <span class='ocrx_word' id='word_1_254' title='bbox 928 2329 963 2389; x_wconf 92' lang='lat' dir='ltr'>in</span> <span class='ocrx_word' id='word_1_255' title='bbox 979 2327 1033 2389; x_wconf 93' lang='lat' dir='ltr'>die</span> <span class='ocrx_word' id='word_1_256' title='bbox 1047 2325 1207 2406; x_wconf 89' lang='lat' dir='ltr'>paschali,</span> <span class='ocrx_word' id='word_1_257' title='bbox 1233 2325 1319 2387; x_wconf 92' lang='lat' dir='ltr'>idest</span> <span class='ocrx_word' id='word_1_258' title='bbox 1341 2325 1521 2389; x_wconf 83' lang='lat' dir='ltr'>Dominicae</span> <span class='ocrx_word' id='word_1_259' title='bbox 1543 2329 1753 2390; x_wconf 63' lang='lat' dir='ltr'>Resurrec-</span> 
     </span>
     <span class='ocr_line' id='line_1_23' title="bbox 58 2422 1728 2503; baseline 0 -16"><span class='ocrx_word' id='word_1_260' title='bbox 58 2427 146 2490; x_wconf 87' lang='lat' dir='ltr'>bere</span> <span class='ocrx_word' id='word_1_261' title='bbox 163 2426 277 2489; x_wconf 86' lang='lat' dir='ltr'>voluit</span> <span class='ocrx_word' id='word_1_262' title='bbox 300 2443 359 2503; x_wconf 92' lang='lat' dir='ltr'>per</span> <span class='ocrx_word' id='word_1_263' title='bbox 383 2442 515 2489; x_wconf 89' lang='lat' dir='ltr'>crucem</span> <span class='ocrx_word' id='word_1_264' title='bbox 539 2428 573 2489; x_wconf 92' lang='lat' dir='ltr'>et</span> <span class='ocrx_word' id='word_1_265' title='bbox 597 2426 736 2488; x_wconf 83' lang='lat' dir='ltr'>mortem</span> <span class='ocrx_word' id='word_1_266' title='bbox 757 2426 873 2488; x_wconf 90' lang='lat' dir='ltr'>contra</span> <span class='ocrx_word' id='word_1_267' title='bbox 928 2425 1040 2497; x_wconf 90' lang='lat' dir='ltr'>tionis,</span> <span class='ocrx_word' id='word_1_268' title='bbox 1062 2440 1136 2486; x_wconf 90' lang='lat' dir='ltr'>cum</span> <span class='ocrx_word' id='word_1_269' title='bbox 1159 2422 1299 2486; x_wconf 89' lang='lat' dir='ltr'>Domino</span> <span class='ocrx_word' id='word_1_270' title='bbox 1319 2423 1511 2500; x_wconf 79' lang='lat' dir='ltr'>gloriemur.</span> <span class='ocrx_word' id='word_1_271' title='bbox 1528 2426 1602 2501; x_wconf 88' lang='lat' dir='ltr'>lpse</span> <span class='ocrx_word' id='word_1_272' title='bbox 1625 2423 1728 2487; x_wconf 83' lang='lat' dir='ltr'>iaciat</span> 
     </span>
     <span class='ocr_line' id='line_1_24' title="bbox 60 2518 1724 2602; baseline -0.001 -18"><span class='ocrx_word' id='word_1_273' title='bbox 60 2524 243 2586; x_wconf 88' lang='lat' dir='ltr'>diabolum</span> <span class='ocrx_word' id='word_1_274' title='bbox 261 2524 444 2602; x_wconf 89' lang='lat' dir='ltr'>principem</span> <span class='ocrx_word' id='word_1_275' title='bbox 459 2523 585 2586; x_wconf 86' lang='lat' dir='ltr'>mortis.</span> <span class='ocrx_word' id='word_1_276' title='bbox 605 2522 645 2586; x_wconf 82' lang='lat' dir='ltr'>nt</span> <span class='ocrx_word' id='word_1_277' title='bbox 663 2536 777 2586; x_wconf 89' lang='lat' dir='ltr'>omnes</span> <span class='ocrx_word' id='word_1_278' title='bbox 792 2537 875 2586; x_wconf 89' lang='lat' dir='ltr'>can·</span> <span class='ocrx_word' id='word_1_279' title='bbox 929 2523 985 2602; x_wconf 86' lang='lat' dir='ltr'>qui</span> <span class='ocrx_word' id='word_1_280' title='bbox 1004 2523 1057 2584; x_wconf 87' lang='lat' dir='ltr'>est</span> <span class='ocrx_word' id='word_1_281' title='bbox 1078 2520 1269 2584; x_wconf 89' lang='lat' dir='ltr'>benedictus</span> <span class='ocrx_word' id='word_1_282' title='bbox 1297 2522 1333 2583; x_wconf 91' lang='lat' dir='ltr'>in</span> <span class='ocrx_word' id='word_1_283' title='bbox 1363 2521 1486 2584; x_wconf 83' lang='lat' dir='ltr'>saecula</span> <span class='ocrx_word' id='word_1_284' title='bbox 1516 2518 1724 2586; x_wconf 69' lang='lat' dir='ltr'>saeculorum.</span> 
     </span>
     <span class='ocr_line' id='line_1_25' title="bbox 60 2613 1579 2698; baseline -0.001 -16"><span class='ocrx_word' id='word_1_285' title='bbox 60 2623 204 2684; x_wconf 84' lang='lat' dir='ltr'>tabant:</span> <span class='ocrx_word' id='word_1_286' title='bbox 220 2625 393 2684; x_wconf 81' lang='lat' dir='ltr'>Hosanoc</span> <span class='ocrx_word' id='word_1_287' title='bbox 402 2624 489 2683; x_wconf 79' lang='lat' dir='ltr'>Filio</span> <span class='ocrx_word' id='word_1_288' title='bbox 503 2623 640 2693; x_wconf 84' lang='lat' dir='ltr'>Daoid;</span> <span class='ocrx_word' id='word_1_289' title='bbox 656 2620 742 2698; x_wconf 87' lang='lat' dir='ltr'>quod</span> <span class='ocrx_word' id='word_1_290' title='bbox 767 2622 819 2683; x_wconf 88' lang='lat' dir='ltr'>est</span> <span class='ocrx_word' id='word_1_291' title='bbox 831 2619 873 2682; x_wconf 87' lang='lat' dir='ltr'>ad</span> <span class='ocrx_word' id='word_1_292' title='bbox 927 2623 1043 2682; x_wconf 77' lang='lat' dir='ltr'>Amen.</span> <span class='ocrx_word' id='word_1_293' title='bbox 1577 2613 1579 2618; x_wconf 84' lang='grc'><strong>’</strong></span> 
     </span>
     <span class='ocr_line' id='line_1_26' title="bbox 59 2717 832 2782; baseline -0.003 -2"><span class='ocrx_word' id='word_1_294' title='bbox 59 2719 252 2782; x_wconf 87' lang='lat' dir='ltr'>dicendum</span> <span class='ocrx_word' id='word_1_295' title='bbox 266 2739 274 2778; x_wconf 72' lang='grc' dir='ltr'><strong><em>ε</em></strong></span> <span class='ocrx_word' id='word_1_296' title='bbox 290 2718 340 2779; x_wconf 90' lang='lat' dir='ltr'>Sit</span> <span class='ocrx_word' id='word_1_297' title='bbox 354 2718 426 2778; x_wconf 87' lang='lat' dir='ltr'>laus</span> <span class='ocrx_word' id='word_1_298' title='bbox 439 2717 474 2780; x_wconf 93' lang='lat' dir='ltr'>in</span> <span class='ocrx_word' id='word_1_299' title='bbox 484 2717 577 2778; x_wconf 76' lang='lat' dir='ltr'>coelis</span> <span class='ocrx_word' id='word_1_300' title='bbox 592 2717 634 2780; x_wconf 89' lang='lat' dir='ltr'>ad</span> <span class='ocrx_word' id='word_1_301' title='bbox 646 2718 832 2780; x_wconf 88' lang='lat' dir='ltr'>Dominum.</span> 
     </span>
    </p>

    <p class='ocr_par' dir='ltr' id='par_1_6' title="bbox 60 2814 1522 3275">
     <span class='ocr_line' id='line_1_27' title="bbox 102 2814 875 2892; baseline -0.004 -13"><span class='ocrx_word' id='word_1_302' title='bbox 102 2816 260 2879; x_wconf 89' lang='lat' dir='ltr'>Verbum</span> <span class='ocrx_word' id='word_1_303' title='bbox 274 2815 363 2876; x_wconf 86' lang='lat' dir='ltr'>istud</span> <span class='ocrx_word' id='word_1_304' title='bbox 373 2816 533 2876; x_wconf 88' lang='lat' dir='ltr'>llosanna</span> <span class='ocrx_word' id='word_1_305' title='bbox 548 2814 755 2892; x_wconf 89' lang='lat' dir='ltr'>componitur</span> <span class='ocrx_word' id='word_1_306' title='bbox 769 2829 812 2876; x_wconf 85' lang='lat' dir='ltr'>ex</span> <span class='ocrx_word' id='word_1_307' title='bbox 826 2815 875 2876; x_wconf 90' lang='lat' dir='ltr'>in·</span> 
     </span>
     <span class='ocr_line' id='line_1_28' title="bbox 60 2869 1522 2989; baseline 0 -14"><span class='ocrx_word' id='word_1_308' title='bbox 60 2915 165 2989; x_wconf 88' lang='lat' dir='ltr'>tegre</span> <span class='ocrx_word' id='word_1_309' title='bbox 183 2911 219 2972; x_wconf 90' lang='lat' dir='ltr'>et</span> <span class='ocrx_word' id='word_1_310' title='bbox 233 2910 399 2987; x_wconf 89' lang='lat' dir='ltr'>corrupto.</span> <span class='ocrx_word' id='word_1_311' title='bbox 413 2911 571 2973; x_wconf 82' lang='lat' dir='ltr'>Osienim</span> <span class='ocrx_word' id='word_1_312' title='bbox 587 2911 804 2984; x_wconf 79' lang='lat' dir='ltr'>sonatsatoa,</span> <span class='ocrx_word' id='word_1_313' title='bbox 821 2913 875 2974; x_wconf 87' lang='lat' dir='ltr'>vel</span> <span class='ocrx_word' id='word_1_314' title='bbox 1261 2869 1394 2958; x_wconf 73' lang='grc' dir='ltr'>ΧΧΠῙ</span> <span class='ocrx_word' id='word_1_315' title='bbox 1516 2929 1522 2934; x_wconf 94' lang='grc'><em>·</em></span> 
     </span>
     <span class='ocr_line' id='line_1_29' title="bbox 63 3007 872 3085; baseline -0.004 -12"><span class='ocrx_word' id='word_1_316' title='bbox 63 3010 356 3081; x_wconf 55' lang='lat' dir='ltr'>salvificantem</span> <span class='ocrx_word' id='word_1_317' title='bbox 365 3008 416 3069; x_wconf 90' lang='lat' dir='ltr'>est</span> <span class='ocrx_word' id='word_1_318' title='bbox 426 3008 612 3085; x_wconf 84' lang='lat' dir='ltr'>interjectio</span> <span class='ocrx_word' id='word_1_319' title='bbox 621 3007 872 3071; x_wconf 87' lang='lat' dir='ltr'>obsecrationis.</span> 
     </span>
     <span class='ocr_line' id='line_1_30' title="bbox 63 3089 1510 3182; baseline -0.001 -14"><span class='ocrx_word' id='word_1_320' title='bbox 63 3109 126 3168; x_wconf 87' lang='lat' dir='ltr'>Est</span> <span class='ocrx_word' id='word_1_321' title='bbox 149 3120 239 3181; x_wconf 87' lang='lat' dir='ltr'>ergo</span> <span class='ocrx_word' id='word_1_322' title='bbox 263 3107 421 3166; x_wconf 86' lang='lat' dir='ltr'>llosanna</span> <span class='ocrx_word' id='word_1_323' title='bbox 435 3105 530 3182; x_wconf 89' lang='lat' dir='ltr'>quasi</span> <span class='ocrx_word' id='word_1_324' title='bbox 547 3105 604 3167; x_wconf 90' lang='lat' dir='ltr'>Osi</span> <span class='ocrx_word' id='word_1_325' title='bbox 624 3109 720 3167; x_wconf 81' lang='lat' dir='ltr'>Anna</span> <span class='ocrx_word' id='word_1_326' title='bbox 737 3127 744 3166; x_wconf 73' lang='grc' dir='ltr'><strong>ε</strong></span> <span class='ocrx_word' id='word_1_327' title='bbox 762 3106 872 3179; x_wconf 83' lang='lat' dir='ltr'>Salva,</span> <span class='ocrx_word' id='word_1_328' title='bbox 1144 3089 1190 3152; x_wconf 74' lang='lat' dir='ltr'>¹N</span> <span class='ocrx_word' id='word_1_329' title='bbox 1211 3089 1337 3152; x_wconf 64' lang='lat' dir='ltr'>COENA</span> <span class='ocrx_word' id='word_1_330' title='bbox 1358 3090 1510 3152; x_wconf 75' lang='lat' dir='ltr'><strong>DOMINI</strong></span> 
     </span>
     <span class='ocr_line' id='line_1_31' title="bbox 63 3201 874 3275; baseline -0.004 -8"><span class='ocrx_word' id='word_1_331' title='bbox 63 3205 226 3275; x_wconf 88' lang='lat' dir='ltr'>obsecre,</span> <span class='ocrx_word' id='word_1_332' title='bbox 243 3203 276 3264; x_wconf 93' lang='lat' dir='ltr'>et</span> <span class='ocrx_word' id='word_1_333' title='bbox 288 3203 338 3264; x_wconf 90' lang='lat' dir='ltr'>est</span> <span class='ocrx_word' id='word_1_334' title='bbox 355 3217 421 3264; x_wconf 89' lang='lat' dir='ltr'>una</span> <span class='ocrx_word' id='word_1_335' title='bbox 447 3201 558 3266; x_wconf 89' lang='lat' dir='ltr'>dictio.</span> <span class='ocrx_word' id='word_1_336' title='bbox 573 3203 659 3265; x_wconf 80' lang='lat' dir='ltr'>Filio</span> <span class='ocrx_word' id='word_1_337' title='bbox 683 3201 787 3265; x_wconf 83' lang='lat' dir='ltr'>David</span> <span class='ocrx_word' id='word_1_338' title='bbox 801 3205 874 3264; x_wconf 90' lang='grc' dir='ltr'>Ηο-</span> 
     </span>
    </p>
   </div>
   <div class='ocr_carea' id='block_1_5' title="bbox 66 3299 1731 4736">
    <p class='ocr_par' dir='ltr' id='par_1_7' title="bbox 66 3299 1730 4444">
     <span class='ocr_line' id='line_1_32' title="bbox 67 3299 1728 3380; baseline 0.003 -18"><span class='ocrx_word' id='word_1_339' title='bbox 67 3318 191 3374; x_wconf 86' lang='lat' dir='ltr'>sanna,</span> <span class='ocrx_word' id='word_1_340' title='bbox 217 3300 312 3372; x_wconf 90' lang='lat' dir='ltr'>idest,</span> <span class='ocrx_word' id='word_1_341' title='bbox 329 3300 434 3373; x_wconf 88' lang='lat' dir='ltr'>salva,</span> <span class='ocrx_word' id='word_1_342' title='bbox 462 3299 610 3362; x_wconf 85' lang='lat' dir='ltr'>ebsecro.</span> <span class='ocrx_word' id='word_1_343' title='bbox 628 3301 689 3363; x_wconf 89' lang='lat' dir='ltr'>Vel</span> <span class='ocrx_word' id='word_1_344' title='bbox 708 3302 786 3364; x_wconf 89' lang='lat' dir='ltr'>sunt</span> <span class='ocrx_word' id='word_1_345' title='bbox 800 3301 874 3363; x_wconf 87' lang='lat' dir='ltr'>duae</span> <span class='ocrx_word' id='word_1_346' title='bbox 968 3304 1135 3368; x_wconf 67' lang='lat' dir='ltr'>surremit</span> <span class='ocrx_word' id='word_1_347' title='bbox 1149 3307 1318 3367; x_wconf 78' lang='lat' dir='ltr'>Dcrntnus</span> <span class='ocrx_word' id='word_1_348' title='bbox 1330 3317 1353 3366; x_wconf 83' lang='lat' dir='ltr'>o</span> <span class='ocrx_word' id='word_1_349' title='bbox 1366 3317 1465 3366; x_wconf 82' lang='lat' dir='ltr'>coena</span> <span class='ocrx_word' id='word_1_350' title='bbox 1481 3304 1517 3366; x_wconf 87' lang='lat' dir='ltr'>ei</span> <span class='ocrx_word' id='word_1_351' title='bbox 1528 3305 1644 3380; x_wconf 78' lang='lat' dir='ltr'>posuit</span> <span class='ocrx_word' id='word_1_352' title='bbox 1656 3319 1728 3368; x_wconf 87' lang='lat' dir='ltr'>oes-</span> 
     </span>
     <span class='ocr_line' id='line_1_33' title="bbox 66 3397 1726 3475; baseline 0.004 -16"><span class='ocrx_word' id='word_1_353' title='bbox 66 3399 240 3461; x_wconf 88' lang='lat' dir='ltr'>dictiones</span> <span class='ocrx_word' id='word_1_354' title='bbox 257 3420 264 3459; x_wconf 91' lang='lat'><strong>:</strong></span> <span class='ocrx_word' id='word_1_355' title='bbox 279 3399 304 3459; x_wconf 92' lang='lat'>0</span> <span class='ocrx_word' id='word_1_356' title='bbox 320 3397 384 3458; x_wconf 72' lang='lat' dir='ltr'>pm</span> <span class='ocrx_word' id='word_1_357' title='bbox 398 3397 515 3466; x_wconf 83' lang='lat' dir='ltr'>David,</span> <span class='ocrx_word' id='word_1_358' title='bbox 536 3401 680 3459; x_wconf 88' lang='lat' dir='ltr'>Osanna.</span> <span class='ocrx_word' id='word_1_359' title='bbox 697 3398 876 3461; x_wconf 84' lang='lat' dir='ltr'>Etclama·</span> <span class='ocrx_word' id='word_1_360' title='bbox 930 3403 1076 3465; x_wconf 78' lang='lat' dir='ltr'>timente</span> <span class='ocrx_word' id='word_1_361' title='bbox 1096 3415 1173 3473; x_wconf 84' lang='lat' dir='ltr'>suc,</span> <span class='ocrx_word' id='word_1_362' title='bbox 1194 3402 1228 3462; x_wconf 88' lang='lat' dir='ltr'>et</span> <span class='ocrx_word' id='word_1_363' title='bbox 1255 3417 1334 3462; x_wconf 82' lang='lat' dir='ltr'>cum</span> <span class='ocrx_word' id='word_1_364' title='bbox 1357 3401 1544 3475; x_wconf 75' lang='lat' dir='ltr'>accepisset</span> <span class='ocrx_word' id='word_1_365' title='bbox 1570 3403 1726 3475; x_wconf 77' lang='lat' dir='ltr'>linteum,</span> 
     </span>
     <span class='ocr_line' id='line_1_34' title="bbox 66 3495 1729 3576; baseline 0.004 -20"><span class='ocrx_word' id='word_1_366' title='bbox 66 3496 151 3558; x_wconf 86' lang='lat' dir='ltr'>bant</span> <span class='ocrx_word' id='word_1_367' title='bbox 163 3495 283 3558; x_wconf 88' lang='lat' dir='ltr'>contra</span> <span class='ocrx_word' id='word_1_368' title='bbox 296 3496 426 3571; x_wconf 86' lang='lat' dir='ltr'>ipsum:</span> <span class='ocrx_word' id='word_1_369' title='bbox 441 3495 717 3568; x_wconf 67' lang='lat' dir='ltr'>benedictuserat</span> <span class='ocrx_word' id='word_1_370' title='bbox 731 3496 825 3558; x_wconf 85' lang='lat' dir='ltr'>venit</span> <span class='ocrx_word' id='word_1_371' title='bbox 837 3499 875 3558; x_wconf 82' lang='lat' dir='ltr'>in</span> <span class='ocrx_word' id='word_1_372' title='bbox 926 3497 1117 3576; x_wconf 68' lang='lat' dir='ltr'>praecincti</span> <span class='ocrx_word' id='word_1_373' title='bbox 1129 3511 1178 3560; x_wconf 89' lang='lat' dir='ltr'>se.</span> <span class='ocrx_word' id='word_1_374' title='bbox 1201 3499 1333 3559; x_wconf 80' lang='lat' dir='ltr'>Deinde</span> <span class='ocrx_word' id='word_1_375' title='bbox 1346 3498 1443 3559; x_wconf 82' lang='lat' dir='ltr'>misit</span> <span class='ocrx_word' id='word_1_376' title='bbox 1459 3511 1589 3571; x_wconf 76' lang='lat' dir='ltr'>apuam</span> <span class='ocrx_word' id='word_1_377' title='bbox 1601 3503 1639 3560; x_wconf 81' lang='lat' dir='ltr'>in</span> <span class='ocrx_word' id='word_1_378' title='bbox 1653 3505 1729 3574; x_wconf 84' lang='lat' dir='ltr'>pct-</span> 
     </span>
     <span class='ocr_line' id='line_1_35' title="bbox 66 3590 1730 3670; baseline 0.004 -17"><span class='ocrx_word' id='word_1_379' title='bbox 66 3598 216 3656; x_wconf 75' lang='lat' dir='ltr'>itomine</span> <span class='ocrx_word' id='word_1_380' title='bbox 229 3595 379 3664; x_wconf 83' lang='lat' dir='ltr'>Domini,</span> <span class='ocrx_word' id='word_1_381' title='bbox 391 3591 488 3668; x_wconf 84' lang='lat' dir='ltr'>quasi</span> <span class='ocrx_word' id='word_1_382' title='bbox 503 3590 606 3652; x_wconf 84' lang='lat' dir='ltr'>dicat=</span> <span class='ocrx_word' id='word_1_383' title='bbox 619 3591 681 3652; x_wconf 85' lang='lat' dir='ltr'>Hic</span> <span class='ocrx_word' id='word_1_384' title='bbox 695 3592 746 3654; x_wconf 91' lang='lat' dir='ltr'>est</span> <span class='ocrx_word' id='word_1_385' title='bbox 758 3592 799 3653; x_wconf 92' lang='lat' dir='ltr'>de</span> <span class='ocrx_word' id='word_1_386' title='bbox 810 3609 874 3670; x_wconf 88' lang='lat' dir='ltr'>quo</span> <span class='ocrx_word' id='word_1_387' title='bbox 929 3599 1012 3668; x_wconf 86' lang='lat' dir='ltr'>vim,</span> <span class='ocrx_word' id='word_1_388' title='bbox 1034 3596 1070 3657; x_wconf 90' lang='lat' dir='ltr'>ei</span> <span class='ocrx_word' id='word_1_389' title='bbox 1089 3595 1189 3670; x_wconf 77' lang='lat' dir='ltr'>ccepti</span> <span class='ocrx_word' id='word_1_390' title='bbox 1216 3599 1336 3656; x_wconf 73' lang='lat' dir='ltr'>meare</span> <span class='ocrx_word' id='word_1_391' title='bbox 1356 3597 1461 3668; x_wconf 84' lang='lat' dir='ltr'>pedes</span> <span class='ocrx_word' id='word_1_392' title='bbox 1482 3595 1730 3669; x_wconf 77' lang='lat' dir='ltr'>discipulorum</span> 
     </span>
     <span class='ocr_line' id='line_1_36' title="bbox 70 3690 1730 3766; baseline 0.002 -16"><span class='ocrx_word' id='word_1_393' title='bbox 70 3691 199 3753; x_wconf 91' lang='lat' dir='ltr'>dictum</span> <span class='ocrx_word' id='word_1_394' title='bbox 216 3691 284 3752; x_wconf 86' lang='lat' dir='ltr'>est:</span> <span class='ocrx_word' id='word_1_395' title='bbox 297 3690 398 3752; x_wconf 85' lang='lat' dir='ltr'>Dabit</span> <span class='ocrx_word' id='word_1_396' title='bbox 408 3692 456 3751; x_wconf 82' lang='lat' dir='ltr'>tiit</span> <span class='ocrx_word' id='word_1_397' title='bbox 469 3691 640 3750; x_wconf 79' lang='lat' dir='ltr'>Dominus</span> <span class='ocrx_word' id='word_1_398' title='bbox 651 3692 745 3750; x_wconf 84' lang='lat' dir='ltr'>Deus</span> <span class='ocrx_word' id='word_1_399' title='bbox 758 3693 874 3752; x_wconf 83' lang='lat' dir='ltr'>sedem</span> <span class='ocrx_word' id='word_1_400' title='bbox 928 3707 1084 3764; x_wconf 66' lang='lat' dir='ltr'>summm,</span> <span class='ocrx_word' id='word_1_401' title='bbox 1100 3692 1135 3752; x_wconf 88' lang='lat' dir='ltr'>et</span> <span class='ocrx_word' id='word_1_402' title='bbox 1148 3691 1222 3752; x_wconf 86' lang='lat' dir='ltr'>ott:</span> <span class='ocrx_word' id='word_1_403' title='bbox 1243 3693 1454 3766; x_wconf 67' lang='lat' dir='ltr'>coemptum</span> <span class='ocrx_word' id='word_1_404' title='bbox 1473 3692 1550 3752; x_wconf 79' lang='lat' dir='ltr'>dedi</span> <span class='ocrx_word' id='word_1_405' title='bbox 1569 3695 1673 3765; x_wconf 81' lang='lat' dir='ltr'>vobis,</span> <span class='ocrx_word' id='word_1_406' title='bbox 1689 3693 1730 3754; x_wconf 82' lang='lat' dir='ltr'>ut</span> 
     </span>
     <span class='ocr_line' id='line_1_37' title="bbox 72 3785 1727 3870; baseline 0.002 -22"><span class='ocrx_word' id='word_1_407' title='bbox 72 3789 187 3849; x_wconf 81' lang='lat' dir='ltr'>David</span> <span class='ocrx_word' id='word_1_408' title='bbox 216 3787 331 3862; x_wconf 82' lang='lat' dir='ltr'>patris</span> <span class='ocrx_word' id='word_1_409' title='bbox 359 3789 435 3859; x_wconf 75' lang='lat' dir='ltr'>ejus</span> <span class='ocrx_word' id='word_1_410' title='bbox 461 3785 497 3846; x_wconf 89' lang='lat' dir='ltr'>et</span> <span class='ocrx_word' id='word_1_411' title='bbox 523 3787 744 3862; x_wconf 70' lang='lat' dir='ltr'>reconditio</span> <span class='ocrx_word' id='word_1_412' title='bbox 775 3789 874 3848; x_wconf 78' lang='lat' dir='ltr'>donee</span> <span class='ocrx_word' id='word_1_413' title='bbox 929 3790 964 3851; x_wconf 87' lang='lat' dir='ltr'>et</span> <span class='ocrx_word' id='word_1_414' title='bbox 977 3805 1036 3851; x_wconf 83' lang='lat' dir='ltr'>cos</span> <span class='ocrx_word' id='word_1_415' title='bbox 1052 3789 1213 3851; x_wconf 81' lang='lat' dir='ltr'>similiter</span> <span class='ocrx_word' id='word_1_416' title='bbox 1235 3788 1374 3863; x_wconf 83' lang='lat' dir='ltr'>sociatis</span> <span class='ocrx_word' id='word_1_417' title='bbox 1397 3785 1507 3866; x_wconf 87' lang='lat' dir='ltr'>(Joan.</span> <span class='ocrx_word' id='word_1_418' title='bbox 1523 3803 1597 3860; x_wconf 81' lang='lat'>1111,</span> <span class='ocrx_word' id='word_1_419' title='bbox 1616 3793 1645 3862; x_wconf 82' lang='lat' dir='ltr'>t,</span> <span class='ocrx_word' id='word_1_420' title='bbox 1661 3787 1727 3870; x_wconf 88' lang='lat'>15).</span> 
     </span>
     <span class='ocr_line' id='line_1_38' title="bbox 70 3879 1725 3964; baseline 0.002 -18"><span class='ocrx_word' id='word_1_421' title='bbox 70 3887 176 3946; x_wconf 81' lang='lat' dir='ltr'>Jacob</span> <span class='ocrx_word' id='word_1_422' title='bbox 198 3887 238 3945; x_wconf 86' lang='lat' dir='ltr'>tn</span> <span class='ocrx_word' id='word_1_423' title='bbox 256 3885 428 3944; x_wconf 76' lang='lat' dir='ltr'>oeternum</span> <span class='ocrx_word' id='word_1_424' title='bbox 442 3883 536 3962; x_wconf 84' lang='lat' dir='ltr'>(Luc.</span> <span class='ocrx_word' id='word_1_425' title='bbox 554 3898 578 3955; x_wconf 91' lang='lat'>1,</span> <span class='ocrx_word' id='word_1_426' title='bbox 593 3879 658 3962; x_wconf 83' lang='lat'>32).</span> <span class='ocrx_word' id='word_1_427' title='bbox 672 3883 712 3945; x_wconf 84' lang='lat' dir='ltr'>Et</span> <span class='ocrx_word' id='word_1_428' title='bbox 730 3882 872 3945; x_wconf 88' lang='lat' dir='ltr'>iterum:</span> <span class='ocrx_word' id='word_1_429' title='bbox 969 3887 1118 3964; x_wconf 85' lang='lat' dir='ltr'>Quinque</span> <span class='ocrx_word' id='word_1_430' title='bbox 1138 3886 1174 3948; x_wconf 88' lang='lat' dir='ltr'>in</span> <span class='ocrx_word' id='word_1_431' title='bbox 1188 3885 1298 3948; x_wconf 84' lang='lat' dir='ltr'>verbis</span> <span class='ocrx_word' id='word_1_432' title='bbox 1313 3885 1499 3964; x_wconf 74' lang='lat' dir='ltr'>prepositis</span> <span class='ocrx_word' id='word_1_433' title='bbox 1514 3886 1725 3960; x_wconf 85' lang='lat' dir='ltr'>adnotantur,</span> 
     </span>
     <span class='ocr_line' id='line_1_39' title="bbox 69 3979 1729 4063; baseline 0.005 -24"><span class='ocrx_word' id='word_1_434' title='bbox 69 3980 323 4044; x_wconf 81' lang='lat' dir='ltr'>convertebant</span> <span class='ocrx_word' id='word_1_435' title='bbox 335 3979 437 4042; x_wconf 84' lang='lat' dir='ltr'>rerba</span> <span class='ocrx_word' id='word_1_436' title='bbox 461 3979 503 4041; x_wconf 92' lang='lat' dir='ltr'>ad</span> <span class='ocrx_word' id='word_1_437' title='bbox 522 3979 631 4057; x_wconf 90' lang='lat' dir='ltr'>ipsum</span> <span class='ocrx_word' id='word_1_438' title='bbox 646 3981 678 4042; x_wconf 91' lang='lat' dir='ltr'>et</span> <span class='ocrx_word' id='word_1_439' title='bbox 693 3979 872 4043; x_wconf 86' lang='lat' dir='ltr'>dicebaut:</span> <span class='ocrx_word' id='word_1_440' title='bbox 927 3984 1093 4055; x_wconf 77' lang='lat' dir='ltr'>videlicet,</span> <span class='ocrx_word' id='word_1_441' title='bbox 1111 3999 1131 4045; x_wconf 86' lang='lat' dir='ltr'>a</span> <span class='ocrx_word' id='word_1_442' title='bbox 1146 3999 1240 4046; x_wconf 87' lang='lat' dir='ltr'>coena</span> <span class='ocrx_word' id='word_1_443' title='bbox 1260 3997 1407 4060; x_wconf 87' lang='lat' dir='ltr'>surgere,</span> <span class='ocrx_word' id='word_1_444' title='bbox 1419 3981 1617 4046; x_wconf 78' lang='lat' dir='ltr'>vestimenta</span> <span class='ocrx_word' id='word_1_445' title='bbox 1631 3984 1729 4063; x_wconf 91' lang='lat' dir='ltr'>depo-</span> 
     </span>
     <span class='ocr_line' id='line_1_40' title="bbox 72 4077 1730 4160; baseline 0.002 -22"><span class='ocrx_word' id='word_1_446' title='bbox 72 4081 236 4142; x_wconf 88' lang='lat' dir='ltr'>Hosanna</span> <span class='ocrx_word' id='word_1_447' title='bbox 249 4078 285 4140; x_wconf 92' lang='lat' dir='ltr'>in</span> <span class='ocrx_word' id='word_1_448' title='bbox 297 4077 451 4149; x_wconf 86' lang='lat' dir='ltr'>excelsis,</span> <span class='ocrx_word' id='word_1_449' title='bbox 469 4077 547 4155; x_wconf 82' lang='lat' dir='ltr'>quia</span> <span class='ocrx_word' id='word_1_450' title='bbox 562 4077 749 4139; x_wconf 86' lang='lat' dir='ltr'>Deumcoeli</span> <span class='ocrx_word' id='word_1_451' title='bbox 763 4079 796 4140; x_wconf 91' lang='lat' dir='ltr'>et</span> <span class='ocrx_word' id='word_1_452' title='bbox 809 4093 874 4140; x_wconf 87' lang='lat' dir='ltr'>aa·</span> <span class='ocrx_word' id='word_1_453' title='bbox 928 4097 1020 4156; x_wconf 89' lang='lat' dir='ltr'>nere,</span> <span class='ocrx_word' id='word_1_454' title='bbox 1043 4081 1147 4143; x_wconf 90' lang='lat' dir='ltr'>linteo</span> <span class='ocrx_word' id='word_1_455' title='bbox 1165 4097 1202 4142; x_wconf 91' lang='lat' dir='ltr'>se</span> <span class='ocrx_word' id='word_1_456' title='bbox 1221 4081 1437 4158; x_wconf 85' lang='lat' dir='ltr'>praecingere,</span> <span class='ocrx_word' id='word_1_457' title='bbox 1462 4096 1583 4157; x_wconf 86' lang='lat' dir='ltr'>aquam</span> <span class='ocrx_word' id='word_1_458' title='bbox 1602 4082 1637 4143; x_wconf 93' lang='lat' dir='ltr'>in</span> <span class='ocrx_word' id='word_1_459' title='bbox 1657 4083 1730 4160; x_wconf 88' lang='lat' dir='ltr'>pel-</span> 
     </span>
     <span class='ocr_line' id='line_1_41' title="bbox 71 4174 1728 4256; baseline 0.005 -19"><span class='ocrx_word' id='word_1_460' title='bbox 71 4176 228 4250; x_wconf 91' lang='lat' dir='ltr'>gelorum</span> <span class='ocrx_word' id='word_1_461' title='bbox 252 4175 347 4236; x_wconf 92' lang='lat' dir='ltr'>illum</span> <span class='ocrx_word' id='word_1_462' title='bbox 371 4174 606 4251; x_wconf 87' lang='lat' dir='ltr'>praedicabant.</span> <span class='ocrx_word' id='word_1_463' title='bbox 623 4177 662 4236; x_wconf 81' lang='lat' dir='ltr'>at</span> <span class='ocrx_word' id='word_1_464' title='bbox 681 4175 874 4238; x_wconf 80' lang='lat' dir='ltr'>versusiste</span> <span class='ocrx_word' id='word_1_465' title='bbox 928 4181 996 4244; x_wconf 76' lang='lat' dir='ltr'>rim</span> <span class='ocrx_word' id='word_1_466' title='bbox 1024 4179 1166 4251; x_wconf 90' lang='lat' dir='ltr'>mittere,</span> <span class='ocrx_word' id='word_1_467' title='bbox 1198 4177 1439 4255; x_wconf 88' lang='lat' dir='ltr'>discipulorum</span> <span class='ocrx_word' id='word_1_468' title='bbox 1472 4178 1573 4256; x_wconf 90' lang='lat' dir='ltr'>pedes</span> <span class='ocrx_word' id='word_1_469' title='bbox 1601 4179 1728 4244; x_wconf 81' lang='lat' dir='ltr'>lavare.</span> 
     </span>
     <span class='ocr_line' id='line_1_42' title="bbox 72 4271 1729 4352; baseline 0.007 -22"><span class='ocrx_word' id='word_1_470' title='bbox 72 4275 227 4352; x_wconf 90' lang='lat' dir='ltr'>sumptus</span> <span class='ocrx_word' id='word_1_471' title='bbox 241 4272 341 4335; x_wconf 90' lang='lat' dir='ltr'>estde</span> <span class='ocrx_word' id='word_1_472' title='bbox 356 4271 535 4333; x_wconf 89' lang='lat' dir='ltr'>centesimo</span> <span class='ocrx_word' id='word_1_473' title='bbox 550 4272 584 4333; x_wconf 91' lang='lat' dir='ltr'>et</span> <span class='ocrx_word' id='word_1_474' title='bbox 597 4272 874 4350; x_wconf 88' lang='lat' dir='ltr'>septimodecimo</span> <span class='ocrx_word' id='word_1_475' title='bbox 929 4275 1081 4338; x_wconf 88' lang='lat' dir='ltr'>Oitlcium</span> <span class='ocrx_word' id='word_1_476' title='bbox 1103 4275 1189 4352; x_wconf 87' lang='lat' dir='ltr'>quod</span> <span class='ocrx_word' id='word_1_477' title='bbox 1214 4273 1310 4336; x_wconf 90' lang='lat' dir='ltr'>nobis</span> <span class='ocrx_word' id='word_1_478' title='bbox 1334 4275 1499 4350; x_wconf 86' lang='lat' dir='ltr'>agendum</span> <span class='ocrx_word' id='word_1_479' title='bbox 1522 4275 1672 4340; x_wconf 89' lang='lat' dir='ltr'>imminet</span> <span class='ocrx_word' id='word_1_480' title='bbox 1687 4278 1729 4341; x_wconf 88' lang='lat' dir='ltr'>de</span> 
     </span>
     <span class='ocr_line' id='line_1_43' title="bbox 72 4368 1467 4444; baseline 0.003 -15"><span class='ocrx_word' id='word_1_481' title='bbox 72 4368 216 4444; x_wconf 85' lang='lat' dir='ltr'>psalmo,</span> <span class='ocrx_word' id='word_1_482' title='bbox 230 4368 287 4430; x_wconf 94' lang='lat' dir='ltr'>ubi</span> <span class='ocrx_word' id='word_1_483' title='bbox 302 4369 442 4431; x_wconf 91' lang='lat' dir='ltr'>dicitur:</span> <span class='ocrx_word' id='word_1_484' title='bbox 461 4371 486 4432; x_wconf 89' lang='grc'><em>0</em></span> <span class='ocrx_word' id='word_1_485' title='bbox 499 4372 655 4441; x_wconf 81' lang='lat' dir='ltr'>Domine,</span> <span class='ocrx_word' id='word_1_486' title='bbox 674 4373 810 4433; x_wconf 65' lang='lat' dir='ltr'>ameum</span> <span class='ocrx_word' id='word_1_487' title='bbox 819 4385 875 4433; x_wconf 83' lang='lat' dir='ltr'>me</span> <span class='ocrx_word' id='word_1_488' title='bbox 929 4373 982 4435; x_wconf 87' lang='lat' dir='ltr'>bis</span> <span class='ocrx_word' id='word_1_489' title='bbox 993 4372 1139 4436; x_wconf 87' lang='lat' dir='ltr'>breviter</span> <span class='ocrx_word' id='word_1_490' title='bbox 1152 4372 1328 4434; x_wconf 89' lang='lat' dir='ltr'>dicendum</span> <span class='ocrx_word' id='word_1_491' title='bbox 1343 4375 1467 4436; x_wconf 89' lang='lat' dir='ltr'>monet.</span> 
     </span>
    </p>

    <p class='ocr_par' dir='ltr' id='par_1_8' title="bbox 73 4468 1731 4736">
     <span class='ocr_line' id='line_1_44' title="bbox 73 4468 1731 4546; baseline 0.004 -18"><span class='ocrx_word' id='word_1_492' title='bbox 73 4468 174 4541; x_wconf 67' lang='lat' dir='ltr'>icco</span> <span class='ocrx_word' id='word_1_493' title='bbox 195 4469 352 4539; x_wconf 81' lang='lat' dir='ltr'>Domine,</span> <span class='ocrx_word' id='word_1_494' title='bbox 370 4469 452 4529; x_wconf 79' lang='lat' dir='ltr'>bene</span> <span class='ocrx_word' id='word_1_495' title='bbox 471 4480 696 4541; x_wconf 84' lang='lat' dir='ltr'>prosperare.</span> <span class='ocrx_word' id='word_1_496' title='bbox 712 4469 875 4530; x_wconf 80' lang='lat' dir='ltr'>Benedtc·</span> <span class='ocrx_word' id='word_1_497' title='bbox 970 4469 1123 4533; x_wconf 81' lang='lat' dir='ltr'>Surrexit</span> <span class='ocrx_word' id='word_1_498' title='bbox 1133 4470 1293 4531; x_wconf 90' lang='lat' dir='ltr'>Dominus</span> <span class='ocrx_word' id='word_1_499' title='bbox 1313 4485 1453 4532; x_wconf 88' lang='lat' dir='ltr'>acosna.</span> <span class='ocrx_word' id='word_1_500' title='bbox 1467 4469 1645 4546; x_wconf 82' lang='lat' dir='ltr'>Triplicem</span> <span class='ocrx_word' id='word_1_501' title='bbox 1660 4485 1731 4534; x_wconf 80' lang='lat' dir='ltr'>cte-</span> 
     </span>
     <span class='ocr_line' id='line_1_45' title="bbox 74 4563 1728 4646; baseline 0.004 -24"><span class='ocrx_word' id='word_1_502' title='bbox 74 4564 130 4625; x_wconf 82' lang='lat' dir='ltr'>ius</span> <span class='ocrx_word' id='word_1_503' title='bbox 139 4568 200 4640; x_wconf 77' lang='lat' dir='ltr'>oret</span> <span class='ocrx_word' id='word_1_504' title='bbox 213 4564 308 4626; x_wconf 83' lang='lat' dir='ltr'>venit</span> <span class='ocrx_word' id='word_1_505' title='bbox 317 4565 497 4625; x_wconf 80' lang='lat' dir='ltr'>innomine</span> <span class='ocrx_word' id='word_1_506' title='bbox 508 4567 646 4626; x_wconf 82' lang='lat' dir='ltr'>Domini</span> <span class='ocrx_word' id='word_1_507' title='bbox 653 4563 799 4643; x_wconf 72' lang='lat' dir='ltr'>(Pelii,</span> <span class='ocrx_word' id='word_1_508' title='bbox 806 4564 872 4646; x_wconf 81' lang='lat'>25).</span> <span class='ocrx_word' id='word_1_509' title='bbox 929 4581 1008 4628; x_wconf 88' lang='lat' dir='ltr'>nam</span> <span class='ocrx_word' id='word_1_510' title='bbox 1023 4564 1213 4628; x_wconf 86' lang='lat' dir='ltr'>invenimus</span> <span class='ocrx_word' id='word_1_511' title='bbox 1234 4564 1269 4624; x_wconf 94' lang='lat' dir='ltr'>in</span> <span class='ocrx_word' id='word_1_512' title='bbox 1288 4563 1485 4640; x_wconf 88' lang='lat' dir='ltr'>scripturis:</span> <span class='ocrx_word' id='word_1_513' title='bbox 1504 4564 1611 4642; x_wconf 88' lang='lat' dir='ltr'>prima</span> <span class='ocrx_word' id='word_1_514' title='bbox 1632 4582 1728 4629; x_wconf 81' lang='lat' dir='ltr'>omna</span> 
     </span>
     <span class='ocr_line' id='line_1_46' title="bbox 74 4660 1728 4736; baseline 0.004 -16"><span class='ocrx_word' id='word_1_515' title='bbox 74 4660 433 4723; x_wconf 80' lang='lat' dir='ltr'>lullebraeo:0bsecro</span> <span class='ocrx_word' id='word_1_516' title='bbox 447 4660 711 4734; x_wconf 73' lang='lat' dir='ltr'>Dominesalva,</span> <span class='ocrx_word' id='word_1_517' title='bbox 724 4660 872 4736; x_wconf 89' lang='lat' dir='ltr'>obsecro,</span> <span class='ocrx_word' id='word_1_518' title='bbox 929 4667 982 4726; x_wconf 88' lang='lat' dir='ltr'>est</span> <span class='ocrx_word' id='word_1_519' title='bbox 994 4662 1131 4726; x_wconf 88' lang='lat' dir='ltr'>reiectio</span> <span class='ocrx_word' id='word_1_520' title='bbox 1154 4663 1232 4725; x_wconf 71' lang='lat' dir='ltr'>ritae</span> <span class='ocrx_word' id='word_1_521' title='bbox 1252 4663 1397 4734; x_wconf 67' lang='lat' dir='ltr'>aeternae,</span> <span class='ocrx_word' id='word_1_522' title='bbox 1412 4663 1567 4736; x_wconf 89' lang='lat' dir='ltr'>secunda,</span> <span class='ocrx_word' id='word_1_523' title='bbox 1589 4663 1728 4726; x_wconf 90' lang='lat' dir='ltr'>dulcedo</span> 
     </span>
    </p>
   </div>
   <div class='ocr_carea' id='block_1_6' title="bbox 75 4749 1842 4839">
    <p class='ocr_par' dir='ltr' id='par_1_9' title="bbox 75 4749 1842 4839">
     <span class='ocr_line' id='line_1_47' title="bbox 75 4749 1842 4839; baseline 0.004 -23"><span class='ocrx_word' id='word_1_524' title='bbox 75 4755 281 4830; x_wconf 89' lang='lat' dir='ltr'>benedictus,</span> <span class='ocrx_word' id='word_1_525' title='bbox 297 4757 393 4830; x_wconf 88' lang='lat' dir='ltr'>idest,</span> <span class='ocrx_word' id='word_1_526' title='bbox 410 4757 574 4833; x_wconf 89' lang='lat' dir='ltr'>gloriosus</span> <span class='ocrx_word' id='word_1_527' title='bbox 590 4758 646 4835; x_wconf 87' lang='lat' dir='ltr'>qui</span> <span class='ocrx_word' id='word_1_528' title='bbox 665 4758 802 4820; x_wconf 82' lang='lat' dir='ltr'>renitet</span> <span class='ocrx_word' id='word_1_529' title='bbox 816 4759 873 4820; x_wconf 89' lang='lat' dir='ltr'>in-</span> <span class='ocrx_word' id='word_1_530' title='bbox 929 4757 1383 4839; x_wconf 80' lang='lat' dir='ltr'>contemplationisdirinae3</span> <span class='ocrx_word' id='word_1_531' title='bbox 1399 4758 1499 4822; x_wconf 89' lang='lat' dir='ltr'>tertia</span> <span class='ocrx_word' id='word_1_532' title='bbox 1522 4761 1572 4822; x_wconf 91' lang='lat' dir='ltr'>est</span> <span class='ocrx_word' id='word_1_533' title='bbox 1591 4761 1727 4823; x_wconf 90' lang='lat' dir='ltr'>miseria</span> <span class='ocrx_word' id='word_1_534' title='bbox 1840 4749 1842 4756; x_wconf 76' lang='grc'><strong>’</strong></span> 
     </span>
    </p>
   </div>
   <div class='ocr_carea' id='block_1_7' title="bbox 76 4853 1728 5619">
    <p class='ocr_par' dir='ltr' id='par_1_10' title="bbox 76 4853 1728 5320">
     <span class='ocr_line' id='line_1_48' title="bbox 77 4853 1726 4937; baseline 0.005 -24"><span class='ocrx_word' id='word_1_535' title='bbox 77 4858 234 4918; x_wconf 86' lang='lat' dir='ltr'>carnatus</span> <span class='ocrx_word' id='word_1_536' title='bbox 249 4853 381 4917; x_wconf 90' lang='lat' dir='ltr'>estnon</span> <span class='ocrx_word' id='word_1_537' title='bbox 400 4855 578 4916; x_wconf 88' lang='lat' dir='ltr'>innomine</span> <span class='ocrx_word' id='word_1_538' title='bbox 593 4869 664 4927; x_wconf 90' lang='lat' dir='ltr'>suo,</span> <span class='ocrx_word' id='word_1_539' title='bbox 676 4855 762 4917; x_wconf 87' lang='lat' dir='ltr'>sicut</span> <span class='ocrx_word' id='word_1_540' title='bbox 775 4857 874 4919; x_wconf 77' lang='lat' dir='ltr'>Anti-</span> <span class='ocrx_word' id='word_1_541' title='bbox 930 4858 1103 4937; x_wconf 75' lang='lat' dir='ltr'>presentis</span> <span class='ocrx_word' id='word_1_542' title='bbox 1117 4857 1205 4920; x_wconf 82' lang='lat' dir='ltr'>ritae.</span> <span class='ocrx_word' id='word_1_543' title='bbox 1232 4859 1278 4920; x_wconf 90' lang='lat' dir='ltr'>De</span> <span class='ocrx_word' id='word_1_544' title='bbox 1302 4856 1410 4934; x_wconf 89' lang='lat' dir='ltr'>prima</span> <span class='ocrx_word' id='word_1_545' title='bbox 1429 4856 1571 4934; x_wconf 90' lang='lat' dir='ltr'>legimus</span> <span class='ocrx_word' id='word_1_546' title='bbox 1583 4857 1619 4919; x_wconf 93' lang='lat' dir='ltr'>in</span> <span class='ocrx_word' id='word_1_547' title='bbox 1633 4861 1726 4936; x_wconf 81' lang='lat' dir='ltr'>Apo-</span> 
     </span>
     <span class='ocr_line' id='line_1_49' title="bbox 76 4951 1728 5033; baseline 0.005 -22"><span class='ocrx_word' id='word_1_548' title='bbox 76 4951 234 5025; x_wconf 90' lang='lat' dir='ltr'>cbristus,</span> <span class='ocrx_word' id='word_1_549' title='bbox 251 4953 350 5016; x_wconf 90' lang='lat' dir='ltr'>sedin</span> <span class='ocrx_word' id='word_1_550' title='bbox 366 4953 499 5015; x_wconf 90' lang='lat' dir='ltr'>nomine</span> <span class='ocrx_word' id='word_1_551' title='bbox 513 4953 691 5016; x_wconf 86' lang='lat' dir='ltr'>Patrissui.</span> <span class='ocrx_word' id='word_1_552' title='bbox 704 4954 744 5015; x_wconf 84' lang='lat' dir='ltr'>Et</span> <span class='ocrx_word' id='word_1_553' title='bbox 754 4954 874 5016; x_wconf 88' lang='lat' dir='ltr'>iterum</span> <span class='ocrx_word' id='word_1_554' title='bbox 929 4955 1082 5033; x_wconf 78' lang='lat' dir='ltr'>calypsi:</span> <span class='ocrx_word' id='word_1_555' title='bbox 1107 4956 1235 5026; x_wconf 80' lang='lat' dir='ltr'>Venite,</span> <span class='ocrx_word' id='word_1_556' title='bbox 1255 4957 1516 5032; x_wconf 68' lang='lat' dir='ltr'>congregamini</span> <span class='ocrx_word' id='word_1_557' title='bbox 1534 4957 1579 5017; x_wconf 85' lang='lat' dir='ltr'>cd</span> <span class='ocrx_word' id='word_1_558' title='bbox 1592 4971 1728 5020; x_wconf 76' lang='lat' dir='ltr'>coenam</span> 
     </span>
     <span class='ocr_line' id='line_1_50' title="bbox 77 5049 1727 5132; baseline 0.005 -24"><span class='ocrx_word' id='word_1_559' title='bbox 77 5051 272 5127; x_wconf 88' lang='lat' dir='ltr'>repetebant</span> <span class='ocrx_word' id='word_1_560' title='bbox 286 5052 430 5124; x_wconf 85' lang='lat' dir='ltr'>Osanna,</span> <span class='ocrx_word' id='word_1_561' title='bbox 447 5051 544 5124; x_wconf 89' lang='lat' dir='ltr'>idest,</span> <span class='ocrx_word' id='word_1_562' title='bbox 558 5051 662 5124; x_wconf 86' lang='lat' dir='ltr'>salva,</span> <span class='ocrx_word' id='word_1_563' title='bbox 680 5050 828 5125; x_wconf 88' lang='lat' dir='ltr'>obsecro,</span> <span class='ocrx_word' id='word_1_564' title='bbox 843 5053 876 5114; x_wconf 90' lang='lat' dir='ltr'>et</span> <span class='ocrx_word' id='word_1_565' title='bbox 928 5066 1094 5130; x_wconf 72' lang='lat' dir='ltr'>empnam</span> <span class='ocrx_word' id='word_1_566' title='bbox 1110 5055 1175 5115; x_wconf 83' lang='lat' dir='ltr'>Det</span> <span class='ocrx_word' id='word_1_567' title='bbox 1199 5049 1313 5130; x_wconf 80' lang='lat' dir='ltr'>(Apoc.</span> <span class='ocrx_word' id='word_1_568' title='bbox 1338 5067 1410 5124; x_wconf 83' lang='lat' dir='ltr'>m,</span> <span class='ocrx_word' id='word_1_569' title='bbox 1431 5050 1496 5132; x_wconf 82' lang='lat'>17).</span> <span class='ocrx_word' id='word_1_570' title='bbox 1517 5055 1563 5115; x_wconf 87' lang='lat' dir='ltr'>De</span> <span class='ocrx_word' id='word_1_571' title='bbox 1582 5055 1727 5116; x_wconf 89' lang='lat' dir='ltr'>secunda</span> 
     </span>
     <span class='ocr_line' id='line_1_51' title="bbox 78 5145 1728 5221; baseline 0.008 -17"><span class='ocrx_word' id='word_1_572' title='bbox 78 5145 192 5211; x_wconf 90' lang='lat' dir='ltr'>dicunt</span> <span class='ocrx_word' id='word_1_573' title='bbox 210 5148 268 5210; x_wconf 91' lang='lat' dir='ltr'>ubi</span> <span class='ocrx_word' id='word_1_574' title='bbox 279 5149 397 5210; x_wconf 81' lang='lat' dir='ltr'>volunt</span> <span class='ocrx_word' id='word_1_575' title='bbox 424 5147 560 5221; x_wconf 83' lang='lat' dir='ltr'>salvari,</span> <span class='ocrx_word' id='word_1_576' title='bbox 586 5146 682 5220; x_wconf 89' lang='lat' dir='ltr'>idest,</span> <span class='ocrx_word' id='word_1_577' title='bbox 712 5148 748 5210; x_wconf 92' lang='lat' dir='ltr'>in</span> <span class='ocrx_word' id='word_1_578' title='bbox 777 5149 875 5212; x_wconf 87' lang='lat' dir='ltr'>altis·</span> <span class='ocrx_word' id='word_1_579' title='bbox 930 5151 1088 5212; x_wconf 87' lang='lat' dir='ltr'>Dominus</span> <span class='ocrx_word' id='word_1_580' title='bbox 1103 5148 1183 5213; x_wconf 89' lang='lat' dir='ltr'>dicit</span> <span class='ocrx_word' id='word_1_581' title='bbox 1195 5149 1340 5211; x_wconf 87' lang='lat' dir='ltr'>ibidem:</span> <span class='ocrx_word' id='word_1_582' title='bbox 1360 5153 1448 5212; x_wconf 73' lang='lat' dir='ltr'>Ecce</span> <span class='ocrx_word' id='word_1_583' title='bbox 1467 5151 1584 5212; x_wconf 85' lang='lat' dir='ltr'>stood</span> <span class='ocrx_word' id='word_1_584' title='bbox 1600 5153 1728 5218; x_wconf 84' lang='lat' dir='ltr'>ostium</span> 
     </span>
     <span class='ocr_line' id='line_1_52' title="bbox 78 5242 1727 5320; baseline 0.005 -19"><span class='ocrx_word' id='word_1_585' title='bbox 78 5243 182 5318; x_wconf 89' lang='lat' dir='ltr'>simis,</span> <span class='ocrx_word' id='word_1_586' title='bbox 211 5249 244 5308; x_wconf 91' lang='lat' dir='ltr'>et</span> <span class='ocrx_word' id='word_1_587' title='bbox 257 5246 294 5308; x_wconf 92' lang='lat' dir='ltr'>in</span> <span class='ocrx_word' id='word_1_588' title='bbox 308 5245 508 5319; x_wconf 86' lang='lat' dir='ltr'>coelestibus,</span> <span class='ocrx_word' id='word_1_589' title='bbox 523 5261 590 5308; x_wconf 91' lang='lat' dir='ltr'>non</span> <span class='ocrx_word' id='word_1_590' title='bbox 603 5244 639 5308; x_wconf 91' lang='lat' dir='ltr'>in</span> <span class='ocrx_word' id='word_1_591' title='bbox 654 5247 808 5308; x_wconf 89' lang='lat' dir='ltr'>terrenis.</span> <span class='ocrx_word' id='word_1_592' title='bbox 929 5245 963 5306; x_wconf 90' lang='lat' dir='ltr'>et</span> <span class='ocrx_word' id='word_1_593' title='bbox 975 5247 1085 5320; x_wconf 79' lang='lat' dir='ltr'>pulso,</span> <span class='ocrx_word' id='word_1_594' title='bbox 1101 5242 1130 5304; x_wconf 91' lang='lat' dir='ltr'>si</span> <span class='ocrx_word' id='word_1_595' title='bbox 1145 5243 1220 5320; x_wconf 86' lang='lat' dir='ltr'>quis</span> <span class='ocrx_word' id='word_1_596' title='bbox 1235 5243 1406 5320; x_wconf 86' lang='lat' dir='ltr'>aperuerit</span> <span class='ocrx_word' id='word_1_597' title='bbox 1425 5243 1518 5316; x_wconf 90' lang='lat' dir='ltr'>mibi,</span> <span class='ocrx_word' id='word_1_598' title='bbox 1539 5244 1670 5309; x_wconf 88' lang='lat' dir='ltr'>intrabo</span> <span class='ocrx_word' id='word_1_599' title='bbox 1685 5249 1727 5310; x_wconf 89' lang='lat' dir='ltr'>ad</span> 
     </span>
    </p>

    <p class='ocr_par' dir='ltr' id='par_1_11' title="bbox 79 5340 1728 5619">
     <span class='ocr_line' id='line_1_53' title="bbox 117 5340 1728 5420; baseline 0.005 -17"><span class='ocrx_word' id='word_1_600' title='bbox 117 5344 162 5403; x_wconf 82' lang='lat' dir='ltr'>st</span> <span class='ocrx_word' id='word_1_601' title='bbox 176 5344 308 5406; x_wconf 82' lang='lat' dir='ltr'>invenit</span> <span class='ocrx_word' id='word_1_602' title='bbox 322 5346 424 5406; x_wconf 81' lang='lat' dir='ltr'>Jesos</span> <span class='ocrx_word' id='word_1_603' title='bbox 446 5348 587 5406; x_wconf 73' lang='lat' dir='ltr'>asellum</span> <span class='ocrx_word' id='word_1_604' title='bbox 608 5345 643 5406; x_wconf 88' lang='lat' dir='ltr'>et</span> <span class='ocrx_word' id='word_1_605' title='bbox 665 5345 755 5407; x_wconf 85' lang='lat' dir='ltr'>sedit</span> <span class='ocrx_word' id='word_1_606' title='bbox 766 5359 876 5420; x_wconf 85' lang='lat' dir='ltr'>super</span> <span class='ocrx_word' id='word_1_607' title='bbox 929 5357 1005 5404; x_wconf 90' lang='lat' dir='ltr'>eum</span> <span class='ocrx_word' id='word_1_608' title='bbox 1020 5344 1053 5404; x_wconf 88' lang='lat' dir='ltr'>et</span> <span class='ocrx_word' id='word_1_609' title='bbox 1074 5340 1211 5404; x_wconf 72' lang='lat' dir='ltr'>omnem</span> <span class='ocrx_word' id='word_1_610' title='bbox 1228 5355 1304 5404; x_wconf 90' lang='lat' dir='ltr'>cum</span> <span class='ocrx_word' id='word_1_611' title='bbox 1318 5355 1370 5414; x_wconf 90' lang='lat' dir='ltr'>eo,</span> <span class='ocrx_word' id='word_1_612' title='bbox 1390 5340 1424 5404; x_wconf 91' lang='lat' dir='ltr'>et</span> <span class='ocrx_word' id='word_1_613' title='bbox 1438 5341 1511 5420; x_wconf 89' lang='lat' dir='ltr'>ipse</span> <span class='ocrx_word' id='word_1_614' title='bbox 1525 5357 1664 5406; x_wconf 90' lang='lat' dir='ltr'>mecum.</span> <span class='ocrx_word' id='word_1_615' title='bbox 1681 5349 1728 5410; x_wconf 88' lang='lat' dir='ltr'>De</span> 
     </span>
     <span class='ocr_line' id='line_1_54' title="bbox 79 5439 1728 5520; baseline 0.005 -22"><span class='ocrx_word' id='word_1_616' title='bbox 79 5451 157 5503; x_wconf 85' lang='lat' dir='ltr'>eum</span> <span class='ocrx_word' id='word_1_617' title='bbox 172 5439 282 5520; x_wconf 87' lang='lat' dir='ltr'>(Joan.</span> <span class='ocrx_word' id='word_1_618' title='bbox 298 5455 359 5513; x_wconf 87' lang='lat' dir='ltr'>xn,</span> <span class='ocrx_word' id='word_1_619' title='bbox 373 5439 437 5519; x_wconf 78' lang='lat'>14).</span> <span class='ocrx_word' id='word_1_620' title='bbox 447 5440 530 5513; x_wconf 89' lang='lat' dir='ltr'>Quid</span> <span class='ocrx_word' id='word_1_621' title='bbox 545 5455 605 5518; x_wconf 89' lang='lat' dir='ltr'>per</span> <span class='ocrx_word' id='word_1_622' title='bbox 618 5440 744 5520; x_wconf 90' lang='lat' dir='ltr'>pullum</span> <span class='ocrx_word' id='word_1_623' title='bbox 757 5443 872 5515; x_wconf 83' lang='lat' dir='ltr'>asinae,</span> <span class='ocrx_word' id='word_1_624' title='bbox 932 5440 1028 5503; x_wconf 90' lang='lat' dir='ltr'>tertia</span> <span class='ocrx_word' id='word_1_625' title='bbox 1039 5439 1163 5518; x_wconf 87' lang='lat' dir='ltr'>legitur</span> <span class='ocrx_word' id='word_1_626' title='bbox 1176 5439 1212 5501; x_wconf 91' lang='lat' dir='ltr'>in</span> <span class='ocrx_word' id='word_1_627' title='bbox 1228 5439 1601 5516; x_wconf 73' lang='lat' dir='ltr'>Evangelio:surreeii</span> <span class='ocrx_word' id='word_1_628' title='bbox 1613 5447 1728 5506; x_wconf 82' lang='lat' dir='ltr'>Domi·</span> 
     </span>
     <span class='ocr_line' id='line_1_55' title="bbox 82 5533 1727 5619; baseline 0 -28"><span class='ocrx_word' id='word_1_629' title='bbox 82 5533 144 5596; x_wconf 87' lang='lat' dir='ltr'>nisi</span> <span class='ocrx_word' id='word_1_630' title='bbox 162 5537 303 5619; x_wconf 88' lang='lat' dir='ltr'>populus</span> <span class='ocrx_word' id='word_1_631' title='bbox 326 5537 474 5616; x_wconf 88' lang='lat' dir='ltr'>gentium</span> <span class='ocrx_word' id='word_1_632' title='bbox 498 5536 555 5617; x_wconf 89' lang='lat' dir='ltr'>qui</span> <span class='ocrx_word' id='word_1_633' title='bbox 577 5537 720 5604; x_wconf 83' lang='lat' dir='ltr'>nutritus</span> <span class='ocrx_word' id='word_1_634' title='bbox 744 5538 816 5603; x_wconf 88' lang='lat' dir='ltr'>erat</span> <span class='ocrx_word' id='word_1_635' title='bbox 838 5538 874 5604; x_wconf 91' lang='lat' dir='ltr'>in</span> <span class='ocrx_word' id='word_1_636' title='bbox 930 5553 995 5602; x_wconf 81' lang='lat' dir='ltr'>nus</span> <span class='ocrx_word' id='word_1_637' title='bbox 1009 5553 1032 5600; x_wconf 85' lang='lat' dir='ltr'>a</span> <span class='ocrx_word' id='word_1_638' title='bbox 1045 5552 1153 5600; x_wconf 82' lang='lat' dir='ltr'>coena.</span> <span class='ocrx_word' id='word_1_639' title='bbox 1171 5537 1256 5600; x_wconf 80' lang='lat' dir='ltr'>Ante</span> <span class='ocrx_word' id='word_1_640' title='bbox 1271 5551 1399 5600; x_wconf 84' lang='lat' dir='ltr'>coenem</span> <span class='ocrx_word' id='word_1_641' title='bbox 1413 5537 1588 5615; x_wconf 89' lang='lat' dir='ltr'>prandium</span> <span class='ocrx_word' id='word_1_642' title='bbox 1604 5555 1727 5619; x_wconf 82' lang='lat' dir='ltr'>propa.</span> 
     </span>
    </p>
   </div>
   <div class='ocr_carea' id='block_1_8' title="bbox 220 5687 1583 5756">
    <p class='ocr_par' dir='ltr' id='par_1_12' title="bbox 220 5687 1583 5756">
     <span class='ocr_line' id='line_1_56' title="bbox 220 5687 1583 5756; baseline -0.004 -4"><span class='ocrx_word' id='word_1_643' title='bbox 220 5709 336 5756; x_wconf 79' lang='lat' dir='ltr'>rimor..</span> <span class='ocrx_word' id='word_1_644' title='bbox 357 5710 431 5755; x_wconf 80' lang='lat' dir='ltr'>rosc</span> <span class='ocrx_word' id='word_1_645' title='bbox 450 5697 471 5753; x_wconf 90' lang='lat' dir='ltr'>l.</span> <span class='ocrx_word' id='word_1_646' title='bbox 1539 5687 1583 5747; x_wconf 78' lang='lat' dir='ltr'>al.</span> 
     </span>
    </p>
   </div>
   <div class='ocr_carea' id='block_1_9' title="bbox 0 0 2088 6420">
    <p class='ocr_par' dir='ltr' id='par_1_13' title="bbox 0 0 2088 6420">
     <span class='ocr_line' id='line_1_57' title="bbox 0 0 2088 6420; baseline 0 0"><span class='ocrx_word' id='word_1_647' title='bbox 0 0 2088 6420; x_wconf 95' lang='lat' dir='ltr'> </span> 
     </span>
    </p>
   </div>
  </div>
 </body>
</html>
