4108 6418
116 293 172 352 201

635 313 792 384 QUINTA
814 319 1076 385 COMPILATIO.
1100 323 1176 386 LIB.
1195 327 1235 388 ΙΙ.
1697 335 1758 398 202

116 455 272 568 priorem,
299 475 338 522 ac
365 460 485 527 tratres
512 467 684 547 hospitalis
713 473 753 538 de
777 477 909 541 Pariete
965 481 1097 548 duxerit
1111 485 1349 564 producendos,
1376 490 1404 552 si
1424 489 1516 554 vobis
1531 494 1618 556 inira
1634 495 1756 562 dictum

116 557 271 618 Assrmat.
286 557 439 625 dioecesis
453 579 497 626 ex
510 565 617 631 altera
631 572 782 645 vertitur,
797 589 871 636 ven.
885 576 907 638 Ι.
964 582 1092 659 tempus
1103 585 1287 649 eonstiterit
1301 588 1408 666 ipsum
1417 589 1607 668 episcopum
1622 609 1758 656 excom-

116 667 148 762 η..
166 652 283 764 Alban.
306 658 495 737 episcopum
512 660 558 741 (o)
574 679 689 729 eorum
714 673 911 746 procurato-
964 681 1188 744 municatione
1211 685 1359 761 ligatum,
1389 687 1459 748 litis
1485 689 1756 753 contestationem

116 749 208 812 mbus
228 767 264 813 m
279 757 393 818 nostra
407 763 585 834 praesentia
605 767 792 830 constitutis
816 769 911 832 dedi-
964 778 1089 841 nullam
1105 796 1178 842 esse
1192 783 1322 860 penitus
1336 784 1514 862 nuntietis;
1538 787 1686 866 alioquin
1700 805 1758 850 su·

117 859 190 958 mus
218 850 413 926 auditorem,
432 863 627 934 procurator
661 865 807 944 episcopi
830 867 911 929 obe-
964 876 1211 956 perprincipali
1226 882 1358 956 negotio
1388 882 1429 943 ad
1452 885 1674 962 receptionem
1689 887 1758 948 tes-

116 943 275 1009 dientiam
290 950 323 1011 et
343 956 563 1018 reverentiam
575 958 616 1020 ab
632 961 755 1024 eisdem
786 964 907 1041 priore,
963 971 1045 1034 tium
1069 977 1283 1051 procedentes
1307 994 1421 1041 eorum
1437 979 1524 1043 dicta
1552 981 1613 1043 sub
1638 983 1758 1046 vestris

116 1043 340 1156 actratribus,
356 1051 389 1112 et
403 1053 513 1114 omnia
523 1057 602 1132 jura
626 1058 827 1138 episcopalia
842 1063 908 1124 tam
964 1069 1093 1133 inclusa
1121 1073 1240 1150 sigillis
1268 1075 1363 1138 nobis
1400 1077 1541 1141 fideliter
1568 1079 1755 1154 remittatis,

117 1143 315 1252 spiritualia,
329 1161 427 1223 quam
441 1150 636 1229 temporalia
646 1155 681 1216 in
702 1157 817 1224 eodem
831 1159 911 1221 lios-
965 1168 1041 1230 ante
1056 1169 1297 1235 restitutionem
1313 1176 1424 1236 tamen
1436 1176 1518 1249 vini,
1535 1177 1563 1238 si
1579 1177 1619 1239 de
1634 1178 1759 1256 spolia-

116 1239 226 1314 prtali,
249 1256 290 1302 ac
312 1242 417 1321 ipsius
437 1248 578 1311 ecclesia
599 1251 763 1329 exigebat.
783 1259 912 1318 Procu-
965 1266 1055 1329 tione
1074 1269 1268 1342 constiterit,
1296 1272 1337 1333 ad
1362 1273 1509 1351 ipsorum
1535 1276 1757 1352 receptionem

116 1335 312 1450 ratorvero
341 1344 530 1407 eorumdem
558 1348 680 1425 prioris
708 1353 741 1414 et
770 1351 910 1414 fratrum
965 1363 1098 1427 testium
1125 1366 1315 1430 nullatenus
1364 1373 1564 1446 processuri,
1596 1372 1760 1452 adquam

116 1436 313 1546 9101P10¹¹f10
340 1442 543 1518 proponebat
561 1446 687 1522 cmliii,
708 1449 794 1526 quod
808 1466 910 1528 duum
966 1462 994 1522 si
1030 1462 1131 1526 suerit
1164 1465 1416 1541 procedendum,
1445 1484 1544 1546 super
1577 1486 1761 1532 reconven-

118 1531 205 1593 1d0m
224 1548 540 1616 0P1800Pus‚1)1'000
564 1544 650 1620 quod
676 1545 713 1607 in
740 1546 910 1623 AEgidium
964 1559 1066 1632 tione,
1102 1561 1131 1622 si
1166 1579 1265 1639 quam
1301 1579 1379 1641 pars
1418 1565 1593 1642 hospitalis
1627 1565 1761 1630 duxerit

117 1627 356 1738 Pieflbytel'um,
380 1637 413 1697 Oi
433 1635 569 1700 fratrem
584 1656 699 1703 eorum
714 1657 910 1707 conversum
965 1655 1170 1731 faciendam,
1201 1676 1301 1737 quum
1330 1661 1436 1723 dictus
1467 1665 1662 1739 procurator
1686 1679 1760 1727 eam

117 1724 281 1788 violentas
292 1745 410 1792 manus
424 1731 568 1797 triennio
591 1739 663 1814 jam
691 1739 803 1818 elapso
825 1741 912 1819 inje-
966 1767 1078 1816 eoram
1104 1754 1255 1818 auditore
1270 1757 1343 1835 ipso
1357 1756 1459 1820 inerit
1481 1759 1692 1836 protestatus,
1709 1761 1761 1823 ia-

117 1824 912 1916 cerat.ex00mmunicati0nisvinculoto)tenere-
965 1851 1062 1913 ciatis
1087 1852 1156 1914 litis
1171 1855 1445 1917 contestationem
1472 1857 1544 1917 lieri
1566 1857 1759 1936 priusquam

117 1921 182 1994 tur,
200 1925 369 1987 conveniri
393 1943 459 1990 non
478 1931 607 2006 poterat
630 1947 691 1996 nec
716 1933 856 1998 debebat
869 1935 911 1998 ab
966 1949 1007 2009 ad
1019 1949 1242 2026 receptionem
1257 1950 1390 2014 testium
1404 1955 1611 2031 procedatur.

117 2019 201 2095 ipso,
216 2023 273 2098 qui
283 2039 343 2100 per
352 2039 398 2097 se,
413 2026 466 2088 vel
475 2030 722 2105 procuratorem
734 2049 911 2110 personam

117 2117 229 2180 standi
256 2119 292 2180 in
314 2122 442 2198 jndicio
467 2140 534 2186 non
559 2126 721 2204 habehat3
749 2130 910 2208 adjiciens

117 2215 204 2290 quod
227 2214 315 2278 idem
334 2219 497 2298 hospitale
516 2224 658 2301 quadam
680 2227 750 2288 vini
777 2229 911 2306 quanti-

1216 2149 1430 2238 TITULUS
1456 2151 1512 2237 IV

116 2311 185 2374 tate
199 2312 308 2377 iuerat
325 2333 385 2393 per
399 2319 549 2382 eumdem
570 2323 761 2400 episcopum
787 2326 913 2402 spolia-

117 2409 199 2482 tum,
211 2411 245 2474 et
258 2411 333 2475 ideo
346 2415 387 2476 ad
397 2419 661 2495 respondendum
675 2421 738 2494 illi,
751 2421 816 2483 nisi
832 2423 913 2484 lios-

117 2507 214 2583 pitali
245 2511 338 2586 prius
372 2514 525 2577 restituto
564 2532 600 2578 se
640 2520 811 2596 proposuit
845 2535 911 2581 non

116 2606 236 2668 teneri.
265 2610 468 2672 Memoratus
491 2613 601 2675 autem
628 2615 760 2678 auditor
785 2631 827 2678 ne
854 2617 912 2679 diu

116 2707 356 2780 prorogaretur
380 2710 548 2784 negotium
573 2711 609 2772 in
636 2713 781 2790 partium
808 2713 914 2776 detri-

117 2803 277 2875 mentum,
294 2803 386 2865 litem
402 2803 481 2868 iacit
495 2822 606 2869 coram
622 2823 658 2870 se
672 2809 819 2886 legitime
833 2826 914 2872 con-

115 2897 235 2959 testari
252 2916 259 2954 ε
276 2900 323 2962 ita
337 2901 502 2975 videlicet,
519 2904 606 2981 quod
621 2907 650 2967 si
663 2906 752 2968 inira
766 2923 913 2970 mensem

115 2997 193 3072 post
207 2997 449 3075 susceptionem
472 3003 684 3078 praesentium
709 3004 750 3066 de
763 3005 913 3083 praedicti

116 3091 266 3170 episcopi
285 3098 625 3162 excommunicatione
641 3102 835 3174 constiterit,
853 3118 913 3180 pro

117 3188 210 3252 nulle
230 3190 299 3253 litis
326 3194 521 3257 contestatio
549 3196 721 3260 habeatur.
752 3199 913 3270 Quocirca

117 3285 180 3348 dis.
196 3304 228 3348 v.
244 3289 438 3354 mandamus
447 3294 608 3370 quatenus
627 3296 769 3373 receptis
784 3297 818 3359 et
832 3312 915 3358 exa-

116 3384 253 3448 minatis
265 3387 414 3462 testibus,
427 3406 508 3466 quos
529 3394 726 3469 procurator
739 3394 913 3472 hospitalis

117 3497 219 3559 super
257 3487 599 3554 excommunicatione
627 3490 733 3567 ipsius
766 3490 912 3570 episcopi

117 3641 258 3700 distensa
276 3645 371 3717 Spello
394 3643 493 3718 quinto
510 3655 619 3705 tantum
643 3649 750 3721 lapide,
772 3664 829 3720 quo
844 3663 914 3706 casu

116 3722 249 3785 corrupta
273 3725 350 3773 esset
371 3717 544 3788 epigraphe,
563 3726 591 3774 et
613 3719 809 3789 reponendum
830 3721 911 3776 Assi-

116 3785 206 3850 siens‚
221 3799 257 3840 an
272 3787 436 3854 Auximum,
457 3789 538 3844 Osmo
553 3789 582 3845 in
608 3789 703 3846 biarca
721 3789 911 3848 Anconitana.

116 3854 212 3912 Ambo
222 3862 288 3912 sunt
302 3855 331 3912 in
344 3857 493 3914 Provincia
510 3859 649 3916 Romana.

152 3959 194 4033 (a)
211 3959 395 4020 Attonenscm
411 3964 576 4034 episcopum.
594 3965 740 4038 Pelagium
755 3967 912 4050 Hispanum

117 4039 245 4090 creatum
266 4031 301 4088 ab
322 4035 489 4091 innocentio
503 4037 554 4103 ΙΙΙ,
574 4050 649 4092 antio
670 4037 749 4104 liet,
771 4053 819 4108 qtn
834 4053 910 4096 mor·

118 4110 183 4159 tuus
197 4110 241 4160 est
265 4101 318 4160 sub
346 4107 483 4177 Gregorio
505 4107 554 4163 ΙΙΙ.
584 4108 626 4164 De
650 4107 712 4180 ejus
733 4107 913 4166 dissensione

117 4173 280 4232 christianis
296 4175 461 4233 calamitosa
476 4190 542 4233 cum
565 4178 676 4237 Ioanne
691 4191 760 4251 rege
776 4179 909 4236 Hieroso·

117 4245 197 4326 lpm„
210 4243 279 4302 dnm
298 4255 372 4302 esset
385 4248 499 4318 legatus
515 4247 632 4304 Honesti
644 4251 694 4316 ΙΙΙ,
712 4251 740 4306 in
755 4249 898 4308 Orientem

117 4314 182 4371 vnio
201 4315 366 4374 ciaconium
383 4331 389 4371 :
404 4325 431 4374 et
452 4315 488 4374 dc
511 4318 598 4374 nimia
625 4317 726 4375 liducia
759 4320 813 4389 sui,
844 4319 911 4378 dum

117 4392 229 4443 veteres
245 4385 383 4458 quasdam
404 4403 454 4459 pro
476 4387 568 4444 hetias
590 4387 626 4446 de
645 4389 813 4448 liberatione
830 4398 911 4448 terre

118 4463 225 4514 sancte
240 4459 275 4514 ab
290 4459 424 4530 Hispanis
455 4459 572 4516 scienda
588 4459 624 4516 de
636 4475 667 4518 se
689 4460 910 4532 interpretando,

118 4542 164 4584 res
185 4527 404 4585 christianorum
433 4545 548 4601 pessum
573 4529 661 4598 dedit,
687 4531 753 4588 vide
775 4532 912 4589 iacobum

119 4599 257 4668 Sosium,
271 4599 318 4656 lib.
330 4601 407 4670 Vlll,
421 4599 522 4657 tiator.
538 4601 691 4672 Hierosol„
708 4609 780 4674 part.
793 4605 815 4660 l.

155 4701 194 4775 (b)
206 4704 640 4763 Eacommanicotionisoincuto.
655 4707 787 4780 Episcopi
795 4721 911 4764 excom·

119 4775 305 4832 manicationi
333 4775 520 4846 subjiciuntur
539 4782 598 4833 tam
624 4775 660 4833 de
684 4777 747 4849 iure
771 4776 912 4849 quamde

119 4843 204 4917 iacto,
232 4844 296 4902 latae
311 4847 471 4916 sententia,
486 4847 532 4903 vel
554 4846 663 4919 alege,
683 4848 729 4904 vel
749 4862 765 4905 a
790 4861 912 4916 canone,

119 4931 182 4988 cap.
199 4917 345 4986 contingit,
361 4923 390 4972 et
404 4931 467 4989 cap.
482 4919 602 4974 relatum
620 4919 654 4973 de
674 4922 743 4974 sent.
755 4933 912 4975 excommu-

119 4989 174 5045 nic.
191 4987 270 5044 Alias
284 4989 526 5044 excommunicari
545 5003 603 5044 non
616 4996 743 5060 possunt,
762 4989 912 5047 nisicausa

120 5059 249 5130 legitime
272 5059 434 5115 examinata
457 5058 638 5116 aduodecim
652 5059 795 5142 judicibus
809 5073 844 5117 ex
861 5059 911 5117 de·

120 5135 197 5186 creto
212 5128 378 5201 Zephyrium
407 5129 483 5201 qnod
507 5138 550 5187 est
573 5128 788 5257 intelligendum
812 5129 847 5187 de
862 5146 911 5188 ex·

120 5200 378 5257 communicatione
393 5201 524 5269 solemni,
542 5216 605 5258 can.
622 5201 649 5268 i,
680 5217 729 5272 ‚p
748 5203 775 5271 33
797 5201 847 5258 sed
861 5216 914 5258 neo

121 5271 204 5328 bodie
216 5271 341 5342 episcopi
356 5271 503 5328 incurrunt
521 5272 583 5343 ipso
599 5269 673 5328 lacto
681 5273 851 5328 sententiam
869 5273 911 5328 in·

121 5341 232 5398 terdicti
253 5340 299 5420 vei
315 5342 521 5413 suspensionis,
539 5342 591 5398 nisi
619 5343 788 5399 nominatim
810 5348 839 5399 ct
862 5357 911 5400 en·

122 5426 219 5496 presse
234 5410 269 5468 de
284 5412 319 5468 iis
334 5411 382 5470 liat
397 5413 514 5481 mentio,
534 5421 565 5470 ut
583 5414 681 5470 statuit
698 5416 845 5472 innocent.
863 5415 912 5482 IV,

122 5484 291 5541 reconcilio
318 5481 517 5556 lugdunensi,
543 5498 606 5555 cap.
628 5484 695 5554 poio
714 5486 746 5540 de
765 5490 834 5540 serit.
863 5500 911 5541 ec-

121 5555 327 5623 communtcut,
342 5555 371 5610 in
385 5554 411 5611 6.
428 5553 499 5612 Vide
511 5569 574 5636 qum
586 5555 697 5626 plenius
712 5553 782 5613 inira
799 5555 835 5613 ad
849 5569 911 5629 cap.

122 5626 149 5694 3,
160 5627 192 5684 dc
206 5631 274 5682 sent.
291 5626 490 5684 eccontmunir:
505 5624 605 5682 dicturi
623 5641 730 5684 sumna.

1172 2331 1216 2378 oa
1237 2331 1471 2380 ninnmovmus
1492 2317 1550 2398 (1).
1601 2319 1606 2378 Ι

1107 2461 1273 2534 Episcopo
1305 2463 1524 2524 Percnttnoti
1559 2461 1618 2540 (2).

1280 2629 1416 2693 CAPUT
1431 2633 1455 2690 Ι.

1008 2803 1142 2867 Litterae
1157 2806 1223 2867 tuae
1245 2821 1284 2867 ac
1307 2807 1421 2884 petitio
1437 2807 1549 2869 dilecti
1569 2807 1629 2870 tilii
1646 2806 1691 2888 (c)
1707 2827 1763 2871 ar-

969 2899 1209 2979 chipresbyteri
1235 2906 1426 2965 sanctorum
1450 2905 1574 2966 Priscae
1589 2907 1621 2967 et
1634 2907 1763 2984 Aquilae

968 2998 1076 3060 denuo
1103 2998 1197 3061 nobis
1228 3001 1385 3062 exhibitae
1423 3003 1645 3075 continebant,
1676 3005 1762 3081 quod

969 3112 1068 3174 quum
1082 3111 1227 3170 causam,
1243 3113 1316 3174 quae
1341 3098 1431 3159 inter
1444 3099 1551 3176 ipsum
1573 3101 1763 3178 archipres-

968 3192 1119 3270 byterum
1132 3210 1176 3256 ex
1190 3210 1256 3255 una
1271 3197 1375 3272 parte,
1393 3195 1426 3258 et
1439 3195 1567 3258 nobiles
1588 3198 1678 3259 viros
1693 3201 1763 3260 An-

969 3291 1093 3353 draeam
1109 3288 1157 3370 (d)
1173 3291 1312 3354 Alatrin.
1329 3294 1363 3355 et
1376 3296 1413 3353 G.
1429 3309 1468 3354 ac
1483 3292 1613 3366 fratres,
1628 3295 1661 3356 et
1675 3294 1761 3357 tilios

969 3403 1083 3450 eorum
1099 3403 1141 3449 ex
1164 3388 1280 3460 altera,
1301 3405 1402 3466 super
1421 3389 1616 3466 quibusdam
1632 3408 1765 3468 posses·

969 3485 1118 3548 sionibus
1132 3485 1164 3546 et
1177 3485 1276 3546 rebus
1287 3485 1363 3546 aliis
1377 3487 1518 3549 vertitur
1530 3488 1590 3549 tibi
1606 3488 1761 3551 duximus

1005 3642 1046 3715 (Ι)
1062 3643 1099 3700 Ge
1114 3644 1178 3699 titre
1194 3642 1310 3698 n'existe
1320 3658 1371 3714 pas
1386 3643 1457 3700 daos
1477 3643 1503 3700 ia
1521 3645 1689 3713 compilatio
1699 3647 1762 3715 pri·

968 3729 1024 3768 mu.
1038 3714 1060 3771 ΙΙ
1072 3721 1115 3769 est
1130 3712 1264 3769 introduit
1278 3712 1350 3770 dans
1365 3714 1390 3769 la
1407 3714 1528 3770 secundo
1547 3721 1576 3770 et
1589 3715 1616 3772 ia
1630 3717 1726 3774 tertia.
1741 3719 1764 3774 ll

969 3791 1012 3840 cst
1026 3785 1052 3841 la
1062 3785 1093 3840 8Θ
1104 3782 1156 3840 des
1170 3783 1328 3839 Dicriteles
1344 3784 1553 3853 (importari-nes.

1004 3853 1046 3927 (2)
1065 3855 1201 3924 Episcopo
1220 3855 1405 3910 Ferentinati.
1423 3854 1558 3911 Albertus
1575 3859 1761 3928 Longusca·

968 3927 1087 3983 nonicus
1100 3924 1279 3996 Anagninos,
1297 3925 1696 3984 intimusamieuslnnocentii
1708 3930 1759 3998 ΙΙΙ,

968 3997 1135 4053 Ferentinae
1157 3995 1307 4066 episcopus
1329 3994 1364 4050 ab
1379 3995 1480 4051 eodem
1496 3996 1613 4054 allectus
1628 4005 1671 4054 est
1686 4013 1762 4055 anno

969 4067 1047 4124 1205.
1061 4069 1127 4123 Post
1143 4065 1219 4121 hunc
1234 4066 1347 4136 ponitur
1361 4067 1415 4124 XX
1430 4067 1582 4140 episcopus
1595 4069 1762 4126 Ferentinus

967 4138 1098 4204 lacobus,
1116 4143 1244 4196 mortuus
1258 4136 1336 4193 lilii.

1002 4208 1160 4265 Ferentino.
1195 4207 1299 4265 Civitas
1330 4204 1391 4262 haec
1419 4205 1486 4264 olim
1520 4204 1706 4267 Hernicorum
1734 4212 1762 4268 in

903 4293 910 4318 2
967 4280 1056 4348 Latio,
1071 4277 1264 4346 Ferentinum,
1280 4278 1348 4334 citio
1366 4277 1627 4348 cirtercienses
1646 4281 1699 4338 sub
1717 4281 1759 4338 di·

967 4351 1044 4407 tione
1060 4348 1218 4407 Pontilicia.

1004 4421 1040 4492 (c)
1060 4419 1304 4490 Arobipresbpteri
1325 4420 1370 4476 SS.
1383 4420 1489 4476 Prisce
1508 4425 1534 4477 et
1548 4420 1667 4492 Aquilia.
1688 4422 1762 4480 liele

968 4493 996 4548 in
1011 4492 1088 4550 MSS.
1105 4490 1360 4561 Arctiprcsbptcri,
1373 4498 1448 4546 recte
1464 4491 1539 4563 apud
1552 4493 1670 4564 Gregor.
1682 4495 1762 4550 Pres-

967 4563 1066 4634 bpteri.
1084 4561 1165 4618 Seius
1179 4559 1307 4616 omnium
1326 4560 1554 4631 presbvtcrorum
1574 4564 1760 4620 cardinalium

967 4634 1072 4702 senior,
1088 4633 1149 4688 sive
1162 4632 1303 4756 antiquior
1325 4619 1481 4702 appellatur
1501 4633 1528 4688 S.
1547 4635 1683 4690 Romane
1705 4637 1759 4690 lic-

967 4704 1062 4760 clcsiae
1083 4701 1310 4774 archipresiyter
1328 4702 1489 4766 cardinalis,
1507 4717 1541 4758 ex
1564 4703 1709 4774 Onnpbrio
1732 4704 1761 4762 in

966 4775 1061 4831 libello
1074 4773 1107 4829 dc
1121 4773 1334 4898 Episcossntiius
1354 4788 1363 4827 :
1391 4773 1445 4830 nisi
1466 4771 1537 4828 iorte
1559 4779 1686 4855 ternpore
1701 4775 1759 4830 lle·

968 4846 1041 4902 norit
1056 4845 1143 4900 nostri
1160 4857 1224 4914 pres
1245 4850 1305 4914 ytcr
1321 4843 1368 4898 SS.
1383 4843 1487 4899 Priscae
1506 4850 1534 4897 et
1555 4844 1664 4914 Aquilae
1686 4846 1759 4900 anti·

968 4915 1050 4988 quior
1065 4921 1141 4971 esset
1154 4915 1226 4968 inter
1247 4911 1416 4968 cardinales.
1435 4912 1544 4968 Titulus
1564 4915 1591 4970 S.
1610 4915 1713 4970 Priscae
1732 4915 1762 4972 in

968 4994 1065 5044 monte
1080 4985 1234 5050 Aventino,
1255 4983 1326 5038 alias
1347 4983 1395 5038 SS.
1412 4982 1522 5054 Aquilae
1539 4991 1568 5040 ct
1583 4986 1697 5052 Priscae,
1708 5000 1759 5042 no·

969 5073 1022 5114 nus
1037 5065 1079 5112 est
1094 5067 1213 5112 numere
1232 5055 1305 5109 inter
1320 5054 1451 5125 antiquos
1467 5054 1548 5112 Urbis
1565 5056 1669 5123 titulos,
1687 5056 1761 5126 apud

968 5128 1150 5186 Anastasium
1172 5123 1429 5192 bibliothecarium,
1449 5132 1476 5181 et
1495 5125 1593 5181 subest
1611 5140 1676 5181 curn
1699 5127 1760 5182 aliis

969 5200 1093 5271 quinque
1108 5195 1279 5270 presbyteris
1293 5194 1484 5252 cardinalibus
1502 5195 1627 5252 basilicae
1644 5196 1761 5268 patriar·

968 5269 1042 5327 ebali
1057 5270 1085 5326 S.
1104 5268 1192 5337 Pauli,
1210 5281 1245 5323 ex
1257 5267 1345 5322 veteri
1361 5265 1530 5322 Provinciali
1543 5269 1681 5324 Ronlano.

1005 5339 1045 5412 (d)
1066 5339 1210 5396 Andrium
1226 5338 1402 5394 Aletrinati.
1424 5336 1562 5392 Aletrium
1584 5345 1628 5393 est
1649 5353 1761 5410 qnoque

968 5412 1069 5467 civitas
1082 5410 1268 5466 Hernicorum
1284 5408 1311 5462 in
1329 5408 1407 5463 Latio
1420 5409 1447 5463 in
1460 5408 1608 5464 Provincia
1621 5411 1758 5478 Romana,

968 5482 1054 5538 bodie
1066 5481 1172 5536 Atotri.
1190 5479 1296 5545 Livius,
1319 5477 1366 5534 lib.
1386 5478 1448 5534 lll:
1471 5479 1657 5548 liernipo-rum
1671 5481 1762 5536 tribua

967 5553 1088 5624 populis,
1105 5550 1275 5616 Aletrinati,
1294 5549 1443 5616 Verulano,
1457 5553 1482 5604 et
1496 5551 1681 5618 Festinanti,
1695 5554 1762 5622 quio

967 5625 1131 5680 meluerunt
1145 5636 1230 5693 quam
1243 5619 1393 5689 ciuitatem,
1409 5636 1466 5676 sue
1482 5621 1551 5691 tapes
1566 5621 1689 5679 redditor.
