4108 6418
101 307 160 368 205
593 309 749 381 QUINTA
771 312 1034 376 GOMPILATIO.
1066 317 1190 379 LIBER
1211 321 1251 380 ΙΙ.
1688 327 1747 387 206

102 481 192 530 sores
220 463 441 528 amicabiliter
467 466 657 542 intervenit,
691 471 724 534 te
752 471 896 536 indebite
952 476 1125 554 praefatum
1139 477 1435 556 archiepiscopum,
1452 483 1485 543 et
1497 484 1530 544 te
1543 484 1743 557 audiremus,

102 562 274 641 inquietat.
292 563 385 626 Unde
397 563 592 641 praedictum
606 565 785 630 terminum
806 585 897 648 prae-
952 574 1005 636 vel
1021 563 1215 653 perpetuum
1235 577 1403 640 silentium
1425 579 1670 657 imponeremus
1692 584 1745 646 ei-

102 661 159 737 dgi
182 659 432 738 archiepiscopo
456 662 611 739 petebat:
631 663 710 728 licet
731 681 771 729 eo
790 665 897 732 advo·
953 671 1037 734 dem.
1053 673 1311 752 Archiepiscopo
1325 676 1555 754 respondente,
1570 679 1656 756 quod
1670 681 1748 744 licet

102 759 197 822 cante
212 760 269 836 jus
292 759 470 822 revocandi
491 760 624 824 domum
647 763 775 826 nullum
799 779 899 844 super
952 770 1094 832 induciae
1106 771 1147 833 ad
1157 771 1405 835 deliberandum
1417 790 1490 835 cum
1499 777 1663 839 conventu
1673 793 1745 852 suo,

102 855 284 937 praemissis
313 857 626 920 reconventionibus
653 860 832 928 terminum
866 863 898 924 ei
952 867 1062 932 utrum
1078 867 1210 930 deberet
1225 883 1334 944 agere,
1352 871 1405 932 vel
1427 885 1504 944 non,
1521 871 1584 934 sibi
1608 871 1748 938 fuissent

102 953 235 1016 duxerit
247 951 495 1032 praefigendum.
511 956 626 1034 Nuper
639 957 750 1020 autem
765 960 805 1022 R.
825 974 899 1023 mo-
952 960 1089 1027 indultae
1113 987 1120 1026 :
1144 966 1221 1044 quia
1242 967 1353 1028 umen
1378 967 1419 1029 ad
1443 970 1578 1047 propria
1601 971 1747 1032 nondum

102 1051 241 1124 necinus,
261 1051 295 1114 et
317 1051 476 1128 magister
490 1053 593 1126 aust,
610 1055 843 1131 procuratores
862 1057 897 1120 in
951 1077 1106 1124 reversus
1120 1062 1239 1137 luerat,
1256 1064 1290 1126 et
1308 1065 1448 1128 ecclesia
1466 1083 1537 1139 sua,
1555 1068 1588 1131 ct
1608 1083 1747 1144 regnum

102 1151 214 1213 nostra
225 1149 588 1226 praesentiaconshtuti,
598 1151 765 1229 petierunt
773 1153 898 1218 instan-
952 1159 1040 1222 esset
1057 1160 1236 1233 turbatum,
1253 1177 1328 1223 cum
1351 1178 1412 1225 suo
1433 1167 1597 1227 conventu
1617 1166 1746 1228 delibe-

100 1249 161 1319 ter,
178 1247 215 1310 ut
227 1247 264 1308 iu
276 1246 408 1322 negotio
423 1247 638 1325 procedentes
659 1264 796 1312 causam
810 1250 898 1316 inter
951 1271 1027 1319 rare
1052 1273 1117 1320 non
1141 1259 1262 1336 potuit:
1287 1275 1391 1337 quara
1414 1260 1546 1338 petebat
1571 1263 1746 1327 ulteriores

100 1468 234 1540 specialia
245 1467 381 1537 continet,
393 1483 456 1541 quae
469 1467 516 1526 bic
527 1482 584 1526 non
596 1467 747 1538 hahentur,
760 1476 789 1526 et
802 1467 895 1525 lucam
951 1469 1078 1541 partibus
1091 1473 1242 1531 terminum
1258 1482 1478 1548 competentem,
1495 1492 1551 1549 quo
1566 1494 1597 1536 se
1613 1493 1747 1551 conspcc

101 1555 183 1614 adert
197 1555 241 1614 bis
255 1571 319 1630 quae
335 1556 455 1615 obscura
476 1564 506 1614 et
522 1563 694 1630 praepostera
716 1557 808 1632 posita
829 1561 897 1614 suut
951 1559 991 1615 tui
1015 1560 1179 1631 apostolica
1200 1571 1415 1635 praesentarent,
1443 1565 1549 1638 iustam
1574 1569 1746 1625 sententiam

100 1645 128 1702 in
139 1644 196 1702 hoc
209 1659 273 1718 cap.
951 1649 1101 1720 recepturi.
1113 1651 1210 1722 Nuper
1223 1659 1318 1708 autern
1335 1654 1366 1712 lt.
1384 1652 1552 1721 monachus,
1569 1661 1598 1712 at
1608 1655 1747 1728 magister

132 1741 233 1800 Αῠῠαιι·
251 1743 280 1800 S.
300 1741 455 1814 depasti-rai
476 1742 687 1803 camariana.
713 1742 805 1812 Quum
827 1741 896 1798 olim
931 1735 1125 1816 'Eustrasiua
1141 1747 1340 1810 procuratores
1354 1741 1395 1798 tui
1423 1742 1450 1798 iu
1471 1747 1567 1800 nostra
1595 1744 1745 1814 praesentia

99 1833 172 1890 iuter
191 1838 230 1900 te,
249 1837 316 1900 etc,
337 1845 429 1904 usque
455 1830 491 1888 ad
513 1831 578 1889 hec
594 1829 681 1890 verba
698 1847 705 1890 :
723 1829 758 1888 ab
780 1830 892 1903 impeti·
929 1837 934 1850 ·’
950 1825 1104 1894 constituti,
1112 1826 1254 1898 petierunt
1267 1828 1404 1888 instanter
1416 1837 1447 1886 ut
1458 1829 1537 1903 juxta
1548 1831 1744 1904 praescriptam

99 1921 176 1978 stone
195 1926 223 1978 se
245 1918 406 1978 aborreret
434 1919 534 1992 ipsius.
549 1921 642 1988 Quam
656 1926 751 1977 autem
767 1918 895 1992 partibus
929 1909 1071 1974 ‚tormen
1084 1914 1112 1970 in
1128 1915 1248 1988 negano
1270 1918 1468 1989 procedentes,
1489 1933 1618 1988 eausam,
1634 1921 1659 1977 st
1671 1935 1743 1992 pre·

98 2005 279 2082 postmodum
291 2009 321 2066 iu
336 2006 425 2082 ipsius
440 2007 659 2081 praedecessoris
672 2007 761 2066 uestri
772 2020 894 2080 presan·
949 1999 1280 2076 dictuserchiepiscopus
1290 2005 1519 2064 contendendum
1528 2006 1654 2076 duceret,
1666 2007 1744 2066 audi-

98 2098 136 2154 tia
163 2097 335 2166 constitutis,
358 2104 388 2154 tu
408 2096 546 2154 instanter
561 2102 683 2170 peteres,
703 2104 735 2154 ut
753 2097 783 2154 in
807 2109 894 2154 causa
949 2103 1056 2160 fefflssfls
1070 2090 1115 2148 vel
1131 2099 1299 2165 perpetuum
1319 2094 1464 2151 silentium
1483 2109 1569 2168 super
1584 2095 1638 2152 hoc
1650 2096 1743 2168 impo-

98 2199 155 2244 sec.
172 2183 293 2242 termam
315 2182 485 2258 procederet
509 2191 709 2258 praenotatam,
736 2184 804 2242 licet
824 2199 894 2257 prae
949 2191 1084 2236 heremus
1102 2177 1206 2250 eidem,
1229 2195 1264 2238 ne
1281 2187 1308 2238 te
1322 2189 1485 2253 pateremur
1505 2183 1640 2257 captiosis
1658 2184 1743 2243 didu-

97 2274 190 2332 dictus
212 2271 443 2346 archiepiscopus
470 2287 487 2331 e
519 2275 663 2330 contrario
696 2271 893 2346 responderet,
949 2265 1005 2337 giis
1018 2264 1142 2339 fatigari.
1156 2267 1396 2342 archiepiscopus
1411 2285 1478 2330 vero
1493 2271 1648 2345 respondit,
1666 2273 1745 2346 quod

97 2361 172 2435 quod
187 2368 285 2420 contre
300 2368 328 2420 tc
343 2375 431 2435 egere
444 2369 511 2418 tuuc
533 2376 591 2418 non
613 2368 719 2434 posset,
743 2361 808 2434 quia
832 2367 894 2420 erat

97 2451 160 2509 aliis
177 2450 301 2524 negotiis
321 2449 495 2524 prepeditus
514 2455 592 2520 tunc,
615 2450 681 2522 quia
697 2455 816 2507 venerat
836 2449 892 2507 mi·

96 2553 150 2596 nus
162 2540 316 2596 instructus
330 2545 491 2611 temporum
499 2551 508 2608 ;
523 2544 620 2595 tamen
635 2537 736 2595 uolens
754 2537 833 2595 litem
847 2537 891 2595 ul·

95 2628 187 2685 terius
206 2627 347 2700 protelare
366 2625 461 2683 eidem
481 2625 593 2695 indixit,
615 2625 691 2698 qued
712 2633 760 2683 aut
781 2631 892 2698 egeret,

95 2730 183 2788 quum
201 2715 262 2788 ipse
283 2729 398 2787 semper
411 2728 498 2787 supcr
512 2712 568 2772 hoc
580 2713 616 2772 ad
631 2713 734 2772 sedem
747 2713 890 2786 Apostoli·

94 2818 159 2862 cam
175 2803 357 2876 appellasset,
379 2809 429 2860 aut
440 2803 591 2860 memorati
613 2801 833 2875 predecessoris
848 2801 893 2859 sui

94 2892 269 2950 sententiam
290 2889 482 2959 confirmaret,
500 2897 668 2963 perpetuum
686 2889 830 2948 silentium
846 2903 890 2947 ar·

93 2979 281 3053 chlepiscopo
304 2977 479 3051 imponendo
495 2995 502 3036 :
519 2985 587 3036 tunc
607 2975 683 3036 idem
699 2975 890 3052 archiepisco·

93 3085 148 3142 pus
171 3066 326 3140 proposuit,
349 3065 424 3138 quod
442 3065 530 3124 abbas
543 3064 578 3123 de
595 3066 659 3138 J'ure
676 3066 822 3124 communi
837 3064 892 3124 sihi

95 3155 301 3231 professionem
318 3153 412 3212 lacere
428 3154 588 3224 tenebatur,
603 3168 689 3228 quam
707 3153 761 3212 sibi
777 3152 891 3228 patebat

94 3244 240 3303 humiliter
255 3242 383 3301 exhiberi
392 3257 401 3314 ;
424 3249 454 3300 tu
469 3255 537 3300 vero
552 3243 724 3317 respondisti
743 3257 760 3301 e
780 3250 889 3313 contre,

94 3331 169 3406 quod
193 3332 246 3390 etsi
269 3331 305 3390 ad
326 3330 355 3390 id
375 3330 515 3388 tenereris
533 3328 569 3388 de
590 3331 654 3405 jure
676 3331 831 3402 communi,
855 3331 891 3389 de

90 3423 155 3496 jure
169 3428 267 3479 tamen
280 3419 470 3494 specialiores
483 3427 648 3493 exemptus;
661 3419 816 3478 ostendeus
831 3426 890 3478 tem

92 3510 243 3584 privilegia
258 3507 433 3567 fundationis
456 3507 598 3577 ecclesie,
614 3523 699 3580 quem
717 3509 890 3566 sententiam

92 3597 243 3658 memorati
266 3595 421 3655 Alexandri
440 3609 492 3669 pro
520 3595 696 3653 monasterio
723 3594 888 3668 promulga-

92 3695 172 3760 tam3
187 3677 232 3744 'et
252 3685 444 3744 reconvenisti
470 3682 604 3740 eumdem
630 3681 888 3756 archiepiscopum,

92 3791 179 3851 super
193 3772 331 3846 eo,‚quod
343 3779 443 3830 contra
458 3778 588 3830 tenorem
609 3769 824 3844 privilegiorum
849 3770 890 3829 tui

91 3863 261 3925 monasterii
276 3860 408 3918 homines
422 3859 590 3929 servientes,
603 3865 633 3916 et
643 3858 763 3916 clericos
778 3865 842 3916 tuos
853 3857 890 3916 de

93 3953 177 4023 iacto,
192 3965 280 4025 quum
295 3947 330 4007 de
342 3951 479 4022 jure-non
493 3953 601 4021 posset,
616 3946 888 4004 excommunicatio·

92 4043 137 4101 nis
155 4039 271 4099 vinculo
289 4035 456 4106 innodabat,
478 4041 509 4094 at
526 4035 665 4094 ecclesias
686 4034 722 4093 ad
742 4041 886 4094 monaste·

91 4133 165 4190 rium
185 4135 361 4203 pertinentes
376 4122 557 4198 supponebat
580 4123 777 4182 ecclesiastico
799 4123 886 4182 inter·

91 4219 177 4278 dicto.
193 4218 343 4288 Quumque
362 4227 448 4287 super
467 4212 512 4270 bis
531 4210 631 4270 luisset
650 4210 814 4284 aliquandiu
828 4210 893 4270 dis·-

92 4316 232 4382 putatum‚
253 4302 387 4378 prelatus
411 4300 643 4375 archiepiscopus
663 4300 750 4358 alium
765 4298 818 4357 sibi
836 4313 886 4373 pe·

92 4399 134 4455 tiit
169 4395 321 4454 terminum
347 4389 501 4464 indulgeri,
525 4390 600 4448 iutra
627 4402 712 4462 quam
743 4402 809 4446 cum
833 4403 887 4447 suo

93 4493 189 4560 posset
210 4481 368 4541 deliberare
393 4485 546 4538 conventu.
569 4478 663 4548 Quare
684 4475 761 4534 idam
783 4476 891 4549 praeda-

92 4587 189 4632 cessor
203 4577 300 4629 noster
312 4569 466 4628 terminum
480 4581 571 4639 usque
586 4564 622 4624 ad
642 4564 745 4624 testum
759 4565 887 4622 omnium

93 4663 271 4730 Sanctorum,
290 4666 356 4718 tunc
378 4657 506 4730 proxime
518 4661 680 4724 venturum,
704 4652 758 4711 sihi
773 4668 888 4712 conces·

92 4752 138 4822 sit,
161 4750 200 4808 ite
220 4747 295 4822 quod
313 4747 370 4804 nisi
381 4743 562 4806 ¹deliberaret
578 4741 681 4802 cedere
693 4741 787 4817 potius
801 4756 887 4815 quam

92 4838 265 4898 coumndere
281 4837 311 4894 in
330 4835 386 4894 hac
406 4847 505 4904 causa,
519 4846 554 4892 ex
568 4839 638 4890 tunc
653 4843 795 4903 expensas
818 4829 888 4904 legi·

92 4929 186 4999 times,
201 4940 273 4999 quas
284 4923 320 4984 dc
331 4930 427 4982 cetero
441 4921 563 4990 laceres,
578 4919 629 4979 tibi
648 4917 800 4977 retundere
811 4926 888 4978 tene·

92 5028 178 5092 retur,
219 5019 245 5078 si
276 5018 456 5092 contingeret
486 5015 581 5088 ipsum
617 5013 792 5071 contrariam
818 5026 884 5070 sen·

93 5111 210 5170 tentiam
245 5113 410 5181 reportare;
442 5103 571 5164 scribens
591 5117 677 5176 super
702 5100 757 5160 hoc
784 5098 887 5159 dilecto

93 5197 150 5258 illio
167 5199 203 5257 ll.
220 5197 253 5256 G.
276 5195 349 5254 tituli
369 5195 398 5252 S.
417 5192 532 5252 blartini
551 5190 718 5266 presbytero
738 5188 886 5258 cardinali,

92 5287 262 5360 Apostolicoe
292 5282 374 5344 Sedis
398 5282 513 5355 legato,
541 5288 573 5339 ut
593 5281 618 5338 si
642 5292 739 5338 coram
764 5293 799 5336 eo
822 5291 886 5352 par·

92 5383 134 5438 tes
171 5374 308 5434 ducerent
344 5369 524 5444 litigandum,
568 5369 630 5443 ipse
675 5365 887 5431 cantuariensis

93 5466 254 5524 Conventus
268 5474 325 5519 uua
337 5473 403 5518 cum
424 5457 640 5532 archiepiscopo
654 5471 732 5532 saepe
748 5455 824 5514 dioto
843 5455 884 5514 cl·

91 5555 140 5612 tuti
159 5566 277 5611 causam
292 5547 412 5617 audiret,
433 5553 462 5604 et
476 5560 542 5604 eam
564 5545 599 5604 ad
619 5545 722 5604 Sedern
740 5543 883 5618 Apostoli·

93 5640 326 5702 commmitteret
340 5635 514 5696 sufficienter
535 5635 712 5706 instructam,
732 5631 899 5708 praefigens

948 2353 1015 2411 licet
1028 2353 1149 2412 induciae
1165 2356 1200 2413 ed
1213 2355 1426 2415 deliberandum
1437 2373 1501 2417 cum
1522 2368 1665 2418 conventu
1680 2377 1742 2433 suo,

948 2449 1042 2500 utrum
1053 2443 1169 2503 deberet
1180 2459 1278 2519 agere,
1291 2446 1334 2504 vel
1345 2462 1402 2505 uon
1413 2447 1468 2505 sibi
1479 2447 1599 2506 luissent
1612 2449 1743 2522 indultte3

948 2531 1014 2602 qula
1027 2539 1123 2590 tamen
1134 2533 1261 2592 nondum
1274 2534 1310 2592 ad
1325 2537 1437 2610 propria
1453 2551 1585 2596 reversus
1600 2537 1744 2608 incestet

949 2619 1021 2677 alias
1038 2635 1096 2678 uon
1117 2623 1210 2679 solunt
1231 2623 1352 2682 ecclesia
1367 2640 1429 2694 aua,
1447 2625 1498 2683 sed
1510 2633 1601 2685 totum
1620 2641 1742 2701 regnum

948 2708 1175 2780 eratturbatum,
1192 2725 1258 2769 cum
1276 2726 1329 2770 suo
1351 2722 1494 2771 conventu
1515 2713 1673 2773 deliberare
1685 2730 1743 2774 non

948 2801 1093 2869 potuerat3
1119 2813 1207 2871 quare
1226 2801 1340 2873 petebat
1361 2802 1415 2860 sibi
1439 2801 1589 2862 ulteriores
1613 2803 1743 2863 inducias

947 2883 1099 2958 indulgeri.
1116 2887 1317 2948 Procuratores
1338 2897 1434 2948 autem
1451 2891 1561 2964 praelati
1585 2893 1739 2967 responde·

947 2980 1040 3032 eunte
1054 2983 1153 3034 contra
1178 2976 1253 3048 quod
1268 2976 1510 3053 archiepiscopus,
1529 2981 1581 3037 etsi
1603 2996 1660 3038 non
1678 2997 1741 3055 per·

946 3062 1093 3135 sonaliter,
1107 3065 1210 3124 saltem
1224 3081 1274 3140 per
1283 3067 1409 3137 nuutios,
1425 3075 1453 3126 et
1462 3068 1571 3126 litteras
1582 3068 1741 3128 deliberare

946 3165 1031 3225 super
1046 3151 1101 3211 hoc
1116 3160 1247 3227 potuerat
1258 3169 1323 3213 cum
1336 3163 1490 3227 conventu,
1503 3157 1578 3215 unde
1589 3173 1647 3216 nou
1660 3167 1740 3217 erant

945 3241 971 3297 ei
984 3241 1134 3300 ulteriores
1152 3241 1274 3301 inducie
1292 3243 1484 3318 indulgendae,
1508 3260 1544 3303 nc
1560 3247 1741 3321 prorogando

942 3328 1081 3401 judicium
1097 3330 1241 3390 videretur
1265 3331 1381 3405 justitlae
1404 3333 1554 3410 derogare.
1575 3336 1634 3392 Nos
1655 3337 1762 3409 igitur.

945 3419 1124 3477 attendentes
1136 3419 1211 3492 quod
1226 3421 1336 3493 aquius
1354 3428 1413 3492 est,
1428 3423 1500 3494 parti
1525 3421 1560 3479 ad
1579 3421 1739 3482 deliberan-

945 3506 1013 3564 dum
1034 3508 1188 3581 largiorem
1203 3509 1355 3567 terminum
1372 3508 1530 3582 indulgere,
1552 3526 1638 3582 quarn
1662 3513 1740 3570 litem

944 3593 1092 3652 breviandi
1114 3602 1252 3668 praetextu
1271 3596 1425 3668 procedere
1454 3597 1550 3655 minus
1571 3600 1663 3670 clara3
1686 3615 1737 3656 vo·

944 3683 1092 3755 lentosque
1109 3682 1184 3739 dicto
1206 3682 1616 3757 archiepiscoponihilomiuus
1630 3688 1658 3744 in
1681 3687 1736 3747 hac

945 3777 1024 3845 parte
1044 3769 1151 3842 lavere,
1177 3769 1270 3829 adhuc
1290 3772 1316 3829 ei
1338 3772 1482 3846 usquead
1502 3775 1664 3848 proximum
1687 3775 1741 3835 ies·

943 3867 1003 3918 tum
1018 3861 1049 3918 B.
1066 3859 1213 3919 llichaclis
1228 3860 1394 3936 archangeli
1409 3863 1562 3921 terminum
1578 3864 1613 3922 ad
1626 3865 1734 3924 delibe-

942 3947 1063 4007 randum
1078 3963 1129 4023 per
1142 3963 1184 4018 se,
1200 3950 1246 4008 vel
1259 3965 1310 4024 per
1324 3951 1411 4008 alium
1422 3967 1487 4010 curn
1506 3961 1648 4012 conventu
1662 3953 1741 4012 duxi-

943 4051 1007 4095 mus
1021 4036 1238 4112 indulgendum,
1255 4049 1320 4097 eum
1341 4040 1452 4114 utrique
1473 4042 1547 4115 parti
1560 4057 1611 4116 pro
1628 4057 1736 4117 perem-

943 4127 1014 4185 torio
1027 4127 1225 4200 assignantes;
1250 4128 1288 4186 ita
1305 4128 1380 4201 quod
1394 4129 1418 4186 si
1431 4138 1529 4188 contra
1549 4137 1577 4187 te
1592 4131 1737 4205 agendum

943 4230 1000 4273 aon
1013 4213 1134 4286 duxerit,
1150 4230 1203 4274 nos
1218 4215 1254 4275 ab
1266 4217 1328 4290 ejus
1342 4231 1427 4291 super
1441 4217 1496 4276 hoc
1515 4219 1694 4294 impetitione
1710 4228 1737 4279 ta

942 4305 1146 4364 sententialiter
1172 4305 1394 4364 absolveremus.
1420 4305 1501 4376 Quod
1529 4307 1554 4365 si
1580 4310 1682 4383 egerit,
1709 4318 1737 4367 et

943 4408 1010 4452 eum
1031 4395 1059 4450 in
1078 4408 1165 4452 causa
1189 4394 1250 4467 ipsa
1275 4393 1461 4452 succumbere
1482 4395 1552 4454 torta
1572 4399 1735 4486 contigerit,

943 4483 1035 4556 ipsum
1047 4481 1109 4552 tibi,
1124 4489 1154 4540 ut
1169 4482 1334 4555 predictum
1357 4489 1410 4554 est,
1429 4484 1688 4545 condemnaremus
1707 4487 1737 4544 in

942 4571 1076 4644 expensis
1082 4586 1091 4643 3
1106 4570 1239 4629 eumdem
1250 4585 1364 4644 quoquc
1376 4574 1528 4630 terminum
1543 4574 1677 4646 praedicto
1693 4589 1738 4632 ar-

942 4659 1124 4733 chiepiscopo
1142 4661 1323 4734 assignantes
1345 4659 1381 4718 ad
1402 4661 1617 4720 deliberandum
1640 4671 1735 4722 utrum

941 4749 1008 4807 velit
1022 4748 1135 4818 cedere,
1158 4764 1193 4807 au
1214 4747 1385 4807 contendere
1400 4764 1485 4822 super
1505 4751 1550 4820 iis,
1570 4751 1733 4822 quibusco-

941 4852 1003 4896 ram
1014 4837 1168 4912 saepedicto
1182 4837 1352 4910 predecess.
1369 4844 1465 4894 nostro
1479 4853 1544 4895 eum
1558 4852 1733 4896 reconvene-

941 4941 998 4998 ras,
1021 4935 1052 4985 ut
1071 4927 1204 5000 superius
1215 4932 1262 4983 est
1275 4939 1452 4999 expressum.
1468 4925 1609 4984 Preterea
1624 4924 1736 5000 praelati

942 5023 1140 5092 procuratores
1165 5015 1205 5071 tui
1238 5021 1465 5072 reconveneruut
1487 5015 1736 5089 archiepiscopum

941 5107 1231 5176 nominatumsuper
1256 5117 1291 5160 eo
1316 5102 1458 5174 videlicet,
1483 5103 1559 5176 quod
1599 5103 1741 5166 officiales

941 5194 1040 5268 ipsius,
1057 5201 1085 5250 te
1099 5199 1127 5250 et
1142 5198 1314 5250 conventum
1333 5199 1413 5250 tuum
1433 5192 1600 5266 impediunt,
1621 5195 1733 5265 quoad

941 5297 995 5341 nus
1006 5281 1120 5356 possitis
1130 5294 1309 5355 congregare
1324 5279 1475 5354 synodum,
1491 5279 1636 5340 celebrare
1653 5283 1731 5355 capi-

940 5371 1041 5441 tulum,
1066 5377 1094 5428 et
1119 5369 1345 5442 iurisdictionem
1366 5368 1541 5442 spiritualem
1564 5370 1592 5427 in
1615 5370 1734 5431 subditis

941 5460 1122 5520 monasteriis
1150 5473 1292 5529 exercere,
1328 5455 1500 5517 beneficium
1525 5461 1555 5516 la
1589 5461 1736 5533 integrum.

941 5547 1126 5608 restitutionis
1151 5547 1337 5606 nihilominus
1362 5547 1549 5620 postulantes,
1578 5564 1667 5623 super
1687 5565 1731 5619 eo,

941 5637 1016 5713 quod
1033 5636 1181 5711 cujusdem
1195 5636 1354 5710 personalis
1366 5637 1581 5710 compositionis
1595 5647 1735 5711 praetextu
