4090 6426
727 387 959 497 Quinte
1011 395 1461 487 GOMPILATIONIS

468 663 1728 905 bicantiorum

746 1108 996 1238 LIBER
1070 1103 1452 1258 QUARTUS

544 1687 756 1777 tironus
788 1689 821 1776 Ι.

342 1867 386 1918 ns
407 1870 640 1930 sronssnisiis,
663 1871 706 1919 sr
726 1871 940 1921 iiiiranioiiio
952 1853 1007 1937 (1).

364 2007 595 2083 Amciphtian.
608 2010 872 2084 archiepiscopo,
887 2009 921 2072 ei
936 2003 979 2080 (a)

490 2106 645 2179 ephcopo
659 2107 788 2170 Roscii.
801 2101 859 2177 (b).

587 2307 723 2372 CAPUT
744 2309 769 2370 1.
880 2373 884 2380 ,

320 2456 514 2520 insinuante
528 2458 644 2534 Sergio
658 2458 745 2521 laico
759 2458 888 2521 scalen.
903 2459 986 2534 cive,
1003 2475 1077 2521 nos-

283 2554 335 2614 tro
356 2555 407 2615 est
430 2554 636 2631 apostatatur
657 2557 854 2629 reseratum,
869 2556 955 2634 quod
975 2573 1076 2636 quum

281 2653 318 2710 G.
332 2666 510 2726 germanus
529 2668 609 2712 suus
631 2653 796 2730 quondam
817 2655 937 2715 Taram
955 2655 1078 2716 mulie-

280 2763 351 2808 rem
372 2749 541 2810 concivem
565 2765 659 2810 suam
681 2749 716 2810 in
738 2764 877 2812 uxorein
896 2765 956 2828 per
974 2751 1077 2812 verba

282 2845 533 2923 desponsaverit
555 2845 595 2908 de
618 2845 740 2918 futuro,
756 2862 796 2908 eo
818 2849 948 2909 mortuo
968 2848 1077 2910 dictus

282 2943 314 3003 S.
330 2941 364 3002 id
379 2941 442 3002 sibi
463 2942 564 3004 licere
588 2943 782 3005 existimans
803 2960 879 3005 cum
902 2945 1018 3007 eadem
1039 2947 1076 3007 Τ.
1193 2963 1200 2974 ·

284 3039 531 3101 matrimonium
555 3039 806 3101 consummavit.
830 3043 954 3102 Verum
978 3058 1078 3119 quum

285 3135 491 3213 postmodum
514 3136 683 3199 didicisset
703 3136 810 3198 eidem
830 3137 962 3199 mulieri
977 3139 1080 3202 coba·

323 3300 363 3376 tl)
376 3303 414 3360 Lo
424 3303 488 3360 titre
501 3304 544 3359 ier
555 3303 592 3360 dii
607 3302 677 3360 livre
692 3305 731 3364 IV
746 3311 790 3362 est
804 3304 831 3361 le
843 3305 938 3362 menie
950 3305 1022 3364 dans
1037 3307 1081 3365 les

286 3374 350 3443 cinq
366 3373 532 3443 compilatio
544 3372 654 3431 atdans
668 3375 710 3431 les
730 3375 840 3432 Dicre'i.
864 3377 901 3432 do
920 3377 1078 3436 orleiiiiiies.

323 3442 367 3516 (a)
385 3443 585 3514 Amcipliitaiio
597 3444 812 3516 archiepiscopo.
825 3391 940 3520 Amoffi,
948 3447 977 3504 in
989 3462 1080 3521 regno

285 3515 345 3571 Nes
368 3515 483 3571 olitano.

323 3529 366 3655 (biJ
380 3585 516 3656 Episcopo
530 3585 698 3642 Ruseliciisi.
719 3586 843 3656 Racilio,
857 3587 957 3645 civitas
972 3587 1081 3660 episco-

287 3655 1080 3808 ἕξειὲξει)ἱιεῐὲοῖεθοξῃὲειῃεθεῖεἳιῖιέἷὲῃίἒνὲῗὲτίεὲὲῧῖἓὲιῗῖἓνῗὲ·

288 3797 352 3853 ciali
369 3799 506 3853 lioniano.

323 3867 458 3937 Episcopo
483 3867 651 3924 Raoelieasi.
674 3866 841 3924 Pantaleoni
856 3868 962 3925 Pironti
982 3869 1083 3938 civili

291 3938 454 3995 Ravellensi
478 3937 624 4009 episcopo,
640 3951 730 4008 usque
751 3935 786 3992 ad
806 3951 913 3994 annum
935 3939 1016 4008 tito,
1036 3939 1082 3996 vel

289 4009 378 4136 1.ξὲξί
390 4007 529 4080 liogadei
545 4008 562 4064 5
576 4009 721 4082 episcopo,
738 4007 786 4079 qui
806 4014 936 4065 mortuns
951 4017 996 4067 est
1008 4023 1083 4067 anno

326 4148 363 4218 (c)
384 4147 683 4216 sccirnsiscpiscopiis.
704 4146 787 4202 Scala
801 4147 828 4202 in
844 4160 935 4218 regno
949 4149 1082 4220 Neapoli·

291 4215 434 4344 tanocgpib
462 4217 676 4290 archiepiscopo
700 4215 913 4289 hinaiphitano,
933 4219 963 4276 in
983 4219 1083 4278 eodem

290 4293 348 4343 vet.
422 4323 430 4340 .

326 4359 368 4413 Ex
380 4355 561 4426 sponsalibus
576 4354 612 4412 de
630 4355 725 4413 luturo
739 4353 880 4413 inducitur
896 4356 1083 4432 impedimen·

292 4434 350 4482 tuin
366 4426 486 4498 publicis
501 4425 658 4482 honestatis
673 4433 787 4553 propter
807 4427 946 4484 rationein
971 4431 1085 4487 allatam

292 4497 320 4552 iii
336 4511 398 4567 cap.
409 4497 454 4552 Ad
464 4497 648 4564 audientiam,
661 4511 716 4568 apii
746 4497 864 4556 Grevor.
878 4497 997 4569 boetii,
1011 4501 1086 4573 quod

292 4566 320 4622 in
334 4568 398 4623 leve
414 4566 510 4623 divina
525 4567 660 4639 scriptum
673 4567 719 4636 sit,
736 4539 893 4624 iionTicere
906 4567 983 4627 fratri
998 4585 1084 4644 spon·

292 4651 355 4693 sain
381 4637 464 4694 ratris
475 4651 592 4693 uxorein
608 4635 818 4709 deserendum
832 4641 1086 4698 tamenlexdivina

293 4707 423 4780 loquatur
440 4707 475 4764 de
486 4721 583 4775 uxore,
599 4722 656 4763 non
671 4706 707 4763 de
721 4721 842 4790 sponsa;
858 4711 924 4780 quia
939 4709 1014 4783 apud
1029 4713 1084 4768 He·

293 4777 384 4835 braeos
399 4777 510 4851 exlege
524 4777 611 4834 ilosis
623 4780 766 4850 sponsalia
786 4793 837 4850 pro
852 4781 959 4852 nuptiis
973 4789 1087 4863 reputa·

292 4847 405 4918 bantur,
420 4855 451 4905 ut
464 4856 493 4905 ct
506 4849 624 4906 Novella
639 4849 731 4905 Alexii
745 4850 894 4918 Conineni,
910 4851 989 4907 etita
1006 4851 1087 4907 intel-

293 4919 391 4992 ligitur
407 4921 504 4977 Canon
524 4917 569 4986 98,
582 4917 687 4990 synodi
712 4920 738 4986 6,
757 4920 786 4975 in
800 4920 905 4988 Troilo,
926 4919 961 4976 de
985 4935 1090 4993 sponsa

294 5005 358 5061 que
375 4988 602 5047 benedictionem
617 4994 775 5062 acceperat.
791 4989 914 5047 Publicia
933 4989 1092 5048 honestatis

295 5059 530 5132 impedimentum
553 5059 588 5116 ad
607 5073 744 5131 sponsam
765 5061 997 5132 interpretatione
1019 5062 1092 5134 legis

294 5130 454 5188 traductum
466 5139 521 5199 esi,
537 5137 565 5186 et
582 5131 620 5186 ita
639 5131 667 5187 in
683 5131 784 5203 priscis
798 5129 956 5188 canonibus
971 5133 1093 5188 inveniri

295 5208 374 5258 notat
390 5216 423 5258 su
445 5201 592 5272 erseriptio
614 5215 678 5259 can.
695 5202 721 5258 si
735 5201 850 5271 prisii,
866 5201 911 5269 27,
927 5217 951 5273 p.
967 5203 993 5258 i.
1012 5203 1093 5270 Quod

296 5273 383 5328 etiam
402 5217 559 5329 effecerunt
581 5273 736 5344 Gregorius
753 5274 776 5337 Ι,
792 5277 820 5326 et
833 5271 924 5328 lulius
944 5273 972 5329 in
988 5287 1052 5329 can.
1069 5274 1094 5329 si

295 5344 358 5414 pais
371 5357 498 5410 acorem,
511 5349 620 5415 etseq..
636 5341 699 5415 ped.
712 5343 746 5398 Et
758 5340 823 5397 ideo
833 5341 993 5399 Alexander
1003 5345 1054 5411 111,
1065 5345 1094 5400 in

295 5429 358 5485 rap.
372 5411 511 5482 i‚hoctit.
523 5413 663 5538 inprime
677 5413 837 5492 compilat,
846 5411 939 5468 reddit
953 5414 1093 5470 rationem

297 5484 375 5551 Oilod
389 5498 559 5540 canonicae
578 5487 635 5538 iiiiii
650 5485 755 5539 rationi
769 5497 823 5537 acii
838 5484 1095 5552 permiilus;cano·

297 5555 393 5610 nicam
408 5553 547 5610 rationem
563 5553 707 5624 intelligit,
723 5567 787 5624 quas
802 5551 960 5609 desumitur
974 5569 1009 5611 ex
1024 5555 1093 5612 alla·

298 5625 334 5682 tis
346 5623 512 5684 canonibus.
525 5624 598 5682 ilinc
612 5623 768 5681 notandum
780 5637 831 5696 por
843 5621 918 5682 hanc
930 5623 1095 5698 interpreta-

1127 1679 1233 1742 bitare
1249 1677 1341 1742 licite
1359 1691 1396 1740 se
1417 1691 1483 1739 non
1503 1689 1610 1754 posse,
1627 1673 1762 1753 propter
1783 1673 1932 1752 impedi-

1128 1777 1274 1839 mentum
1288 1774 1430 1854 publicae
1449 1772 1644 1848 honestatis,
1660 1787 1700 1833 ac
1715 1773 1850 1850 propter
1861 1772 1930 1834 hoc

1128 1873 1317 1938 divertisset
1329 1871 1370 1934 ab
1385 1887 1441 1948 ea;
1456 1870 1534 1950 quia
1545 1885 1621 1934 ren.
1634 1869 1738 1932 irater
1748 1885 1782 1930 n.
1800 1867 1839 1942 tc)
1850 1871 1932 1931 Sca·

1128 1971 1194 2034 len.
1208 1971 1383 2049 episcopus
1406 1970 1526 2047 ipsum,
1540 1968 1578 2030 ut
1594 1983 1670 2029 eam
1684 1967 1849 2044 reciperet
1867 1983 1932 2029 co-

1128 2084 1208 2146 gare
1233 2068 1349 2131 contra
1375 2065 1543 2146 justitiam
1574 2063 1754 2133 nitebatur,
1779 2063 1931 2126 sentiens

1129 2181 1229 2243 super
1242 2165 1306 2228 hoo
1322 2163 1467 2228 indebite
1482 2179 1518 2224 se
1534 2161 1843 2239 gravatissimus
1862 2177 1932 2222 au-

1129 2263 1288 2326 dientiam
1313 2261 1503 2342 appellaxit.
1524 2259 1685 2332 Quocirca
1708 2259 1784 2321 frat.
1805 2259 1932 2322 vestrae

1129 2360 1336 2433 mandamus,
1350 2360 1523 2437 quamam,
1541 2357 1570 2418 si
1585 2355 1637 2420 est
1652 2357 1711 2431 ita,
1727 2356 1932 2418 denuntietis

1130 2459 1255 2521 eisdem
1278 2461 1310 2519 S.
1328 2459 1360 2520 et
1376 2459 1425 2528 T..
1453 2454 1675 2532 appellatione
1699 2455 1837 2526 remota,
1861 2470 1933 2516 non

1132 2571 1205 2620 esse
1219 2554 1465 2617 matrimonium
1479 2553 1649 2614 intereos.

1315 2715 1481 2788 Episcopo
1495 2713 1660 2774 slewicen
1676 2707 1738 2791 (a).

1430 2890 1567 2951 CAPUT
1585 2890 1626 2950 II.

1173 3039 1412 3104 consultationi
1425 3039 1490 3100 tuse
1503 3037 1650 3100 breviter
1668 3037 1908 3115 respondemus
1923 3060 1931 3099 :

1134 3139 1290 3204 mulieres
1305 3151 1378 3216 quaa
1392 3135 1432 3198 de
1444 3151 1536 3198 more
1547 3132 1739 3214 contusio)
1755 3134 1797 3196 ad
1812 3135 1931 3198 valvas

1134 3307 1241 3365 tionem
1251 3301 1358 3378 gradus
1371 3299 1528 3376 prohibitos
1539 3315 1554 3358 a
1565 3301 1631 3373 lege
1643 3299 1738 3358 divina
1751 3301 1935 3373 sessoriani

1134 3386 1231 3436 tamen
1246 3390 1304 3432 non
1318 3375 1374 3430 nisi
1388 3372 1638 3430 constitutionibus
1652 3371 1853 3429 ecclesiasticis
1865 3387 1934 3444 pro·

1135 3447 1282 3516 hibentur3
1295 3459 1351 3517 quo
1362 3459 1449 3502 sensu
1458 3443 1617 3515 sepissime
1628 3457 1713 3498 usuin
1723 3440 1812 3499 luisse
1822 3445 1856 3500 Ι).
1869 3443 1939 3500 Gre-

1156 3519 1259 3585 orium,
1275 3522 1303 3572 et
1327 3515 1398 3572 alios
1411 3511 1586 3570 censendum
1601 3519 1654 3580 est,
1671 3519 1699 3568 et
1717 3513 1825 3584 optime
1847 3514 1937 3570 sentit

1135 3535 1235 3648 glossa
1248 3590 1278 3643 in
1292 3599 1355 3658 cap.
1365 3585 1475 3641 litteras
1489 3584 1522 3640 rie
1535 3585 1625 3640 restit.
1637 3583 1750 3652 spoliat.
1762 3581 1881 3639 Etbaue
1898 3584 1938 3639 le·

1136 3663 1182 3733 gis
1191 3659 1295 3715 divina
1311 3653 1572 3728 interpretationem
1583 3667 1617 3709 ex
1629 3651 1712 3709 inore
1724 3653 1861 3710 Romane
1877 3656 1934 3710 Ec-

1136 3730 1231 3787 clesiae
1245 3725 1428 3784 descendisse
1446 3726 1617 3797 conjecturas
1631 3721 1712 3780 locus
1726 3729 1778 3792 est,
1795 3724 1820 3779 si
1834 3738 1937 3781 reruni

1137 3801 1173 3858 sit
1184 3797 1259 3872 quod
1275 3797 1313 3854 ait
1325 3797 1458 3855 entismo
1470 3796 1499 3851 in
1517 3795 1696 3864 responsione
1711 3795 1749 3849 iiii
1767 3798 1936 3864 interciet.

1137 3869 1245 3929 traici.-
1257 3867 1372 3924 lratrem
1388 3879 1473 3938 posse
1488 3865 1526 3920 im
1548 3862 1862 3936 uneduceresponsam
1877 3864 1936 3922 lra-

1138 3941 1188 3998 tris
1197 3943 1345 4008 ammaum
1356 3951 1461 3993 carnea
1466 3951 1518 4006 per
1594 3935 1742 3991 dictionem
1753 3935 1938 4003 laeteretur,

1138 4010 1280 4070 ἐτελεύτησε
1293 4008 1342 4072 iipb
1357 4005 1569 4070 resipueritis
1581 4024 1606 4055 iii
1619 4003 1674 4067 μετ’
1683 4006 1774 4066 dumi:
1795 4020 1859 4078 quae
1878 4005 1937 4062 ini·

1139 4083 1227 4148 tiatio,
1244 4092 1295 4136 seu
1307 4075 1467 4134 benedictio
1479 4075 1510 4132 ni
1522 4089 1610 4148 quum
1623 4073 1694 4132 tides
1707 4074 1800 4144 datur,
1813 4082 1842 4131 et
1852 4089 1941 4148 spon·

1138 4151 1208 4208 salia
1221 4146 1426 4207 contrahuntur
1478 4145 1590 4202 rverba
1605 4144 1641 4201 de
1656 4146 1789 4228 prasenti
1810 4162 1818 4202 :
1842 4147 1878 4202 Et
1898 4147 1939 4202 ita

1139 4221 1207 4278 dicit
1220 4233 1284 4278 esse
1297 4224 1435 4276 consuetu
1458 4217 1533 4272 inem
1546 4215 1578 4271 iii
1588 4217 1715 4272 emathia
1727 4217 1789 4286 {ere
1799 4217 1902 4272 Austri
1913 4221 1941 4272 ct

1139 4291 1263 4349 Oriettlt't
1270 4289 1412 4360 partibili,
1427 4289 1460 4344 εἰς
1473 4287 1555 4338 πάντα
1566 4287 1655 4350 σχεδὸν
1666 4287 1699 4336 τὰ
1710 4285 1784 4350 μ’ἐρη
1796 4293 1842 4337 aab
1854 4287 1939 4344 νότου,

1138 4364 1231 4421 καὶτῆς
1242 4361 1370 4419 ἀνατολῆς.
1387 4359 1448 4414 iloc
1460 4363 1554 4413 autern
1569 4363 1654 4426 caput
1671 4362 1715 4412 est
1726 4356 1801 4412 circa
1814 4356 1940 4427 primurn

1161 4431 1271 4497 radam,
1283 4429 1354 4486 ultra
1369 4441 1454 4500 quein
1469 4441 1528 4482 non
1540 4425 1630 4482 oritur
1643 4424 1877 4498 impedimentum
1892 4441 1943 4497 pu·

1139 4447 1220 4560 {licie
1231 4499 1398 4566 honestatis,
1408 4504 1436 4553 et
1451 4498 1488 4554 ita
1504 4495 1649 4552 concludit
1658 4496 1809 4552 concilium
1820 4495 1939 4553 Triden-

1141 4573 1230 4630 tinum
1246 4571 1275 4626 in
1290 4584 1354 4626 can.
1366 4569 1392 4636 3,
1401 4583 1472 4624 εεεε.
1485 4567 1529 4634 ili,
1542 4566 1595 4622 nisi
1608 4571 1704 4622 lamen
1716 4565 1942 4637 dispensationis

1140 4655 1226 4700 causa
1241 4641 1368 4712 legitima
1382 4637 1471 4695 subsit
1496 4643 1527 4693 ut
1540 4637 1568 4692 in
1579 4649 1642 4708 cap.
1654 4635 1681 4716 5,
1697 4635 1764 4692 ibid.
1778 4634 1889 4704 dicitur,
1912 4645 1944 4694 et

1143 4712 1218 4784 qnod
1231 4709 1280 4767 liic
1301 4709 1442 4767 Honorius
1463 4678 1591 4788 decernit
1608 4713 1652 4762 est
1670 4714 1749 4777 Juxta
1762 4706 1852 4788 stricti
1868 4707 1944 4790 iuris

1143 4782 1268 4907 regngar,
1280 4795 1338 4836 non
1348 4777 1424 4851 quod
1438 4778 1680 4851 dispensationem
1691 4777 1843 4834 excluserit
1853 4793 1879 4832 si
1889 4792 1941 4849 pe-

1145 4854 1194 4910 tila
1222 4852 1320 4908 uisset.

1181 4922 1223 4994 (a)
1239 4921 1374 4992 Episcopo
1389 4917 1555 4977 Slcwheui.
1573 4916 1619 4974 Sic
1633 4917 1662 4972 in
1675 4917 1752 4974 MSS.
1769 4917 1799 4974 in
1816 4917 1862 4973 vul
1888 4918 1944 4974 atis

1146 4992 1314 5065 Besguensi,
1328 4997 1469 5062 corrupte.
1481 4989 1597 5044 Slcwich
1608 4988 1635 5042 in
1647 4989 1798 5046 Germania
1809 4931 1944 5062 subffire-

1147 5064 1239 5121 mensi
1261 5061 1357 5119 archis
1378 5061 1438 5116 isco
1479 5100 1485 5115 .
1515 5059 1567 5116 Hic
1585 5058 1767 5131 episcopatus
1791 5073 1856 5115 cuin
1877 5059 1944 5115 aliis

1147 5133 1236 5191 tribus
1254 5133 1282 5189 in
1296 5077 1419 5190 cimbris
1458 5129 1629 5210 bersonosop
1642 5130 1717 5185 circa
1742 5143 1849 5185 annum
1871 5129 1942 5198 9t83

1148 5203 1256 5262 fundati
1271 5209 1337 5260 sunt
1350 5216 1399 5275 per
1414 5199 1554 5258 Othonem
1568 5201 1605 5256 M.
1622 5207 1834 5272 imperatorem.

1184 5275 1220 5347 (h)
1236 5273 1282 5330 Aa
1298 5272 1530 5328 calamitosam
1553 5277 1702 5342 notatque
1726 5282 1840 5341 sponse
1859 5277 1942 5326 ante-

1168 5359 1234 5402 usin
1244 5342 1471 5401 benedictionem
1482 5341 1541 5397 acci
1564 5339 1685 5397 erentad
1696 5340 1805 5408 valvas,
1816 5355 1867 5396 seu
1879 5355 1944 5398 ves·

1149 5415 1266 5473 tibuluin
1286 5411 1468 5478 sistebantur,
1484 5418 1514 5468 nt
1543 5409 1604 5468 ides
1618 5424 1716 5467 esrum
1731 5427 1766 5466 ex
1787 5411 1945 5482 loraretur3

1149 5495 1177 5544 et
1192 5484 1256 5558 quia
1270 5483 1330 5557 jani
1346 5483 1417 5539 torte
1427 5481 1606 5538 obsoleverat
1617 5480 1664 5538 hic
1676 5495 1749 5548 mos,
1767 5426 1947 5540 [isimundus

1149 5559 1178 5615 in
1193 5555 1394 5627 compilatione
1411 5553 1598 5610 Decretalium
1613 5550 1678 5608 hoec
1692 5551 1790 5618 verba,
1806 5553 1839 5608 ile
1857 5569 1945 5622 more,

1150 5627 1255 5686 omisit.
1279 5628 1313 5684 Et
1327 5623 1440 5700 quidem
1457 5631 1523 5681 tunc
1537 5621 1653 5680 deinum
1669 5623 1724 5682 lide
1738 5621 1802 5682 data
1822 5637 1944 5682 corona-
