4084 6428
44 319 48 324 ·
70 313 145 378 ssa
632 311 677 378 ut
699 313 1049 380 ansunnncrronn
1070 306 1233 380 bonnm.
1695 323 1754 385 854

71 475 263 551 gellatur,
281 471 483 552 conspuitur,
499 475 604 553 spinls
619 477 808 550 coronatur,
827 493 906 538 cru·
959 479 1047 541 mata
1075 478 1140 542 ista
1167 475 1372 541 constituunt
1402 475 1620 556 fragrantiam
1648 480 1754 544 divini

73 571 396 634 cifixusmanihus
416 573 617 651 etpedibus,
642 575 746 637 latere
766 574 905 650 contigi-
958 576 1098 648 amoris,
1131 592 1204 653 quae
1232 577 1366 654 propria
1391 576 1548 638 dicuntur
1577 594 1620 640 ex
1647 579 1754 640 tribus

72 671 153 738 tur,
190 669 232 732 et
261 670 308 730 ita
337 685 453 732 saccus
481 669 515 731 in
546 687 610 748 quo
638 670 762 732 latebat
789 671 903 732 mundi
959 673 1076 734 confloi
1092 673 1279 750 speciebus,
1296 674 1432 750 myrrha
1451 673 1589 746 scilicet,
1607 675 1705 737 thure
1721 675 1755 738 et

75 767 318 844 Redemptor,
340 767 535 830 conciditur.
958 771 1137 847 pigmento,
1158 771 1236 848 quia
1254 786 1298 833 ex
1315 770 1546 849 conjunctione
1562 772 1664 833 trium
1684 773 1755 835 vir-

124 862 229 935 Quid
262 867 362 940 ergol
388 865 570 926 Adoremus
599 880 713 926 omnes
741 866 838 943 proni
867 866 903 927 in
958 868 1076 940 tutum,
1097 867 1237 940 scilicet,
1254 868 1519 930 mortificationis
1534 870 1657 942 earnis,
1677 885 1755 930 ora·-

75 962 201 1033 tcrra,
222 961 260 1023 et
280 962 449 1038 plorantes
462 977 574 1023 coram
592 963 733 1024 Domino
752 963 809 1040 qui
826 962 904 1025 fecit
957 964 1070 1038 tionis,
1086 965 1221 1042 etpurae
1236 965 1434 1027 humilitatis
1449 965 1634 1042 fragrantia
1649 966 1754 1028 divini

74 1073 163 1130 nos,
202 1057 360 1134 legamus
389 1058 422 1120 et
446 1058 655 1134 perlegamus
683 1059 903 1120 conscientias
958 1061 1081 1122 amoris
1096 1062 1281 1124 conficitur.

75 1156 240 1217 nostras
256 1155 410 1216 oneratas
425 1156 580 1232 peccatis,
597 1155 729 1218 obfusas
743 1156 901 1229 tenebris,
998 1159 1090 1232 Quod
1114 1161 1225 1222 autem
1244 1160 1381 1237 myrrha
1409 1161 1629 1234 mortificatio,
1654 1162 1754 1226 thure

75 1252 254 1314 irretitas
285 1251 468 1325 illecebris,
501 1269 622 1330 pronas
661 1254 902 1331 concupisoon·
958 1257 1075 1330 oratio,
1092 1257 1229 1334 pulvere
1243 1257 1401 1334 pigmenti
1421 1274 1505 1337 pura
1520 1259 1670 1335 signetur
1683 1260 1751 1321 hu-

76 1349 157 1422 tus,
179 1349 354 1412 obnoxias
366 1349 586 1426 passionibus,
600 1351 754 1428 impletas
768 1351 902 1412 illusio·
957 1356 1092 1427 militas,
1117 1356 1153 1417 in
1176 1355 1304 1436 prolato
1333 1356 1374 1418 de
1397 1357 1542 1418 Cantieis
1562 1349 1753 1420 testimonio

77 1447 209 1508 nibus.
233 1449 306 1508 Hoc
327 1449 379 1508 est
397 1445 595 1524 profundum
610 1448 696 1526 quod
718 1464 785 1509 non
806 1448 903 1510 habet
958 1452 1160 1530 perhibetur.
1187 1455 1268 1520 Qum
1287 1453 1350 1525 cst,
1374 1454 1490 1531 inquit,
1515 1455 1582 1516 istc
1599 1471 1677 1530 quoe
1694 1470 1754 1518 cs-

77 1545 255 1606 fundum.
284 1544 497 1607 incoleretur
519 1545 630 1622 itaqua
656 1547 770 1608 nostra
798 1547 901 1607 satis·
956 1552 1143 1624 ocndttper
1156 1551 1353 1612 desertum?
1367 1554 1414 1612 Ac
1438 1551 1467 1612 si
1482 1551 1609 1613 diceret
1624 1573 1631 1612 ε
1649 1554 1753 1623 Quam

78 1641 212 1714 factio,
234 1658 277 1703 ne
292 1641 483 1704 damnosior
494 1641 553 1703 flat
567 1643 808 1718 procrastinata
823 1642 903 1705 dila·
957 1646 1163 1709 admirabilis
1177 1649 1228 1709 est
1245 1647 1356 1708 anima
1372 1649 1488 1710 sancta
1502 1664 1576 1724 quaa
1589 1664 1690 1725 quum
1711 1649 1753 1710 ab

79 1739 148 1800 tio.
180 1742 315 1800 Breues
339 1739 428 1800 enim
450 1739 527 1801 sunt
547 1739 618 1800 dies
642 1740 760 1808 nostri,
781 1740 903 1802 transit
957 1746 1019 1807 hoc
1034 1745 1157 1806 mundo
1173 1745 1304 1806 ardenti
1327 1744 1492 1806 desiderio
1511 1761 1549 1806 se
1567 1745 1677 1822 erigit,
1695 1759 1754 1823 per

79 1836 210 1908 hom0,
231 1835 318 1911 fugit
330 1836 470 1912 tempus,
488 1851 577 1897 mors
592 1836 695 1908 adest,
712 1837 778 1898 imo
798 1838 902 1898 currit
956 1842 1134 1914 desertum,
1161 1841 1247 1919 quod
1278 1841 1401 1904 deserit
1420 1842 1555 1915 orando,
1584 1843 1754 1905 ascenditi

81 1935 119 1995 θῐ
147 1933 315 2010 PerV01³i
333 1934 369 1994 in
393 1933 487 2010 eduis
509 1934 542 1996 ei
562 1933 726 1994 curribus·
757 1935 903 1996 Ardeam
958 1940 1021 2002 Sed
1037 1939 1203 2003 odorifera
1226 1955 1293 2000 non
1315 1940 1366 2000 est
1388 1940 1555 2010 ascensi0,
1573 1939 1639 2001 nisi
1654 1937 1754 2002 fuerit

80 2031 202 2107 igitur
224 2030 341 2103 animi,
358 2030 488 2107 plorent
502 2030 601 2102 oculi,
618 2031 750 2107 pectora
770 2033 903 2108 gemiti·
957 2039 1043 2099 sicut
1058 2037 1189 2113 virgula
1212 2037 1295 2096 sumi
1319 2053 1361 2097 ex
1382 2036 1596 2122 aromatibus
1614 2036 1753 2112 Virgula

82 2131 167 2205 buS,
193 2132 321 2192 coelum
343 2131 480 2194 resultet
501 2132 712 2205 elamoribus,
731 2133 764 2194 et
782 2133 818 2194 ut
836 2133 902 2194 lin·
956 2135 1038 2196 fumi
1053 2135 1103 2196 est
1117 2135 1209 2195 recta
1222 2135 1257 2194 et
1267 2133 1403 2209 gracilis
1425 2134 1457 2196 et
1471 2134 1506 2194 in
1521 2134 1656 2209 longum
1671 2149 1752 2210 por-

82 2245 198 2305 guam
233 2229 332 2290 acuat
359 2229 578 2302 conscientia,
608 2229 642 2291 et
665 2231 901 2292 conscientiam
956 2233 1058 2304 reeta,
1069 2233 1100 2292 et
1115 2246 1244 2307 semper
1258 2230 1294 2292 in
1309 2231 1411 2292 altum
1426 2230 1542 2292 tendit.
1560 2233 1662 2292 Recta
1676 2244 1752 2292 esso

78 2327 228 2403 judicet
249 2327 374 2402 lingua.
392 2327 483 2398 Quod
503 2327 533 2387 si
547 2327 615 2398 fiat,
622 2327 785 2402 respirate
800 2328 832 2389 et
847 2343 902 2387 sa-
956 2329 1052 2390 debet
1066 2330 1099 2391 et
1112 2327 1259 2406 gracilis,
1272 2328 1349 2406 quia
1365 2329 1457 2390 arcta
1471 2329 1526 2389 via
1543 2330 1594 2389 ast
1608 2330 1641 2390 et
1652 2328 1752 2405 longa

84 2425 167 2485 ouri
194 2426 319 2496 estote,
344 2425 422 2502 quia
446 2424 589 2501 deponet
611 2423 803 2500 iniquitates
822 2439 901 2486 nos-
956 2443 1029 2504 quae
1044 2426 1135 2488 ducit
1146 2442 1207 2488 nos
1223 2425 1264 2486 ad
1275 2441 1414 2500 regnum
1429 2425 1600 2487 coelorum.
1613 2427 1688 2486 Non
1702 2425 1754 2486 est

84 2523 178 2594 trae,
196 2523 235 2584 et
248 2521 445 2598 projicietin
460 2520 658 2598 profundum
672 2521 773 2582 maris
789 2522 900 2582 omnia
954 2524 1085 2601 virgula
1100 2523 1182 2600 ligni
1203 2522 1409 2584 insensibilis
1432 2523 1465 2584 et
1485 2523 1571 2595 duri,
1597 2523 1654 2583 sed
1669 2521 1752 2583 sumi

83 2621 240 2696 peecata
255 2619 369 2679 nostra
382 2619 456 2694 pius
471 2634 510 2678 ae
522 2619 713 2679 misericors
728 2618 897 2679 Dominus.
955 2621 1011 2698 qui
1030 2621 1172 2698 speciem
1188 2620 1288 2682 habet
1307 2635 1374 2681 non
1396 2618 1623 2681 substantiam.
1646 2621 1751 2692 Quum

85 2720 169 2794 Ipse
203 2714 309 2777 faciat
337 2715 394 2791 qui
421 2714 687 2777 estbenedictus
715 2716 751 2776 in
776 2715 899 2778 saecula
954 2719 1043 2779 enim
1058 2718 1215 2789 cernitur,
1239 2716 1366 2794 aliquid
1389 2733 1463 2778 esse
1477 2717 1627 2792 videtur;
1650 2733 1752 2793 quum

83 2812 312 2876 saeculorum.
332 2815 447 2874 Amen.
954 2831 1072 2877 manus
1087 2815 1275 2892 apponitur,
1303 2815 1350 2875 nil
1371 2815 1552 2876 invenitur.
1574 2815 1629 2875 Sic
1645 2813 1751 2876 honus

954 2913 1095 2990 quisque
1105 2913 1160 2974 hic
1174 2927 1249 2974 esse
1260 2912 1393 2973 videtur
1402 2928 1462 2990 per
1471 2912 1583 2974 carnis
1594 2911 1749 2988 speciem,

448 3033 555 3119 XXV
954 3011 1012 3072 sed
1028 3010 1217 3087 hujusmodi
1232 3024 1299 3071 non
1321 3010 1374 3071 est
1393 3025 1453 3085 par
1470 3009 1692 3070 dilectionem.
1713 3007 1753 3068 m
1877 2995 1881 3002 ’

954 3108 1092 3185 pulchra
1106 3108 1228 3169 dicitur
1242 3123 1309 3168 non
1327 3107 1423 3182 virga
1436 3106 1530 3178 fumi,
1548 3105 1605 3167 sed
1620 3104 1752 3182 virgula

200 3257 248 3318 a
953 3204 1752 3364 finitimum.turinum..tn

132 3411 260 3471 Mario
284 3410 485 3483 Mercatore
514 3407 549 3467 et
577 3408 697 3467 Morio
721 3409 838 3467 iacobi
865 3406 898 3467 et
953 3400 1072 3460 ardore
1087 3398 1360 3474 compunctionis,
1386 3397 1423 3458 ut
1444 3413 1506 3458 nec
1529 3398 1602 3473 ipse
1619 3398 1751 3458 animus
1820 3420 1824 3425 ·

90 3511 236 3568 Selom-o
256 3504 416 3566 emerunt
437 3505 597 3564 aromata
616 3500 734 3580 (Maro.
759 3517 828 3574 avr,
852 3498 896 3582 1).
953 3495 1234 3573 comprehendere
1262 3493 1425 3564 sufficiat,
1445 3509 1518 3570 quaa
1545 3492 1751 3554 illuminatus

134 3602 330 3666 Secundum
345 3601 489 3662 litteram
505 3599 753 3660 commendatur
766 3600 898 3661 devotio
953 3593 1068 3656 sensit.
1084 3592 1225 3668 virgula
1246 3590 1357 3652 autem
1379 3589 1460 3650 fumi
1484 3605 1528 3650 er
1548 3587 1752 3649 aromatibus

94 3702 293 3762 sanctarum
310 3699 497 3767 mulierum,
515 3697 593 3772 quia
611 3696 697 3758 sicut
710 3695 898 3757 dilexerunt
919 3755 921 3760 ,
953 3690 1133 3768 egreditur,
1159 3689 1236 3765 quia
1261 3686 1470 3764 compunctio
1500 3701 1544 3746 er
1565 3684 1751 3761 fragrantia

93 3798 269 3860 Christum
289 3797 324 3856 in
343 3797 423 3867 vita,
444 3795 491 3856 ita
510 3794 700 3855 dilexerunt
717 3795 792 3870 post
808 3809 899 3854 mor·
952 3789 1060 3850 divini
1073 3787 1197 3849 amoris
1211 3787 1402 3862 generatur.
1734 3791 1736 3793 ·

94 3895 175 3955 tem.
207 3894 396 3956 Secundum
420 3891 616 3967 allegoriam
635 3891 704 3952 tres
728 3890 801 3952 isiae
825 3907 899 3950 mu·
996 3886 1060 3948 Sed
1075 3885 1176 3946 ccrtae
1200 3882 1418 3959 suntspaoies
1439 3881 1614 3958 exquibus
1634 3877 1752 3942 confici

94 3991 199 4053 lieres
212 3990 406 4066 significant
416 3989 481 4050 tres
498 3990 609 4065 partes
622 3987 735 4049 mundi
746 3988 787 4049 ad
801 3987 897 4049 fldem
952 3987 1057 4064 possit
1081 3985 1144 4046 hoc
1161 3998 1287 4051 aroma,
1304 3997 1444 4059 quarum
1463 3981 1590 4043 addidit
1604 3980 1749 4052 nomina,

96 4090 225 4151 Christi
249 4087 431 4159 venientes,
456 4085 622 4157 videlicet,
652 4085 776 4159 Asiam,
805 4085 898 4146 Afri·
952 4083 1097 4162 myrrhae
1121 4081 1155 4142 et
1174 4079 1282 4142 thuris
1306 4079 1339 4140 et
1359 4079 1506 4157 pulveris
1526 4077 1749 4155 pigmentarii.

96 4201 171 4246 cam
198 4187 234 4248 et
265 4188 441 4261 Europam.
470 4185 530 4244 Hae
558 4182 715 4244 mulieres
747 4184 899 4245 emerunt
953 4181 1089 4260 Myrrha
1105 4177 1305 4240 condiuntur
1322 4192 1461 4254 corpora
1476 4176 1693 4245 mortuorum,
1709 4191 1752 4236 nc

97 4284 261 4355 aromata,
287 4281 384 4354 idest,
406 4281 566 4342 virtutum
586 4280 705 4352 studia,
726 4296 799 4356 quaa
815 4295 897 4341 aro·
952 4278 1121 4342 vermibus
1143 4276 1408 4352 corrumpantur.
1430 4275 1548 4336 Carnis
1564 4289 1643 4350 ergo
1658 4289 1752 4335 mor-

96 4382 187 4442 mata
202 4381 327 4442 bonum
343 4377 467 4452 habent
481 4377 627 4448 odorem,
644 4378 722 4454 quia
740 4378 816 4439 sunt
830 4380 897 4441 Deo
952 4376 1169 4439 tifioationem
1185 4373 1351 4448 significat
1375 4373 1522 4450 myrrha,
1544 4389 1617 4450 quae
1633 4386 1752 4448 corpus

99 4480 248 4555 accepta.
266 4476 360 4538 Unde
375 4475 499 4536 Paulus
517 4497 524 4534 :
542 4477 670 4536 Christi
690 4478 795 4537 bonus
815 4480 898 4538 odor
952 4475 1102 4536 nostrum
1117 4488 1137 4533 a
1152 4470 1327 4549 putredine
1342 4471 1486 4530 luxuriae
1501 4469 1666 4530 illibatum
1681 4484 1753 4530 cus·

88 4590 221 4637 'siunins
243 4579 314 4636 Deo
340 4577 376 4634 in
395 4576 490 4634 cmiii
512 4576 583 4634 icoo
605 4572 649 4650 (Il
671 4575 744 4634 Gor.
771 4572 895 4653 11,15).
950 4573 1045 4634 todit.
1081 4571 1245 4632 Mortuum
1278 4566 1367 4629 anim
1399 4583 1534 4628 carnem
1562 4567 1753 4644 putrescere

100 4673 257 4734 Aromata
278 4671 498 4732 conficiuntur
515 4685 558 4730 er
577 4671 723 4746 myrrha,
746 4671 845 4732 thure
866 4673 898 4732 et
953 4670 1013 4742 est,
1031 4669 1094 4731 hoc
1109 4667 1248 4729 mortale
1277 4680 1397 4742 corpus
1412 4665 1555 4726 luxuriae
1570 4664 1750 4736 deservire,

100 4770 279 4845 pigmento.
310 4768 364 4829 Sic
388 4768 476 4828 enim
505 4766 664 4827 habemus
691 4768 726 4828 in
753 4769 897 4831 canticis
953 4767 1038 4829 siout
1077 4766 1125 4827 ait
1159 4764 1232 4828 Joel
1263 4762 1424 4840 propheta
1453 4761 1493 4823 de
1521 4761 1750 4838 quibusdam:

102 4868 312 4929 canticorum
332 4887 339 4925 :
362 4868 443 4932 erae
468 4865 520 4926 est
542 4865 621 4934 istc,
646 4880 722 4937 ooae
744 4866 898 4928 ascendit
953 4863 1247 4939 computruerunt
1263 4861 1427 4932 jumento
1453 4862 1491 4920 in
1516 4860 1753 4921 stercorario

98 4977 163 5035 per
177 4965 364 5034 decertum,
388 4965 476 5025 siant
491 4966 628 5037 circuio
645 4964 735 5035 sumi
754 4979 800 5025 eoo
815 4979 898 5026 aro-
953 4961 1050 5042 (Joal.
1066 4977 1089 5032 1,
1105 4957 1157 5038 17)
1175 4981 1182 5018 :
1199 4958 1295 5030 idest,
1311 4958 1413 5018 vitam
1429 4956 1587 5017 linierunt
1601 4955 1753 5018 carnales

102 5063 248 5125 motibus
262 5067 417 5136 rnyrrioe
430 5063 465 5122 ot
477 5063 589 5123 inuris
607 5061 641 5122 et
654 5064 811 5122 universi
818 5068 899 5135 poi·
952 5061 987 5122 in
1010 5057 1145 5120 luxuria
1164 5073 1236 5118 sua.
1267 5056 1344 5118 Ideo
1373 5055 1461 5117 dicat
1485 5055 1598 5115 anima
1622 5053 1751 5114 tidelis:

101 5164 194 5222 ocris
208 5161 433 5237 pigmentarii
447 5157 553 5238 (Cant.
571 5173 621 5230 111,
635 5156 681 5237 6).
699 5159 896 5234 Pigmenta·
952 5161 1071 5219 Manus
1092 5171 1175 5218 meae
1189 5154 1436 5217 distillaverunt
1455 5151 1636 5229 myrrham,
1653 5150 1749 5224 idest,

104 5255 171 5318 rius
186 5259 236 5319 est
251 5257 416 5331 Christus,
431 5256 598 5334 pigmenta
614 5257 646 5318 et
658 5256 806 5317 aromata
822 5257 898 5318 sunt
952 5270 1053 5332 opera
1073 5269 1146 5314 mea
1161 5251 1429 5330 propagaverunt
1448 5250 1748 5312 mortificationem.

103 5353 257 5430 virtutes3
279 5355 414 5433 myrrha
436 5353 548 5415 carnis
575 5353 796 5423 mortificatio,
820 5354 896 5415 thus
952 5355 1063 5415 Thure
1086 5367 1166 5413 vero
1188 5349 1387 5425 exprimitur
1415 5348 1534 5420 oratio,
1561 5347 1752 5409 testimonio

105 5454 220 5514 mentis
246 5453 394 5524 devotio,
418 5451 593 5512 universus
615 5451 724 5528 pulvis
746 5451 898 5528 pigmen·
951 5451 1121 5529 prophetae
1137 5446 1300 5510 dicentis:
1331 5446 1519 5523 Dirigitur
1542 5445 1655 5507 oratio
1673 5461 1753 5508 noca

106 5549 179 5609 tarii
202 5552 361 5613 virtutum
381 5549 528 5611 omnium
543 5549 728 5610 multitudo.
751 5552 791 5611 m
812 5549 897 5611 sicut
927 5571 928 5574 ¹
951 5549 1040 5612 siout
1063 5553 1243 5610 incensori
1263 5543 1371 5624 (Cant.
1392 5561 1423 5616 v,
1443 5541 1489 5622 5).
1512 5543 1654 5605 Pulvere
1674 5543 1751 5620 pig·

108 5643 141 5705 in
164 5648 263 5721 vitiis,
287 5649 334 5711 ita
349 5648 384 5710 in
410 5647 586 5709 virtutibus
608 5646 786 5709 invenitur.
810 5650 896 5710 Aro-
951 5647 1053 5709 manti
1069 5660 1152 5724 pura
1165 5642 1348 5716 humilitas,
1360 5642 1397 5704 ut
1410 5641 1570 5719 puritatis
1584 5641 1753 5704 examina·
