4078 6442
56 311 128 376 529

107 470 152 534 In
167 465 361 550 episcopatu
372 469 580 534 Torcellano.

108 572 153 632 In
168 567 362 646 episcopatu
373 567 558 646 aquilensi.

108 669 153 728 In
166 665 361 744 episcopatu
372 663 579 744 caprulensi.

109 766 154 826 In
167 762 359 841 episcopatu
372 761 534 824 closensi.

110 863 154 924 In
166 859 359 938 episcopatu
372 859 523 924 Civitatis
534 860 649 923 Novae.

111 961 155 1020 In
167 957 454 1036 archiepiscopatu
469 957 638 1022 lerinensi.

111 1057 153 1118 In
169 1055 361 1136 episcopatu
376 1055 519 1132 Signosi.

110 1156 154 1216 In
168 1152 362 1232 episcopatu
372 1151 569 1216 Ausarsasi

110 1253 154 1312 In
168 1250 361 1328 episcopatu
371 1249 541 1327 veglensi.

111 1349 154 1410 ln
167 1347 361 1428 episcopatu
374 1346 528 1410 ariensi.

111 1449 154 1508 In
168 1446 362 1524 episcopatu
375 1445 539 1510 Nouensi.
603 1475 608 1484 ·

111 1546 153 1605 In
166 1543 455 1622 archiepiscopatu
470 1539 677 1625 Spalatrensi
695 1559 703 1602 z
721 1541 870 1606 Ecclesia

70 1640 193 1704 Sancti
205 1641 359 1718 Gregorii
371 1641 502 1706 Militiae
520 1641 658 1722 Templi,
675 1657 779 1704 unum
792 1657 869 1703 ma-

70 1738 278 1802 rabuiinum.

113 1839 154 1900 In
169 1836 361 1916 episcopatu
372 1835 601 1914 Traguriensi.

113 1935 154 1995 In
166 1933 360 2012 episcopatu
372 1934 609 1998 scardonensi.

112 2033 154 2092 In
167 2031 361 2112 episcopatu
375 2031 560 2095 Croatensi.

112 2130 152 2190 In
168 2127 361 2208 episcopatu
374 2129 593 2194 Kerhavensi.

332 2347 424 2410 ΕΒΑ
438 2345 606 2410 VONIA.

114 2522 153 2583 In
167 2521 455 2602 archiepiscopatu
469 2521 636 2604 Ragusiae.

113 2622 152 2681 ln
165 2619 358 2697 episcopatu
373 2619 563 2696 Siagnensi.

113 2720 153 2779 In
168 2717 361 2796 episcopatu
374 2715 587 2778 Bossencnsi.

114 2818 154 2877 In
169 2813 362 2891 episcopatu
375 2812 601 2876 Tribuniensi.

113 2915 153 2973 In
168 2911 362 2989 episcopatu
375 2910 597 2974 catarinensi.

112 3010 152 3070 In
165 3008 358 3086 episcopatu
367 3011 477 3070 Rosae.

112 3109 151 3167 In
168 3105 360 3184 episcopatu
372 3105 587 3168 Biduanensi.

112 3206 151 3266 ln
165 3202 358 3282 episcopatu
378 3203 605 3268 antivarensi.

113 3304 151 3363 In
164 3301 356 3380 episcopatu
369 3301 600 3364 Dulchinensi.

113 3401 151 3460 In
166 3398 358 3477 episcopatu
374 3399 585 3462 Suacincnsi.

111 3498 150 3558 In
165 3496 357 3574 episcopatu
370 3496 590 3558 Drivastensi.

112 3596 149 3654 In
163 3593 355 3670 episcopatu
371 3591 552 3655 Polatensi.

112 3693 150 3751 In
162 3689 355 3766 episcopatu
370 3687 597 3752 Scodrinensi.

112 3790 150 3850 In
162 3786 354 3866 episcopatu
366 3785 567 3852 arbanensi.

325 4003 366 4064 Η
371 4003 610 4064 UNGARIA.

112 4181 149 4241 In
170 4175 461 4256 archiepiscopatu
482 4176 706 4256 strigoniensi
722 4199 730 4240 ε
746 4177 869 4258 Hospi-

71 4277 138 4339 tale
161 4275 276 4338 Sancti
303 4276 475 4354 Stephani,
499 4292 601 4338 unam
631 4275 765 4338 unciam
779 4275 866 4350 auri,

74 4389 146 4452 quae
158 4373 282 4436 dicitur
295 4373 393 4436 chon.

112 4471 349 4534 Monasierium
374 4471 487 4534 Sancti
512 4471 695 4535 SalvatorIs
722 4470 764 4534 de
785 4474 869 4535 Sca·

73 4568 174 4641 lezad,
187 4571 208 4630 2
219 4569 422 4632 romanatos.

112 4669 149 4728 ln
162 4665 355 4744 episcopatu
368 4666 537 4744 Agriensi

112 4765 148 4824 ln
161 4764 354 4842 episcopatu
366 4764 542 4826 Nitriensi.

112 4864 148 4922 lu
163 4861 355 4940 episcopatu
368 4862 546 4926 Watiensi.

113 4961 149 5022 ln
164 4958 357 5037 episcopatu
369 4959 572 5024 lavariensi.

112 5057 147 5117 In
162 5056 356 5134 episcopatu
371 5055 754 5136 Quinque-ecclesiensi.

111 5154 147 5216 lu
182 5154 375 5232 episcopatu
410 5154 652 5234 vesprimiensi
681 5156 866 5218 :Ecclesia

75 5252 183 5314 Sancti
200 5251 361 5330 Stephani
376 5253 466 5329 regis
482 5255 570 5330 apud
589 5253 735 5316 castrum
756 5254 868 5316 Belle-

72 5349 286 5428 grade,uuam
297 5351 863 5430 marcamauri.QuaeestHospitale.

111 5446 293 5524 Simigense
314 5448 553 5510 monasterium
573 5449 670 5512 debet
687 5448 863 5523 fertonem,

72 5549 127 5608 aut
144 5544 225 5606 duas
247 5545 365 5608 uncias
388 5546 464 5610 auri
483 5546 518 5608 iu
545 5547 652 5625 Rigell
657 5589 799 5612 .....
822 5548 865 5610 ad

74 5643 197 5727 pondus
212 5645 405 5722 ilungariae.
750 5639 751 5642 ¹

717 309 842 374 LIBER
862 306 1075 372 CENSUUM.

1662 297 1722 378 530

965 469 1004 530 ln
1021 461 1312 544 archiopiscopatu
1326 459 1512 524 colocensi.

967 568 1004 628 lu
1019 563 1212 643 episcopatu
1225 559 1471 626 Ultrasilvanc:
1489 557 1586 622 Nova
1604 555 1723 620 domus

924 662 1206 726 Theutcnicorum
1226 659 1263 721 in
1277 661 1382 722 Borsa
1403 656 1491 718 ultra
1512 654 1642 718 montes
1663 653 1723 716 ci-

924 757 1026 832 vium,
1041 756 1139 820 debet
1159 769 1300 819 camerae
1316 768 1378 832 pro
1392 767 1497 814 censu
1512 765 1613 812 unam
1628 763 1723 810 mar-

925 871 998 919 cam
1012 855 1099 919 auri.
1117 855 1157 918 Et
1168 854 1259 926 uota,
1275 850 1362 930 quod
1378 849 1453 930 ipsa
1467 849 1584 912 domus
1603 847 1722 910 octavo

925 970 1014 1016 anno
1037 951 1249 1032 pontificatus
1274 947 1316 1032 (·)
1333 945 1460 1012 domini
1485 943 1627 1010 Honorii
1651 947 1720 1006 Pa-

925 1068 976 1135 pae
991 1053 1048 1126 ΙΙΙ,
1064 1051 1163 1130 coepit
1177 1048 1251 1116 fleri
1261 1046 1440 1112 censualis.

965 1151 1003 1212 In
1041 1148 1236 1230 episcopatu
1275 1143 1491 1222 zagabriensi
1525 1159 1534 1202 ι
1572 1139 1723 1204 Ecclesia

926 1249 1058 1312 Sanctae
1069 1247 1189 1313 Mariae
1205 1245 1247 1310 de
1267 1243 1391 1308 Calidis
1413 1241 1529 1324 Aquis,
1548 1255 1652 1304 unum
1669 1254 1722 1300 rc·

925 1348 1107 1410 mansium.

966 1448 1004 1508 ln
1019 1443 1213 1524 episcopatu
1226 1439 1450 1504 waradiensi.

965 1545 1004 1606 ln
1017 1541 1209 1622 episcopatu
1221 1536 1430 1602 cenadiensi.

1201 1753 1439 1820 PcLoMA.

964 1938 1002 1998 In
1017 1933 1307 2014 archiepiscopatu
1328 1928 1528 2001 Kerasous,
1551 1927 1605 1990 rel
1620 1931 1721 1990 Gncs·

923 2050 1033 2098 nens.

965 2135 1003 2195 lu
1025 2129 1219 2212 episcopatu
1233 2125 1501 2192 Uredicilateusi.

964 2231 1003 2292 ln
1017 2228 1211 2308 episcopatu
1223 2223 1412 2290 Lubicensi.

962 2329 1002 2389 in
1016 2325 1209 2405 episcopatu
1219 2320 1421 2403 Cujariensi.

964 2427 1002 2487 lu
1021 2423 1214 2502 episcopatu
1224 2421 1377 2484 Plozcnsi
1393 2441 1401 2481 ε
1417 2415 1635 2489 Waladislac,
1653 2414 1723 2476 dux

924 2521 1086 2595 Polcnioe,
1106 2520 1203 2584 debet
1224 2519 1366 2596 singulis
1388 2515 1562 2589 trienniis,
1578 2512 1722 2592 quatuor

923 2619 1029 2684 millia
1041 2633 1172 2682 marcas
1187 2617 1262 2682 auri
1272 2617 1314 2680 ad
1328 2615 1457 2696 penius
1472 2611 1632 2676 Polcniae.

963 2719 1001 2779 ln
1014 2715 1207 2794 episcopatu
1219 2713 1442 2776 cracoviensi.

963 2817 1001 2877 In
1013 2813 1205 2894 episcopatu
1220 2811 1451 2876 Posnanicnsi.

963 2914 1001 2974 ln
1015 2912 1208 2990 episcopatu
1219 2908 1451 2973 Masscriensi.

963 3011 1000 3073 ln
1019 3009 1213 3088 episcopatu
1236 3005 1499 3080 Pomeraniensi,
1515 3005 1587 3066 sive
1608 3002 1721 3066 Cami-

922 3106 1019 3169 nensi
1036 3128 1043 3168 :
1060 3108 1135 3184 Ipse
1149 3105 1337 3185 episcopus,
1352 3103 1515 3167 fertonem
1527 3101 1614 3166 auri.

1161 3321 1484 3384 ALEMANNJA.

962 3499 1000 3558 In
1019 3496 1310 3574 archiepiscopatu
1337 3494 1532 3572 Maguntino
1547 3514 1555 3555 r
1573 3491 1731 3570 Ecclesia,

924 3595 1056 3656 Sanctae
1069 3593 1185 3656 Mariae
1200 3593 1264 3656 sita
1276 3593 1313 3654 in
1327 3593 1411 3666 loco,
1428 3593 1485 3671 qui
1496 3590 1620 3654 dicitur
1634 3591 1725 3652 Pon-

920 3689 1052 3763 tanena,
1070 3706 1173 3752 unum
1184 3689 1442 3752 marabotinum.

833 3829 838 3836 ·
962 3787 1111 3852 Ecclesia
1127 3787 1241 3850 Sancti
1252 3787 1416 3852 iohannis
1430 3785 1589 3866 sapusiae
1601 3783 1637 3848 iu
1650 3782 1725 3846 Scl-

921 3885 988 3959 hct,
1002 3901 1105 3948 unum
1119 3884 1377 3948 marabutinum.

963 3983 1215 4058 Monasterium‚
1229 3982 1315 4062 quod
1330 3981 1453 4045 dicitur
1466 3981 1558 4046 Cella
1575 3978 1724 4044 Domina

923 4080 1087 4152 Paulinae,
1100 4097 1204 4142 unum
1215 4079 1473 4144 marabutinum.

962 4178 1202 4242 Monesiarium
1216 4177 1554 4248 Remsresbrunense,
1568 4176 1651 4240 duos
1665 4191 1724 4239 so·

922 4275 1007 4339 lidos
1020 4275 1291 4340 frichordienses.

961 4373 1110 4436 Ecclesia
1131 4374 1348 4452 Regularium
1370 4372 1407 4436 in
1428 4371 1592 4448 Flaheim,
1618 4387 1722 4435 unum

921 4471 1180 4535 marabotinum.

961 4570 1200 4634 Monasterium
1213 4565 1400 4644 cumberti,
1416 4585 1520 4632 unum
1540 4583 1724 4632 saracena-

921 4668 1003 4732 tum.
1749 4685 1751 4692 ¹

961 4766 1203 4830 Menestarium
1229 4764 1426 4829 Moniallum
1449 4764 1580 4826 Sanctae
1607 4763 1724 4826 Mariae

921 4863 958 4925 in
971 4865 1117 4938 Wetere,
1132 4879 1234 4924 unum
1249 4862 1412 4924 fertonem
1426 4861 1568 4938 argenti.

961 4961 1202 5025 Monasterium
1226 4959 1340 5022 Sancti
1366 4957 1484 5022 iacobi
1508 4956 1722 5021 lbermiensis

921 5057 957 5120 in
969 5058 1159 5132 Hericrdia,
1174 5073 1275 5118 unum
1290 5072 1442 5118 aureum.

962 5159 999 5219 ln
1013 5155 1208 5235 episcopatu
1225 5155 1386 5232 Pragensi
1407 5175 1415 5214 ε
1436 5153 1584 5216 Ecclesia
1610 5151 1724 5216 Sancti

921 5255 1012 5316 Petri
1026 5254 1062 5316 in
1076 5253 1268 5331 Wisgrade,
1286 5255 1325 5314 12
1339 5267 1469 5314 marcas
1481 5250 1622 5328 argenti.

961 5352 1135 5432 Hospitale
1170 5351 1284 5415 Sancti
1316 5349 1488 5413 Erancisci
1520 5347 1701 5428 Pragensis

921 5467 1024 5513 unum
1038 5450 1220 5514 bisantium
1235 5449 1421 5512 annuatim.

956 5654 992 5731 (⁰)
1009 5653 1244 5714 additamentum
1258 5651 1426 5722 recentioris
1438 5651 1594 5726 scriptoris.
