4078 6442
1667 283 1727 346 en
1833 241 1836 250 ’

76 286 135 348 613
738 282 791 344 DE
811 281 1008 344 ADVENTU
1032 281 1056 344 1.

116 439 266 504 Ecclesia
289 455 369 502 vero
397 440 474 504 licet
497 442 660 504 sustineat
680 458 872 519 pressuras,
929 443 969 504 nt
989 443 1116 521 quarol
1137 442 1219 514 Quia
1244 456 1310 502 non
1326 445 1449 502 'sumus
1472 439 1508 501 in
1529 441 1649 518 patria,
1663 441 1727 504 hoc

77 539 248 615 angustias
263 538 296 598 et
309 537 550 612 tribulationes,
566 541 639 617 ipsa
653 541 765 603 tamen
782 557 874 602 sem·
929 541 989 612 est,
1004 544 1087 602 darn
1103 530 1372 603 recordaremur
1389 539 1450 610 tui,
1464 541 1550 600 ¹Sion
1568 533 1726 602 caeiestts.

78 654 138 716 per
160 633 340 696 immobilis
364 638 565 714 perseverat.
597 636 690 699 Unde
715 639 875 700 Dominus
930 635 1044 717 (ibid.)

78 733 186 811 inquit
205 733 303 794 Petro
321 755 328 792 :
346 737 394 795 Ta
414 750 450 796 es
470 737 600 798 Petras
614 737 765 811 etsacpar
787 742 876 800 banc
971 735 1148 796 Sciendum
1169 736 1220 797 est
1238 734 1315 813 quia
1333 732 1440 796 tribus
1460 733 1500 796 de
1523 735 1632 796 causis
1648 750 1730 796 con-

75 835 215 908 petrana
246 833 417 904 anticato
448 836 637 896 Ecclesiam
672 850 807 906 meana,
842 836 875 897 et
929 833 1061 909 tingunt
1075 833 1187 894 omnia
1206 833 1302 908 signa
1317 853 1325 891 :
1341 831 1506 905 uidelicet,
1525 832 1567 892 ad
1583 847 1729 894 commo·
1792 873 1795 880 ·

73 930 187 1002 porta
208 929 428 1002 essertines
448 930 614 992 daemones
638 933 670 994 et
691 933 798 1008 iniqui
814 933 876 994 ho·
930 931 1089 992 nitionem
1110 930 1283 1002 bonorum,
1303 930 1345 991 ad
1367 931 1528 994 terrorem
1552 931 1726 1003 malorum,

78 1027 194 1097 mines,
229 1040 300 1087 non
328 1029 566 1100 praenesani
597 1032 766 1090 adversas
798 1045 875 1091 eam
930 1026 971 1088 ad
985 1028 1207 1089 ostensionem
1221 1028 1408 1089 divinorum
1420 1027 1635 1104 judiciorum.

77 1121 403 1203 (Mattlr.xv1,18);
430 1123 565 1186 lundata
594 1125 681 1186 enim
706 1127 876 1203 estsuper
969 1123 1731 1203 Adcommonitionembonorum,quiaquilibet

76 1220 204 1280 firmam
223 1220 364 1296 petram.
383 1223 461 1283 Haec
475 1222 527 1284 est
545 1223 634 1284 enirn
650 1225 803 1288 arcturus
818 1225 875 1301 qui
930 1222 1027 1284 electi
1042 1223 1191 1285 videntes
1211 1223 1307 1298 signa
1326 1223 1359 1283 et
1380 1222 1583 1311 malanhujus
1600 1223 1726 1295 mundi,

75 1317 219 1378 volvitur
240 1317 274 1379 et
291 1333 459 1396 nunquam
482 1320 660 1396 mergitum
677 1324 783 1398 Tyrus
803 1339 876 1399 quae
931 1320 1049 1382 debent
1062 1335 1273 1382 commonere
1289 1335 1324 1381 se
1339 1320 1429 1396 ipsos
1447 1320 1488 1384 ad
1506 1321 1729 1397 contemptum

76 1429 206 1490 semper
248 1415 397 1477 tunditur
428 1418 461 1478 et
492 1433 661 1496 nunquam
697 1417 873 1495 frangitur.
931 1419 1060 1492 saeculi,
1091 1419 1124 1480 et
1156 1433 1304 1480 amorem
1339 1419 1410 1480 Dei.
1448 1418 1551 1494 Signa
1587 1433 1730 1495 namque

75 1516 160 1574 Arca
192 1513 224 1574 N
227 1528 269 1574 οθ
297 1529 370 1590 quae
403 1514 533 1589 magnis
565 1515 697 1592 quidem
712 1529 713 1532 ’
727 1517 877 1578 elevatur
930 1516 1037 1578 ruinae
1050 1517 1083 1578 et
1096 1516 1203 1593 plagae
1220 1516 1321 1592 hujus
1338 1515 1452 1576 mundi
1467 1515 1563 1592 quasi
1579 1516 1731 1592 quaedam

76 1609 248 1681 fluctibus,
279 1610 336 1672 sed
371 1626 439 1671 θοθ
473 1611 676 1688 infringitur.
713 1614 875 1676 Navicula
930 1629 1028 1676 voces
1043 1613 1304 1674 commonitorias
1320 1613 1406 1684 sunt,
1422 1611 1617 1673 nevelimus
1632 1629 1732 1674 mun-

76 1708 166 1769 Petri
180 1723 258 1785 quae
275 1708 372 1770 undis
394 1709 551 1786 quatitur,
569 1710 625 1772 sed
641 1726 707 1772 non
722 1711 875 1772 infundi·
930 1711 1016 1774 dana
1032 1711 1173 1785 diligere
1188 1725 1261 1787 quae
1272 1709 1423 1771 uidemus
1437 1709 1525 1770 stare
1538 1726 1605 1771 non
1621 1726 1729 1787 posse.

75 1805 140 1866 tur.
152 1805 281 1866 Tunica
291 1806 422 1867 Domini
432 1807 653 1881 inconsutilis,
666 1825 739 1886 quae
754 1809 875 1870 sortem
931 1809 1025 1872 Unde
1032 1807 1211 1882 Gregorius
1225 1828 1232 1866 :
1244 1807 1391 1868 «Ruinae
1402 1807 1619 1870 mundivoces
1625 1809 1731 1884 ipsius

77 1901 208 1978 quidem
229 1902 267 1964 in
286 1919 322 1964 se
343 1903 474 1981 recipit,
488 1904 545 1966 sed
565 1921 734 1982 nunquam
749 1905 876 1968 scindi·
931 1906 1007 1968 sunt
1015 1905 1109 1983 ipsis,
1122 1920 1142 1966 a
1155 1903 1275 1981 quibus
1286 1905 1419 1966 amatur
1430 1904 1572 1964 mundus
1583 1921 1728 1966 amarus.

76 2001 140 2061 tur.
152 1999 211 2062 Vel
223 2016 401 2076 possumus
410 2001 458 2064 ita
468 2002 672 2080 distinguere
683 2003 718 2066 ut
728 2003 876 2066 Ecclesia
932 2005 969 2066 ut
982 2004 1065 2080 ipsae
1079 2003 1185 2064 ruinae
1206 2004 1278 2079 ejus
1297 2001 1448 2063 indicant
1460 2001 1548 2077 quod
1569 2002 1730 2063 amandus

77 2096 206 2159 dicatur
218 2097 360 2174 pulchra
373 2099 409 2160 ut
422 2099 513 2172 luna,
527 2101 687 2179 quantum
701 2101 742 2162 ad
755 2101 876 2164 statum
931 2101 1063 2162 nonest.
1077 2099 1196 2161 »Teste
1203 2099 1291 2159 enim
1299 2097 1395 2159 beato
1401 2099 1561 2173 Gregorio
1574 2121 1582 2158 :
1595 2115 1732 2176 sequen·

78 2196 287 2270 praesentem,
300 2195 356 2258 ubi
371 2197 495 2274 patitur
506 2213 690 2274 pressuras,
706 2199 877 2274 angustias
930 2198 1013 2261 tium
1052 2212 1163 2258 rernm
1201 2195 1363 2258 certitudo
1397 2195 1447 2257 est
1487 2197 1730 2272 praeteritarum

78 2291 110 2352 et
123 2293 273 2354 maculas
287 2295 447 2367 veniales,
465 2296 563 2374 atque
578 2295 777 2360 mutationes
791 2296 878 2356 mul·
932 2295 1092 2358 exhibitio
1110 2315 1117 2354 ε
1139 2297 1243 2354 Ροιιο
1267 2293 1445 2356 uerborum
1469 2292 1652 2355 coelestium
1674 2311 1733 2356 su-

77 2388 141 2465 tas,
168 2392 305 2468 propter
328 2392 415 2468 quod
437 2394 470 2454 et
489 2394 666 2470 Apostolus
685 2393 877 2455 exclamans
932 2409 992 2470 per
1021 2391 1219 2470 pestilentiis
1246 2391 1360 2451 mundi
1388 2390 1472 2451 nulli
1499 2391 1605 2468 magis
1632 2409 1731 2470 quam

79 2486 126 2549 ait
146 2509 154 2548 :
173 2492 304 2564 infelice
322 2504 384 2566 ego
406 2495 517 2562 bomo,
542 2494 619 2564 qais
641 2506 696 2554 nae
724 2492 878 2554 liberabit
932 2506 993 2552 nos
1009 2490 1111 2552 testes
1125 2505 1249 2561 sumus,
1266 2489 1302 2548 in
1325 2504 1407 2566 quos
1428 2488 1511 2550 fines
1531 2490 1731 2552 saeerflorum

80 2587 120 2645 ae
137 2601 283 2661 corpore
296 2588 422 2648 mortis
442 2585 823 2668 brans(Rom.V11,2A).
840 2589 879 2650 nt
933 2587 1153 2650 devenerunt.
1187 2587 1222 2649 Si
1254 2585 1345 2648 enim
1371 2586 1505 2647 ruinam
1534 2587 1585 2648 sui
1614 2587 1731 2650 domus

80 2683 249 2759 Propheta
267 2703 274 2742 :
289 2687 369 2744 Han
389 2687 474 2745 aiibi
496 2689 579 2757 qaia
600 2687 767 2748 inconstans
780 2701 879 2748 metas
933 2684 1088 2762 quassata
1103 2684 1296 2757 minaretur,
1318 2683 1469 2761 quisquis
1488 2684 1524 2744 in
1544 2684 1605 2746 illa
1629 2685 1729 2747 habi-

78 2782 304 2856 proiongatas
318 2781 371 2842 est
384 2797 406 2842 a
419 2797 494 2854 nae;
515 2783 667 2844 habitavi
684 2798 764 2845 cnm
779 2786 878 2846 nabi·-
932 2781 1177 2858 taret‚lugeret,
1188 2781 1220 2844 et
1239 2781 1295 2859 qui
1319 2781 1461 2843 stantem
1481 2781 1653 2854 dilexerat,
1676 2799 1733 2844 re-

81 2877 235 2938 tantibns
261 2881 373 2940 Cedat*
394 2877 531 2958 (Psalm.
565 2881 633 2952 119,
653 2879 698 2959 5),
720 2880 806 2943 idest
829 2883 880 2944 te-
933 2881 1050 2942 cedere
1086 2879 1276 2956 quantotius
1311 2894 1331 2938 a
1365 2878 1504 2940 cadente
1545 2878 1730 2942 festinaret.

81 2972 207 3048 nebris,
231 2974 289 3036 sed
313 2991 387 3036 cum
412 2976 525 3053 impiis
553 2977 651 3038 nimis
679 2977 742 3040 fuit
768 2978 879 3040 incola
934 2979 1192 3040 commonentur
1225 2976 1328 3052 igitur
1363 2975 1478 3047 electi,
1516 2977 1553 3038 ut
1583 2976 1733 3040 videntes
1827 3045 1828 3048 ,

81 3071 194 3133 anima
210 3087 295 3134 mea.
311 3072 351 3134 Et
364 3074 540 3150 Apostolus
555 3075 602 3136 ait
618 3097 625 3134 :
643 3077 761 3137 Omnis
774 3092 878 3138 crea-
934 3075 1028 3151 signa
1053 3075 1086 3136 et
1105 3075 1221 3136 ruinas
1250 3074 1349 3150 hujus
1376 3073 1490 3134 mundi
1519 3075 1732 3138 contemnant

81 3169 164 3230 tara
175 3172 370 3246 ingemiscit
385 3172 418 3234 et
429 3174 587 3246 parturit
601 3171 709 3251 (Rom.
724 3189 797 3246 vlu,
811 3173 876 3253 22),

82 3266 138 3327 sed
155 3267 247 3330 inter
260 3269 401 3344 gemitus
418 3269 529 3331 tamen
544 3269 669 3334 tructus
684 3271 779 3333 bonae
795 3288 878 3349 ope.-

81 3363 222 3426 rationis
237 3367 334 3442 parit.
353 3367 415 3429 Sed
432 3368 615 3430 consolatio
636 3369 724 3431 inter
740 3369 801 3430 hos
816 3387 878 3445 ge-

82 3461 192 3523 mitus.
230 3464 328 3525 Prius
364 3481 483 3526 causas
520 3466 662 3540 gemitus
694 3467 878 3538 uideamus

84 3556 202 3622 deinde
216 3561 257 3622 ad
271 3561 530 3623 consolationem
545 3561 730 3624 redeamus.

122 3659 271 3728 Quatuor
290 3659 379 3719 enirn
393 3659 470 3719 sunt
484 3675 594 3719 causae
616 3660 721 3721 nostri
743 3660 878 3721 doloris.

83 3753 216 3816 Flemus
256 3756 391 3833 propter
427 3756 581 3818 miserias
618 3757 718 3833 huJ'us
753 3757 878 3830 saeculi,

83 3854 219 3928 propter
232 3854 367 3930 peccata
383 3855 507 3925 nostra,
524 3855 658 3930 propter
672 3855 879 3931 compassio-

83 3963 159 4010 nem
183 3951 338 4029 proximi,
363 3952 498 4028 propter
520 3951 713 4014 dilationem
739 3952 878 4029 praemii.

84 4048 224 4125 Propter
237 4050 373 4126 peccata
390 4050 491 4113 flebat
504 4051 561 4127 qui
580 4050 710 4113 dicebat
724 4073 731 4111 :
745 4054 881 4114 Lavabo

79 4151 325 4222 persingulas
353 4149 470 4210 noctes
500 4148 624 4210 lectura
653 4165 779 4222 meam,
803 4152 878 4222 etc,

84 4239 154 4319 (Pe.
185 4246 220 4315 6,
253 4242 479 4322 7).1demde
507 4246 651 4307 miseriis
678 4247 781 4322 gemit
806 4264 881 4308 cum

82 4337 165 4402 dicit
190 4362 198 4400 ι
227 4345 308 4402 Heu
340 4345 426 4406 anibi
455 4346 536 4416 qaia
570 4346 737 4406 incolatus
765 4360 878 4417 mens,

86 4433 156 4513 (Ps.
184 4440 251 4511 119,
271 4437 316 4518 5).
341 4441 518 4516 Apostolus
544 4442 600 4518 qui
626 4443 777 4519 praecipit
800 4443 880 4506 fiere

83 4537 354 4610 comitantibus,
380 4537 525 4614 gaudere
549 4555 623 4600 curn
648 4540 878 4616 gaudentibus,

83 4646 141 4706 per
169 4636 433 4711 compassionem
467 4636 598 4699 dolebat
623 4637 736 4699 dicens
764 4660 772 4699 ι
799 4642 881 4706 onis

82 4731 286 4801 insternatur
305 4734 339 4796 et
358 4749 419 4810 epo
437 4748 506 4796 aton
525 4736 704 4809 infirmor,
726 4735 878 4816 (Gor.x1‚

84 4825 150 4905 29).
177 4831 336 4892 Dominus
365 4848 466 4908 super
497 4834 674 4906 Lazarum,
700 4835 734 4895 et
761 4837 881 4898 videas

84 4927 258 4990 civitatem
276 4930 371 5002 stavit
385 4944 491 5006 saper
505 4933 598 4993 marn
614 4929 707 5009 (Luc.
723 4947 793 5005 xrx,
812 4931 876 5012 41).

84 5021 130 5082 Ι)θ
153 5025 312 5087 dilatione
335 5025 464 5103 praemii
489 5027 571 5090 flent
595 5029 679 5105 justi
705 5029 877 5092 dicentes:

84 5121 195 5195 Super
219 5124 366 5196 nurnine
390 5129 603 5200 Babylonis„
629 5123 698 5206 (Ps.
730 5128 805 5200 136,
833 5127 877 5207 1).

85 5217 184 5287 Quasi
217 5221 367 5284 dicerent
395 5244 402 5282 :
432 5224 507 5284 Non
537 5221 718 5287 existentes
746 5226 781 5287 in
809 5225 878 5286 llu-

84 5315 244 5392 minibus,
269 5319 369 5392 idest,
396 5320 549 5383 influxu
577 5322 793 5396 contusionis,
821 5323 879 5387 sed

85 5425 200 5492 super;
219 5417 296 5494 quia
317 5417 427 5479 omnia
449 5419 614 5481 mundana
636 5422 876 5498 superavimus,

84 5507 154 5572 illic
183 5514 345 5587 sedimus,
365 5531 433 5578 non
463 5517 566 5578 erecti
590 5534 650 5595 per
677 5519 876 5596 superbiam,

87 5607 140 5668 sed
148 5613 298 5687 jacentes
307 5629 366 5690 per
375 5615 518 5676 ruinam.
527 5615 574 5676 nt
583 5617 752 5688 pientinus.
763 5616 878 5699 (ibid.)

933 3174 1102 3246 mundum,
1128 3173 1160 3234 et
1189 3171 1329 3247 diligant
1361 3187 1500 3247 regnum
1535 3172 1605 3234 Dei.
1639 3173 1733 3235 Unde

934 3271 1111 3334 Zacharias
1128 3291 1134 3330 :
1153 3273 1286 3341 OSion,
1302 3271 1383 3345 tage
1397 3283 1474 3343 qaae
1488 3271 1621 3332 liabitas
1641 3275 1734 3346 apud

933 3372 1042 3442 [itiam
1071 3369 1254 3440 Religionis
1282 3363 1395 3444 (Zach.
1425 3381 1462 3438 ιι,
1491 3364 1537 3445 7).
1575 3368 1655 3429 Sion
1683 3372 1735 3431 est

935 3465 1083 3538 Ecclesia
1104 3463 1159 3524 uel
1180 3462 1287 3524 tidelis
1308 3463 1441 3538 anima;
1468 3461 1617 3539 Babylon
1637 3481 1735 3525 mun-

937 3563 1008 3634 dus,
1036 3561 1114 3638 quia
1137 3558 1460 3636 Babylonconlusic
1485 3559 1731 3636 interpretatur,

935 3661 968 3721 et
995 3657 1136 3720 mundus
1166 3655 1323 3718 contusus
1356 3656 1406 3718 est
1438 3657 1668 3733 iniquitatibus
1702 3662 1734 3721 et

935 3755 1214 3819 tribulationibus,
1242 3753 1328 3814 Filia
1353 3753 1530 3830 Babylonis
1559 3757 1609 3817 est
1636 3756 1734 3818 turba

935 3851 1109 3918 malorum,
1132 3849 1276 3910 amatrix
1302 3848 1433 3922 mnndi;
1457 3850 1491 3910 et
1513 3849 1588 3910 ideo
1602 3849 1734 3920 dicitur

935 3950 1004 4012 filia
1021 3947 1209 4026 Babylonis.
1233 3949 1355 4008 Sensus
1374 3946 1452 4007 talis
1469 3947 1519 4008 est
1535 3969 1542 4006 :
1559 3949 1584 4008 O
1604 3948 1695 4019 Sion,
1712 3967 1731 4011 o

935 4047 1094 4115 Ecclesia,
1101 4045 1154 4107 vel
1166 4045 1272 4106 tidelis
1286 4043 1407 4117 anima,
1416 4061 1489 4122 quae
1502 4045 1632 4107 habitas
1647 4049 1734 4124 apud

935 4146 1039 4208 tiliam
1061 4142 1256 4220 Babylonis,
1286 4142 1382 4214 idest,
1419 4158 1494 4204 cum
1528 4145 1733 4206 amatoribus

936 4241 1157 4317 maurlinge
1181 4241 1222 4302 de
1245 4239 1424 4317 Babylone,
1446 4240 1524 4317 quia
1544 4241 1612 4304 ruit
1634 4260 1734 4304 mun-

936 4342 1007 4403 dus.
1469 4369 1473 4375 ·

973 4439 1023 4501 Ad
1046 4439 1207 4500 terrorem
1230 4437 1412 4498 malorum:
1434 4437 1470 4498 ut
1488 4436 1568 4498 mali
1582 4438 1732 4501 videntes

935 4538 1030 4614 signa
1054 4535 1192 4598 timeant
1215 4537 1318 4596 Deum
1344 4533 1479 4610 propter
1505 4535 1732 4600 imminentem

935 4634 1171 4696 adversitatem
1193 4648 1291 4708 quarn
1315 4631 1433 4692 nolunt
1450 4631 1567 4694 timere
1586 4633 1621 4694 in
1641 4636 1732 4711 pacis

933 4731 1186 4811 tranquillitate.
1209 4729 1302 4791 Unde
1326 4729 1536 4804 Gregorius:
1557 4747 1576 4790 ιι
1598 4734 1731 4808 Appro-

935 4831 1148 4910 pinquantem
1167 4827 1282 4889 mundi
1302 4825 1480 4888 terminum
1503 4827 1635 4903 quantae
1650 4844 1730 4906 per-

934 4930 1105 4993 cussiones
1119 4924 1336 5003 praeveniant,
1353 4923 1512 4984 Dominus
1532 4924 1729 5003 innotescit';

934 5027 1011 5090 utsi
1032 5029 1136 5088 Deum
1149 5023 1296 5084 metuere
1319 5021 1355 5082 in
1369 5021 1610 5098 tranquillitate
1633 5024 1733 5086 nolu-

934 5141 1018 5197 mus,
1036 5122 1182 5186 vicinum
1198 5121 1270 5198 ejus
1283 5117 1445 5196 judicium
1468 5119 1521 5180 vel
1542 5123 1732 5196 percussio-

934 5224 1031 5286 nibus
1060 5219 1165 5284 attriti
1192 5219 1378 5280 timeamus.
1406 5216 1542 5278 »Unde
1568 5218 1601 5278 et
1630 5221 1730 5296 paulo

934 5319 1086 5399 superius
1097 5321 1202 5380 Lucas
1213 5314 1423 5391 avangelista
1433 5313 1514 5376 dicit
1526 5336 1533 5374 :
1547 5318 1733 5384 Perrares-

933 5412 1593 5496 qnedccoeio,attempestates,etsiana
1603 5430 1731 5492 maaria

933 5516 1037 5580 erant
1062 5511 1156 5592 (Luc.
1182 5527 1254 5583 xxi,
1280 5508 1344 5589 11).
1370 5508 1731 5588 Praeceduntquaedam

934 5612 1146 5692 aegritudines
1162 5607 1286 5679 mundi,
1302 5607 1388 5670 sicut
1402 5607 1453 5670 est
1466 5607 1549 5669 illud
1564 5609 1730 5676 Ambrosii
