4076 6420
336 239 397 304 aaa
801 233 978 298 eononu
999 232 1045 294 111
1065 229 1519 296 oraha-smmum.
1944 245 2001 306 ηδ

335 402 369 464 et
389 398 602 462 humiliatum
619 398 687 458 Deo
706 392 842 458 habeas.
857 393 1046 462 Secundum
1060 392 1131 470 spi·
1184 389 1310 454 terra...
1335 394 1373 454 In
1396 395 1481 456 coelo
1504 393 1734 462 thesaurizant
1754 399 1813 478 qui
1837 401 1999 466 terrenas

336 498 489 563 ritualem
519 511 652 557 sensum
681 493 833 572 praecipit
860 493 960 570 caput
987 506 1127 568 ungere,
1184 487 1318 550 diuitias
1341 506 1401 567 pro
1423 507 1537 553 amore
1552 494 1612 554 bei
1627 496 1832 573 pauperibus
1850 499 1997 564 donant.

335 598 432 670 idest,
465 595 608 657 mentem
634 592 802 669 spirituali
828 591 1003 654 devotione
1030 603 1131 650 exer·
1185 587 1278 648 Unde
1313 588 1347 648 in
1378 589 1559 664 Evangelio
1589 613 1597 652 ε
1628 595 1867 660 thesaurizate
1901 604 1998 661 vohis

335 713 427 768 cere,
450 695 486 757 ut
511 691 778 768 uuandocorpus
804 687 965 766 affligitur
985 687 1127 766 jejunio,
1185 685 1365 746 thesauros
1393 690 1430 747 ia
1458 693 1540 750 coeio
1544 733 1604 750 .....
1633 687 1764 770 (Matth.
1794 711 1848 766 vi,
1868 695 1996 775 20).1n

335 793 471 872 spiritus
506 791 541 851 in
569 787 776 852 orationibus
802 787 835 850 et
860 785 1129 848 meditationibus
1184 781 1315 843 inferno
1334 783 1563 848 thesaurizant
1585 789 1642 866 qui
1666 792 1802 866 peccata
1822 809 1890 854 sua
1913 811 1996 871 quo-

335 891 553 954 seryiatDeo.
570 887 726 964 Praecipit
744 886 844 948 etiam
863 883 982 946 faciem
1002 884 1127 954 lavare,
1184 879 1264 942 tidie
1294 882 1517 959 multiplicant
1545 885 1578 947 et
1609 887 1860 964 impenitentes
1897 895 1994 953 exis-

334 991 430 1062 idest,
447 987 664 1049 intentionem
680 999 700 1045 a
715 999 802 1046 vana
816 983 923 1059 gloria
938 981 1126 1060 purificare,
1183 977 1267 1039 tunt.
1286 979 1379 1041 Unde
1392 982 1591 1058 Apostolus:
1607 987 1805 1050 Secundum
1816 991 1993 1052 duramus

334 1105 377 1150 na
397 1086 538 1148 inbono
559 1098 659 1161 opere
676 1083 762 1160 quod
788 1081 928 1142 iacimus
949 1079 1129 1140 humanam
1184 1077 1280 1138 tuam
1304 1079 1338 1138 et
1359 1081 1581 1152 impoenitens
1602 1097 1665 1144 cor
1685 1085 1913 1150 thesaurisas
1935 1090 1994 1150 tibi

333 1185 466 1248 laudem
490 1197 689 1261 quaeramus.
712 1181 795 1242 Vel:
816 1179 935 1240 faciem
951 1178 1065 1238 lauare
1079 1177 1130 1239 est
1184 1177 1221 1234 in
1244 1178 1299 1235 dic
1322 1178 1388 1236 ἱνα
1402 1173 1512 1254 (Rom.
1530 1194 1567 1250 11,
1583 1178 1630 1259 5).
1646 1184 1736 1243 Iram
1756 1183 1992 1248 thesaurizare

333 1283 535 1346 exteriorem
563 1279 850 1341 conversationem
877 1277 1065 1348 honestare,
1093 1275 1130 1336 ut
1184 1272 1234 1334 est
1254 1272 1502 1338 damnationem
1526 1293 1621 1338 suam
1641 1294 1701 1354 per
1721 1281 1827 1343 multa
1850 1285 1991 1360 peccata

334 1382 418 1443 nihil
434 1378 594 1458 appareat
607 1378 643 1438 in
658 1376 753 1440 nobis
769 1375 854 1454 quod
870 1375 976 1452 possit
998 1373 1130 1435 intuen-
1183 1370 1368 1447 acquirere.
1384 1373 1455 1434 Hoc
1474 1374 1539 1436 erit
1554 1375 1590 1436 in
1605 1375 1660 1438 die
1681 1377 1751 1451 irae,
1771 1379 1870 1452 idest,
1886 1381 1926 1442 in
1941 1382 1991 1442 dic

332 1483 383 1542 tes
408 1478 587 1549 offendere,
607 1475 664 1538 sed
681 1473 792 1536 omnia
806 1473 846 1535 ad
872 1471 1128 1534 edificationem
1180 1467 1310 1544 ludicii.

333 1576 552 1654 disponantur
566 1573 716 1635 honeste.
737 1571 916 1634 lhautem
935 1585 1015 1632 cum
1033 1572 1130 1643 jeiu-
1223 1567 1308 1627 Ecce
1329 1581 1421 1643 ergo,
1443 1569 1575 1643 fratres,
1600 1571 1819 1636 exhibeamus
1845 1579 1994 1640 nosmet.

333 1689 409 1747 ms,
425 1687 516 1749 unqe
519 1713 578 1732 ,,,,,
1184 1661 1274 1739 ipsos
1290 1665 1378 1726 sicut
1390 1667 1449 1729 Dei
1464 1668 1634 1730 ministros
1646 1671 1681 1730 in
1695 1671 1799 1734 multa
1809 1675 1990 1751 patientia,

372 1771 534 1833 Dominus
557 1767 709 1846 praecipit
731 1764 838 1844 Moysi
862 1765 898 1826 ut
918 1763 1044 1826 laceret
1065 1779 1130 1824 un·
1182 1760 1219 1820 in
1230 1763 1369 1843 jejuniis
1384 1764 1511 1834 multis,
1526 1771 1560 1828 at
1574 1769 1742 1846 praecipue
1762 1770 1799 1832 in
1820 1770 1890 1834 isto
1907 1789 1991 1850 qua·

330 1869 492 1947 guentam
525 1865 613 1928 uude
641 1864 781 1941 ungeret
813 1861 1064 1924 tabernaculum
1096 1863 1129 1924 et
1182 1857 1398 1935 dragesimali
1417 1863 1547 1940 jeiunio
1577 1863 1612 1926 in
1638 1865 1825 1929 subsidium
1852 1885 1991 1933 correc-

332 1967 444 2032 omuia
465 1979 546 2028 vasa
570 1979 677 2026 sacra.
703 1965 741 2023 lu
767 1961 935 2038 unguento
966 1958 1129 2023 debebant
1183 1955 1283 2018 tionis
1294 1959 1538 2036 etpoenitentiae
1551 1963 1685 2036 nostrae,
1700 1965 1778 2042 quia
1793 1967 1874 2028 tunc
1891 1970 1990 2031 nobis

331 2080 407 2128 esse
422 2064 565 2142 quatuor
578 2059 706 2140 species
724 2059 909 2121 aromatum
925 2057 1037 2120 mixtae
1053 2075 1127 2120 cum
1183 2055 1367 2132 proderunt
1394 2061 1547 2135 suscepte
1569 2063 1713 2140 jejunia,
1748 2062 1777 2124 si
1810 2080 1885 2127 suae
1922 2069 1989 2130 sint

330 2165 417 2236 oleo,
432 2159 598 2232 videlicet,
615 2157 762 2236 myrrha,
778 2173 1022 2234 cynamomum,
1042 2157 1128 2218 cala-
1183 2152 1305 2230 placita
1341 2156 1516 2218 voluntati.
1556 2159 1657 2232 Quia,
1694 2160 1782 2223 sicut
1819 2165 1989 2226 exaltavit

331 2277 405 2323 mus
430 2261 463 2321 et
484 2259 604 2320 cassia.
621 2256 757 2334 Myrrha
772 2255 940 2332 significat
954 2255 1129 2318 abstinen-
1183 2252 1314 2329 Moyses
1336 2255 1523 2331 serpentem
1546 2255 1583 2316 in
1609 2257 1740 2320 deserto
1765 2260 1801 2321 in
1827 2260 1937 2338 liguo,
1954 2265 1988 2324 ut

328 2359 422 2431 tiam,
440 2357 528 2436 quia,
545 2356 632 2418 sicut
643 2354 778 2432 myrrha
794 2353 972 2415 mortificat
983 2369 1125 2426 vermes,
1182 2349 1341 2413 liberarat
1370 2351 1527 2429 populum
1558 2369 1667 2428 suum,
1694 2357 1792 2432 idest,
1822 2362 1986 2436 populum

330 2451 1127 2533 etservatcorporaaputredine,itaabstinentia
1180 2448 1371 2510 iudaeorum
1399 2451 1606 2512 amorsibus
1635 2456 1826 2532 serpentum
1854 2457 1984 2534 ignito-

328 2553 507 2618 mortificat
529 2551 678 2630 corporis
703 2550 953 2627 voluptates,et
980 2551 1126 2612 servata
1181 2561 1266 2619 rum,
1302 2547 1349 2608 ita
1383 2548 1456 2626 ipse
1489 2549 1640 2611 Christus
1675 2553 1837 2616 Dominus
1869 2559 1987 2618 noster

222 2639 224 2646 ’
328 2653 445 2714 loetore
470 2651 624 2712 luxurie.
639 2651 900 2727 cynnamomum
925 2647 1024 2709 habet
1045 2663 1127 2708 acu·
1180 2644 1307 2706 exaltat
1328 2661 1390 2707 nos
1411 2646 1446 2707 in
1461 2647 1524 2708 hoc
1539 2649 1821 2726 quadragesimali
1837 2654 1984 2730 iejunio,

327 2767 404 2812 men
427 2749 567 2812 mixtum
588 2763 662 2810 cum
686 2745 871 2818 dulcedine,
897 2745 930 2806 et
960 2745 1126 2821 significat
1181 2742 1214 2804 et
1227 2743 1314 2806 sicut
1334 2743 1489 2808 liberavit
1502 2747 1660 2824 populum
1684 2765 1704 2810 a
1725 2749 1896 2812 morsibus
1911 2769 1986 2814 ser-

327 2847 549 2908 humilitatem
588 2845 715 2918 cordis,
752 2859 826 2921 quae
868 2843 964 2904 debet
1002 2843 1125 2906 habere
1180 2841 1456 2920 pentum,itaper
1470 2859 1565 2906 suam
1579 2847 1846 2912 misericordiam
1861 2851 1984 2914 liberet

328 2945 586 3015 acumen,idest,
594 2943 846 3004 delectationem
858 2943 892 3002 et
903 2939 1122 3013 dulcedinem,
1179 2955 1240 2999 nos
1266 2955 1286 3002 a
1308 2943 1413 3003 morte
1432 2943 1592 3019 perpetua
1611 2944 1644 3006 et
1667 2961 1687 3006 a
1705 2945 1984 3010 tribulationibus

327 3041 414 3102 idest
432 3039 730 3101 mansuetudinem.
756 3039 910 3100 Calamus
934 3037 1034 3100 habet
1053 3039 1125 3100 vir-
1179 3036 1279 3115 huJus
1296 3039 1421 3112 mundi,
1439 3040 1523 3102 utin
1543 3041 1597 3102 die
1619 3043 1787 3116 Paschali,
1802 3044 1903 3119 idest,
1918 3050 1985 3108 llo-

325 3139 430 3201 tutem
461 3135 668 3199 confortandi
701 3137 870 3208 naturam,
899 3137 932 3198 et
959 3136 1125 3212 siguificat
1179 3134 1309 3197 minicae
1343 3137 1608 3200 Resurrectionis
1635 3156 1710 3202 cum
1736 3142 1877 3205 Domino
1909 3144 1985 3220 glo-

327 3251 418 3314 spem
438 3237 572 3298 aeternae
598 3233 838 3303 retributionis,
859 3249 932 3312 quaa
961 3234 1125 3297 coufortat
1177 3232 1315 3294 riemur.

326 3335 472 3397 animam
500 3331 658 3395 inbonis
688 3332 855 3410 operibus.
883 3333 997 3394 Cassia
1024 3333 1124 3396 habet
1217 3331 1390 3407 Legimus,
1417 3333 1503 3410 quod
1530 3333 1667 3397 luerunt
1689 3337 1832 3414 quatuor
1854 3355 1983 3415 genera

324 3433 482 3496 virtutem
512 3431 728 3494 consumendi
756 3431 862 3493 malos
888 3431 1060 3505 humoreS,
1090 3435 1124 3494 et
1177 3431 1367 3506 serpentum
1391 3431 1426 3491 in
1447 3431 1569 3508 populo
1587 3433 1790 3508 iudeorum,
1816 3453 1877 3512 per
1905 3456 1982 3516 quae

325 3531 491 3609 significat
501 3530 697 3592 charitatem
708 3545 782 3607 quae
795 3530 960 3592 consumit
974 3531 1120 3607 peccata.
1177 3526 1451 3602 significabantur
1470 3531 1612 3606 quatuor
1637 3547 1760 3607 genera
1788 3533 1981 3599 daemonio-

324 3629 440 3690 Oleum
455 3627 622 3705 significat
635 3627 786 3690 laetitiam
806 3628 1024 3705 spiritualem.
1048 3631 1120 3690 Un-
1176 3639 1261 3686 rum.
1287 3626 1399 3686 Primo
1420 3627 1527 3702 igniti,
1542 3629 1576 3692 et
1589 3643 1719 3690 morsus
1738 3630 1879 3694 istorum
1907 3652 1981 3697 ser-

323 3727 482 3804 guantum
503 3743 583 3803 ergo
604 3727 655 3788 ast
678 3727 872 3803 compositio
888 3726 1121 3803 praedictarum
1176 3723 1311 3798 pentum
1336 3725 1410 3785 erat
1436 3724 1523 3786 sicut
1550 3726 1654 3802 iguis,
1685 3728 1717 3789 et
1747 3729 1981 3794 moriebantur

322 3825 495 3888 virtutum.
529 3827 600 3886 Hoc
632 3824 801 3900 unguento
837 3821 994 3886 debemus
1023 3824 1122 3902 caput
1176 3819 1338 3893 homines,
1355 3822 1494 3884 sednon
1510 3823 1588 3886 cito.
1607 3825 1759 3888 Secundo
1782 3829 1881 3890 eraut
1906 3847 1982 3892 ser-

323 3937 459 3998 ungere,
473 3921 569 3994 idest,
581 3921 723 3982 mentem
735 3919 881 3981 nostram
895 3917 1118 3996 conformar03
1175 3919 1430 3996 peutesquinou
1441 3921 1637 3985 mordebant
1646 3923 1679 3986 at
1689 3925 1978 3998 nonvidebautur,

323 4019 410 4098 quod
438 4019 537 4094 digne
566 4017 737 4090 faciemus,
764 4018 792 4078 si
816 4033 950 4079 carnem
972 4019 1120 4080 nostram
1175 4015 1232 4076 sed
1253 4031 1273 4077 a
1297 4016 1395 4094 longe
1418 4018 1593 4082 mittebant
1616 4020 1749 4083 sibilum
1772 4024 1805 4086 at
1824 4023 1898 4086 fere
1916 4027 1980 4088 ho-

322 4133 383 4195 per
397 4115 631 4177 abstinentiam
646 4115 828 4186 domamus,
846 4115 874 4174 si
890 4116 1016 4176 mentes
1037 4131 1119 4176 nos·-
1174 4114 1281 4176 mines
1313 4115 1484 4189 ardebant,
1512 4118 1609 4194 quasi
1644 4119 1732 4196 ignis
1765 4120 1910 4185 intraret
1941 4126 1978 4186 in

321 4213 814 4283 trascoramlleohumiliamus,
827 4213 855 4271 si
870 4227 961 4288 spem
973 4215 1119 4276 nostram
1174 4212 1307 4274 ventres
1347 4229 1478 4286 corum,
1518 4214 1552 4276 et
1587 4216 1826 4280 moriebantur.
1861 4223 1977 4285 Tertio

322 4312 363 4374 ad
389 4313 493 4372 Deum
521 4311 681 4382 levamus,
710 4311 739 4370 si
774 4309 936 4372 charitate
971 4310 1119 4374 fervente
1174 4310 1271 4371 erant
1297 4311 1489 4388 scorpiones
1523 4311 1579 4390 qui
1614 4313 1655 4376 de
1687 4330 1745 4376 ore
1780 4333 1849 4378 uon
1883 4335 1978 4382 mor-

320 4409 497 4472 Dominum
511 4423 672 4478 amamus,
685 4407 714 4468 si
727 4407 874 4469 debonis
885 4409 1040 4486 operibus
1051 4427 1118 4472 non
1174 4405 1306 4477 debant,
1323 4407 1380 4468 sed
1406 4409 1447 4470 de
1469 4410 1590 4482 cauda,
1612 4411 1646 4473 et
1664 4412 1712 4474 sic
1742 4415 1976 4480 moriebantur

320 4508 488 4570 terrenam
512 4506 664 4584 gloriam,
681 4507 739 4568 sed
760 4507 906 4568 divinam
925 4510 1115 4586 quaerimus.
1173 4507 1296 4577 Quarto
1328 4507 1401 4568 erat
1435 4507 1610 4584 dipsades,
1637 4523 1744 4584 genus
1777 4517 1975 4590 serpentum

320 4607 453 4669 Faciem
481 4606 595 4668 lavare
628 4607 678 4666 est
707 4605 906 4668 exteriorem
936 4623 1117 4670 conversa·
1172 4603 1229 4682 qui
1255 4606 1332 4665 sunt
1356 4603 1390 4665 iu
1413 4605 1560 4681 pulvere,
1577 4606 1624 4668 ita
1643 4609 1738 4684 parvi
1754 4611 1840 4686 quod
1855 4613 1974 4676 nullus

318 4705 443 4768 tionem
480 4704 663 4781 mundare;
702 4705 787 4782 quod
827 4705 926 4782 digne
963 4705 1114 4780 facimus,
1171 4703 1279 4780 potest
1295 4718 1331 4764 se
1346 4702 1729 4766 custodireamorsihus
1749 4708 1897 4782 illorum,
1914 4714 1975 4774 sed

318 4805 450 4883 quando
483 4803 795 4881 irreprehensibiles
821 4819 882 4864 nos
906 4803 1114 4866 exhibemus.
1171 4801 1245 4877 post
1257 4801 1489 4863 morditionem
1502 4801 1614 4864 nullus
1625 4805 1733 4881 potest
1742 4807 1860 4868 satiari
1870 4825 1973 4886 aqua,

358 4901 534 4980 Sequitur:
550 4901 664 4964 Nolite
680 4903 918 4964 thesaurizare
939 4905 1033 4964 vohis
1049 4903 1116 4964 the·
1170 4899 1248 4976 quia
1263 4899 1355 4962 tanta
1370 4901 1421 4961 est
1435 4899 1519 4974 sitis,
1534 4901 1620 4978 quod
1638 4903 1704 4966 tota
1719 4919 1806 4982 aqua
1820 4905 1974 4969 fluminis

316 5015 441 5064 sosares
464 5003 501 5061 in
523 5001 620 5061 terra
635 4998 767 5078 (Matth.
789 5015 833 5070 vr,
852 4997 915 5078 19).
937 5001 1017 5061 Tres
1039 5001 1116 5062 sunt
1169 4997 1221 5058 vel
1244 4998 1346 5058 maris
1368 4997 1493 5059 satiare
1511 5013 1578 5060 uon
1598 5001 1723 5077 possit;
1745 5004 1779 5064 et
1800 5003 1889 5066 sicut
1904 5006 1974 5083 hy-

317 5099 446 5176 species
485 5097 657 5159 hominum
697 5096 1007 5158 thesaurizantium.
1047 5097 1114 5160 Alii
1169 5095 1296 5172 dropici
1311 5111 1377 5156 non
1392 5096 1532 5172 possunt
1554 5097 1671 5159 satiari
1693 5115 1791 5176 aqua,
1808 5101 1908 5165 sicet
1923 5105 1974 5166 illi

315 5195 542 5258 thesaurizant
565 5195 600 5255 in
621 5195 722 5267 tarra,
740 5195 799 5254 alii
818 5195 853 5256 iu
876 5196 980 5270 coelo;
997 5196 1056 5257 alii
1078 5196 1113 5257 in
1169 5194 1225 5271 qui
1240 5193 1342 5254 morsi
1358 5194 1467 5254 sunta
1482 5194 1692 5271 serpentibus
1705 5197 1784 5259 illis.

315 5293 456 5357 inferno.
476 5295 618 5355 interra
638 5293 866 5354 thesaurizant
885 5294 941 5370 qui
961 5294 1003 5355 ad
1021 5311 1114 5372 quae-
1208 5292 1275 5354 Ista
1286 5293 1428 5369 quatuor
1436 5307 1560 5368 genera
1571 5296 1762 5370 serpentum
1777 5295 1976 5372 significant

313 5394 418 5454 randa
441 5392 527 5453 bona
551 5391 685 5453 terrena
710 5390 920 5452 laborantia
944 5393 1113 5469 tempora·-
1168 5391 1309 5467 quatuor
1325 5405 1449 5465 genera
1469 5390 1721 5454 daemoniorum.
1741 5395 1893 5458 Primum
1914 5415 1977 5474 ge-

315 5490 413 5561 libus,
437 5491 555 5570 quibus
577 5491 658 5552 dicit
672 5491 831 5552 Dominus
851 5491 885 5552 in
905 5493 1110 5568 Evangelio:
1166 5503 1230 5548 nus
1240 5487 1432 5564 suntigniti,
1443 5489 1476 5550 et
1487 5501 1618 5551 morsus
1630 5490 1765 5554 illorum
1776 5499 1972 5572 serpentum

315 5589 425 5654 Nolite
465 5590 693 5652 thesaurizare
728 5589 821 5653 vobis
861 5590 1037 5654 thesauros
1076 5591 1110 5653 in
1167 5587 1217 5649 est
1242 5585 1342 5663 ignis.
1369 5587 1417 5649 lta
1441 5587 1584 5664 primum
1604 5603 1709 5664 genus
1724 5590 1971 5658 demoniorum
