4076 6420
51 279 130 357 657
750 277 804 342 DE
824 276 1023 344 ADVDNTU
1047 277 1086 342 V.
1679 283 1739 348 658

54 439 226 506 diderit.
243 442 597 526 Reminlscerepotius,
614 442 647 506 et
660 439 792 508 attende
805 439 891 517 quod
945 437 1086 500 formata
1113 437 1164 500 est
1187 438 1266 500 Ilva.
1293 440 1340 500 De
1365 434 1471 502 latere
1495 439 1631 504 secundi
1658 441 1738 506 lde

55 538 147 616 ipse
166 542 334 604 Christus
349 543 478 606 dicebat
491 542 655 620 Apostolis
672 561 680 601 :
698 539 843 614 Palpate
857 537 891 598 et
945 536 1116 597 morientis
1142 533 1283 597 formata
1312 536 1364 599 est
1394 535 1552 599 Ecclesia.
1577 538 1682 600 Adam
1705 540 1739 601 et

54 639 214 710 videte,
227 637 891 714 6611111111166111116116616116
943 636 1011 694 Eva
1025 631 1159 693 fuerunt
1173 632 1237 693 duo
1260 632 1295 692 ih
1317 647 1417 694 carne
1432 649 1520 710 una3
1537 633 1686 697 Christus
1705 636 1738 698 61

57 733 137 800 bet,
152 728 887 813 6161116166116111111111616(1116.1111139).
943 729 1091 790 Ecclesia
1119 729 1252 791 luerunt
1272 729 1336 791 duo
1358 729 1394 790 iu
1420 746 1557 808 corpore
1583 747 1661 794 uno.
1683 733 1738 794 llli

108 829 190 890 Sed
216 831 298 892 vida
317 847 359 892 ne
381 832 495 894 credas
511 832 597 910 quod
612 832 710 892 homo
724 829 831 890 factus
847 827 891 888 sit
944 826 1008 890 duo
1022 826 1057 888 in
1072 843 1138 887 una
1152 827 1286 902 natura;
1301 827 1357 889 isti
1373 828 1436 889 duo
1451 828 1486 888 in
1500 845 1566 890 una
1581 845 1736 906 persona.

56 927 180 998 Deus,
202 927 395 989 sicutDous
414 929 520 991 sactus
541 930 592 990 est
611 927 720 1000 homo,
736 926 814 1003 quia
833 924 888 985 di·
943 926 1028 986 Nam
1047 924 1173 1002 primus
1196 923 1300 986 hdam
1325 924 1389 987 luit
1410 925 1516 989 tactus
1542 926 1582 987 de
1604 928 1736 1004 virgine

54 1023 210 1084 vinitas
235 1025 415 1102 assumpsit
428 1025 677 1097 humanitatem,
699 1023 757 1084 sed
770 1023 890 1082 huma·
942 1022 1058 1098 terra3
1096 1022 1260 1085 secundus
1294 1022 1399 1084 Adam
1441 1022 1503 1085 tuit
1541 1024 1647 1086 lactus
1693 1026 1734 1088 de

56 1119 165 1182 nitas
214 1137 288 1183 non
324 1123 503 1200 assumpsit
539 1122 756 1185 divinitatem.
789 1119 889 1182 Venit
941 1119 1071 1195 virgine
1109 1118 1244 1181 semina.
1280 1119 1411 1180 Primus
1447 1120 1552 1182 Adam
1587 1121 1655 1201 luit,¹
1681 1124 1735 1186 vir

55 1219 175 1279 Jesus
193 1219 239 1278 in
251 1219 342 1280 hunc
359 1221 528 1294 mundum,
545 1221 582 1281 ut
594 1218 772 1282 redimeret
791 1233 889 1278 mun·
941 1216 977 1277 in
1005 1217 1078 1294 ipsa
1110 1216 1297 1292 creation03
1330 1217 1495 1280 secundus
1529 1219 1634 1280 Adam
1672 1219 1735 1282 tuit

58 1313 165 1376 dum.
183 1316 301 1378 Valde
315 1332 394 1392 ergo
408 1317 638 1379 desiderabilis
657 1317 729 1379 erat
742 1315 887 1392 antiquis
940 1314 995 1376 vir
1020 1314 1056 1375 in
1081 1315 1154 1391 ipsa
1182 1315 1405 1390 conceptione.
1437 1315 1559 1376 Mulier
1590 1317 1735 1378 circum-

57 1411 241 1487 patribus
270 1414 341 1490 ipse
369 1413 531 1477 adventus
555 1414 690 1476 Christi.
715 1416 785 1475 Hoc
808 1427 887 1488 ergo
942 1411 1033 1474 dabit
1067 1412 1176 1474 virum
1210 1412 1336 1488 gremio
1380 1412 1467 1474 uteri
1504 1413 1566 1474 sui.
1602 1415 1666 1476 Sed
1701 1415 1734 1477 et

58 1507 293 1570 desiderium
317 1511 506 1572 sanctorum
530 1511 666 1573 Patrum
694 1507 887 1571 hisdiebus
941 1509 1105 1573 institutio
1149 1524 1217 1569 non
1264 1510 1437 1586 repugnat.
1478 1511 1563 1572 Nam
1605 1512 1731 1588 primus

59 1606 311 1682 repraesentat
338 1608 500 1681 Ecclesia,
528 1606 561 1670 et
589 1608 733 1669 maxime
761 1605 887 1667 influe
940 1605 1038 1667 homo
1073 1605 1113 1666 de
1144 1605 1234 1667 terra
1260 1605 1413 1666 terrenus
1448 1621 1655 1683 nequaquam
1690 1608 1731 1670 de

62 1703 255 1764 adventus
273 1719 333 1780 per
346 1706 470 1782 septem
492 1705 701 1783 antiphonas,
718 1720 791 1781 quae
806 1719 887 1764 can·
939 1704 1012 1764 viro
1034 1703 1067 1764 61
1088 1702 1212 1764 femina
1232 1700 1392 1763 formatus
1407 1703 1468 1776 est,
1491 1703 1549 1765 sed
1570 1703 1610 1764 de
1628 1704 1729 1766 terra.

61 1799 196 1862 tantur
212 1817 299 1864 voce
313 1801 381 1864 alta
395 1803 437 1864 ad
451 1804 703 1881 exprimendum
720 1802 885 1864 intensum
940 1800 1102 1872 Quoniam
1127 1799 1283 1860 formavit
1308 1801 1467 1861 Dominus
1502 1799 1669 1864 hominem
1689 1803 1731 1864 de

62 1895 309 1974 desiderium,
323 1899 409 1976 quod
433 1899 597 1962 habebant
611 1901 721 1978 patres
744 1899 882 1978 antiqui,
939 1897 1018 1958 limo
1049 1897 1148 1960 terrae
1177 1895 1210 1958 et
1240 1895 1417 1972 inspiravit
1443 1898 1479 1958 111
1513 1896 1632 1960 faciem
1658 1901 1731 1976 ejus

62 1994 237 2069 petentes
251 1996 374 2072 aperiri
384 1997 509 2073 septem
519 1997 690 2072 signacula
702 2012 776 2074 quae
787 2012 884 2058 nemo
939 1995 1141 2072 spiraculum
1168 1994 1256 2056 vitae.
1292 1994 1478 2068 Secundus,
1514 1994 1617 2068 idest,
1660 1999 1729 2058 Eva

63 2092 217 2167 aperire
247 2092 372 2169 potuit,
400 2094 465 2155 nisi
497 2096 564 2156 Leo
596 2094 637 2156 de
665 2094 754 2156 tribu
784 2094 881 2157 Juda.
938 2092 978 2154 de
1003 2092 1076 2154 viro
1102 2091 1174 2152 sine
1206 2088 1340 2162 semina,
1368 2091 1499 2167 quando
1532 2092 1609 2154 tulit
1640 2093 1728 2154 Deus

63 2189 196 2250 Prima
226 2188 279 2251 est
303 2189 430 2253 scilicet
459 2213 466 2254 ι
494 2193 519 2254 0
543 2193 884 2266 sapientiaquem
938 2204 1037 2250 unam
1067 2189 1108 2249 de
1138 2187 1238 2248 costis
1262 2186 1348 2260 viri,
1374 2188 1407 2249 61
1434 2188 1610 2250 aedificavit
1634 2189 1727 2252 illam

64 2300 135 2348 ore
157 2288 338 2350 Altisstmi
347 2289 507 2363 paeana.
528 2289 676 2350 Pertinet
689 2289 731 2350 ad
745 2289 881 2350 missio·
936 2287 971 2346 in
1005 2284 1189 2347 mulierem.
1224 2284 1292 2346 Alii
1326 2285 1436 2346 autem
1470 2285 1654 2348 nascuntur
1686 2285 1726 2348 de

64 2397 152 2443 nem
168 2383 257 2444 Filii
269 2385 404 2461 propter
417 2386 609 2463 mysterium
627 2386 879 2460 lucarnatiouis,
935 2383 1008 2446 viro
1021 2381 1120 2444 simul
1141 2382 1174 2444 et
1187 2381 1321 2455 lomina,
1336 2383 1467 2458 quando
1480 2383 1517 2444 in
1535 2383 1726 2460 iniquitati-

64 2479 104 2542 et
122 2479 170 2540 ad
189 2480 301 2556 ipsius
317 2482 535 2544 nativitatem.
558 2482 709 2544 Secunda
725 2483 852 2547 scilicet
871 2505 879 2544 =
934 2479 995 2540 bus
1008 2478 1202 2556 concipitur,
1215 2480 1248 2542 61
1255 2479 1292 2540 in
1304 2479 1434 2542 delictis
1447 2479 1585 2558 quilibet
1599 2481 1728 2559 paritur

66 2577 94 2638 0
112 2579 263 2639 naoaat
280 2577 315 2639 et
327 2581 401 2640 aaa
414 2582 535 2642 domas
549 2583 671 2652 lsrael,
685 2580 827 2656 pertinet
838 2580 879 2642 ad
935 2592 955 2638 a
973 2576 1163 2638 matresua.
1186 2579 1272 2653 Ergo
1296 2577 1332 2639 ut
1351 2578 1459 2639 omnis
1477 2579 1618 2640 variatio
1638 2579 1728 2640 circa

65 2671 286 2749 baptismum
311 2673 347 2734 in
370 2690 435 2751 quo
460 2690 520 2751 per
538 2691 641 2752 aquas
667 2677 768 2736 maris
787 2676 880 2738 rubri
934 2673 1164 2735 formationem
1192 2674 1362 2735 hominum
1396 2674 1589 2752 impleatur,
1615 2675 1729 2737 nasci·
1830 2701 1834 2709 ¹

64 2769 259 2831 educimur
275 2768 315 2830 de
331 2786 465 2833 carcere
479 2771 663 2833 Pharaonis
677 2772 712 2833 in
727 2773 879 2835 columna
933 2771 1029 2832 turus
1050 2769 1100 2832 est
1120 2770 1240 2848 aliquis
1260 2771 1300 2834 de
1327 2771 1450 2856 femina
1463 2773 1535 2834 sine
1556 2772 1641 2834 viro.
1657 2774 1728 2835 Neo

66 2867 167 2942 ignis
192 2865 379 2928 divinitatis
396 2868 429 2931 61
441 2867 538 2929 nubis
556 2868 782 2931 humanitatis.
798 2873 880 2932 Ter-
933 2883 1051 2929 cursus
1066 2868 1166 2930 etiam
1186 2884 1298 2930 rerum
1313 2868 1376 2930 hoc
1389 2869 1559 2932 removeat
1572 2870 1725 2944 usitatus,

64 2961 294 3041 tiassscilicet:
315 2965 564 3027 araamaesre
578 2981 654 3040 qaoe
670 2967 880 3047 1161111111-
933 2965 1010 3042 quia
1035 2965 1215 3026 secundum
1239 2966 1386 3027 Danielis
1410 2967 1636 3028 testimonium
1654 2968 1726 3046 ipse

68 3075 161 3121 aum
188 3065 417 3134 populorum,
444 3061 586 3137 pertinet
618 3062 660 3124 ad
688 3078 818 3125 crucem
846 3064 879 3126 61
932 3061 1036 3124 mutat
1057 3062 1206 3139 tempora
1230 3062 1263 3124 et
1285 3063 1415 3139 aetates3
1440 3079 1544 3140 regna
1568 3064 1727 3127 transfert

68 3155 272 3231 passionem
283 3159 365 3234 ejus,
376 3158 877 3238 quandopositussuittanquam
931 3158 1030 3236 atque
1050 3159 1232 3232 constituit,
1249 3159 1282 3222 et
1295 3160 1392 3237 plene
1406 3162 1507 3224 etiam
1525 3163 1623 3237 nosti,
1647 3164 1726 3240 quia

70 3251 269 3328 signumad
289 3254 452 3330 sagittam,
467 3255 740 3319 inruinametin
758 3273 876 3320 resur·
930 3272 997 3317 non
1031 3257 1081 3318 est
1115 3257 1171 3334 qui
1207 3257 1295 3320 dicat
1326 3258 1359 3320 61
1395 3269 1418 3320 1·
1438 3275 1503 3322 car
1534 3261 1584 3322 ita
1615 3263 1725 3334 facts?

68 3348 263 3411 rectionem
279 3351 469 3424 multorum,
482 3352 562 3414 61111
576 3353 706 3428 signum
726 3355 779 3416 cui
796 3371 878 3418 con·
931 3352 1017 3431 (Job.
1033 3369 1080 3426 rx,
1098 3356 1160 3436 12).

69 3446 742 3519 116ᾱὶ161111.011111111ε6111661ε0616611
751 3455 874 3524 Dauid,
970 3449 1211 3526 Undelegimus
1221 3450 1256 3511 in
1267 3451 1458 3528 Evangelio,
1472 3454 1558 3530 quod
1569 3454 1725 3518 intrans-

70 3543 106 3604 et
130 3543 314 3618 sceptrum
341 3547 461 3605 domas
486 3548 608 3617 Israel,
632 3549 713 3607 acac·
737 3548 771 3608 et
793 3551 876 3608 educ
929 3543 1127 3618 figuratione
1156 3547 1278 3610 Christi
1303 3549 1507 3625 resplenduit
1526 3549 1629 3612 facies
1650 3555 1723 3628 ejus

70 3640 234 3702 vinctum
243 3643 284 3702 de
298 3643 397 3702 domo
410 3644 571 3713 cercerv's,
587 3643 730 3717 pertinet
743 3644 784 3703 ad
799 3643 876 3704 des-
929 3640 1014 3702 sicut
1028 3641 1089 3714 sol,
1103 3643 1136 3703 et
1155 3642 1259 3703 nubes
1274 3643 1384 3705 lucida
1399 3645 1606 3708 obumbravit
1617 3649 1724 3726 Apos-

71 3751 216 3798 censum
237 3739 310 3814 ejus
331 3737 366 3797 in
385 3737 562 3799 infernum.
579 3739 699 3810 Quinta
722 3740 872 3802 scilicet:
928 3736 1024 3798 tolos.
1051 3740 1089 3798 ln
1119 3755 1182 3816 quo
1215 3739 1432 3815 figurabatur,
1462 3745 1548 3822 quod
1579 3745 1631 3807 illi
1665 3746 1723 3822 qui

72 3835 415 3908 00116111,11116111161
427 3836 658 3898 lamsoeteraoe
670 3837 704 3898 et
714 3841 875 3911 161111611-
927 3831 1200 3910 glorificabuntur
1220 3836 1255 3897 in
1276 3839 1386 3900 monte
1412 3841 1559 3914 excelso,
1573 3843 1669 3915 idest,
1686 3843 1722 3906 in

71 3930 148 4004 1116,
180 3931 326 4006 pertinet
357 3930 398 3992 ed
430 3932 706 3996 resurrectionem
740 3935 776 3997 in
808 3929 873 4014 qua
927 3932 1021 4004 coelo,
1035 3932 1204 3995 habebunt
1222 3933 1434 4010 refrigerium
1455 3953 1475 3998 a
1497 3938 1722 4002 tribulationi-

71 4026 236 4100 splendor
250 4027 334 4088 lucis
349 4029 483 4091 aeternae
500 4029 653 4092 cordibus
669 4031 872 4096 credentium
926 4027 987 4090 bus
1011 4029 1111 4108 hujus
1130 4031 1259 4103 mundi,
1282 4033 1315 4092 et
1337 4032 1550 4109 perfruentur
1569 4037 1721 4100 claritate

69 4121 198 4182 illuxit.
225 4124 325 4186 Sexta
348 4125 476 4187 scilicet
498 4146 506 4185 1
532 4128 641 4188 Oreo
662 4130 819 4204 ecetram
838 4133 873 4194 et
927 4126 1038 4189 divina
1059 4128 1095 4188 in
1116 4127 1268 4190 omnibus
1294 4127 1400 4204 honio,
1428 4133 1515 4195 sicut
1542 4134 1720 4212 Apostolus

69 4220 434 4293 desideratasaaram,
446 4225 597 4296 lapisque
609 4229 872 4301 aupamrtspaae
926 4224 1007 4285 dicit
1030 4246 1038 4286 ι
1059 4227 1275 4288 salvatorem
1296 4231 1519 4302 aspectamus
1534 4235 1721 4297 Dominam

69 4317 160 4388 sacis
172 4315 321 4388 atraque
344 4331 462 4394 auara,
477 4320 620 4394 pertinet
639 4321 680 4382 ad
702 4324 872 4386 ascensio-
923 4325 1045 4382 lesam
1074 4324 1260 4397 Christum,
1286 4330 1346 4400 qra'
1365 4330 1570 4402 reformabit
1594 4346 1719 4406 corpas

71 4425 148 4470 nem
161 4425 333 4487 perquam
348 4413 499 4477 Christus
522 4417 696 4495 utrumque
710 4420 870 4496 parietem
924 4420 1127 4481 hamilitatis
1152 4422 1282 4485 nostrae
1306 4426 1559 4500 configuratam
1581 4433 1719 4504 corpori

67 4508 183 4584 junxit
204 4508 240 4568 in
264 4524 301 4570 se
325 4508 469 4587 lapidem
495 4513 699 4590 angularem.
723 4518 869 4594 Septima
923 4516 1720 4601 611111611111116(Ρ11111ρ.111,21).(1611111166

72 4605 224 4667 scilicet:
240 4608 496 4682 OEmmaaaet,
518 4626 586 4672 rea
600 4613 633 4674 61
652 4617 869 4689 1611161161-
922 4613 1010 4676 1111111
1031 4613 1153 4676 dicitur
1173 4631 1246 4678 esse
1267 4617 1404 4691 humile,
1421 4620 1499 4696 quia
1523 4623 1647 4698 patitur
1666 4623 1719 4688 ia-

73 4701 137 4774 ter,
167 4702 311 4777 pertinet
331 4704 373 4765 ad
396 4721 604 4779 conoessum,
628 4709 671 4769 ad
698 4709 868 4774 dexteram
923 4725 1019 4782 mem,
1032 4711 1132 4784 sitim,
1145 4712 1321 4794 nuditates,
1334 4716 1543 4780 infirmitates
1555 4721 1587 4780 et
1596 4719 1717 4781 multas

73 4796 129 4858 ubi
141 4800 259 4874 regnat
273 4817 347 4862 cum
358 4803 457 4864 Patre
467 4803 502 4864 in
513 4805 636 4866 aeterna
651 4805 866 4872 beatitudine.
923 4808 1149 4871 necessitates.
1167 4810 1230 4871 Sed
1243 4813 1394 4876 Christus
1407 4815 1626 4892 configurabit
1641 4833 1717 4878 cor·

14 4941 17 4946 .
73 4895 131 4954 Hae
144 4897 223 4958 sunt
234 4898 357 4974 septem
371 4901 534 4976 corrigiae,
548 4900 665 4978 quibus
676 4905 867 4980 colligatum
921 4920 982 4981 pus
1017 4906 1166 4968 nostrum
1195 4911 1326 4985 corpori
1352 4911 1514 4974 claritatis
1526 4929 1619 4990 sua,
1636 4914 1715 4991 quia

74 4993 144 5052 erat
165 4992 422 5056 calceamentum
446 4997 569 5059 divinae
593 5001 758 5075 potentiae,
780 5006 866 5081 quod
920 5001 1020 5064 faciet
1043 5003 1125 5065 illud
1151 5003 1347 5080 immortale,
1369 5009 1583 5086 impassibile,
1602 5012 1716 5088 splen-

76 5087 218 5151 Joannes
233 5107 268 5151 se
282 5091 454 5167 indignum
480 5095 608 5157 solvere
624 5097 789 5173 professus
804 5106 863 5164 est.
920 5100 1032 5160 didum
1053 5101 1086 5162 61
1110 5101 1301 5176 gloriosum.
1326 5107 1419 5168 Unde
1443 5109 1602 5169 Dominus
1635 5109 1716 5173 dicit

77 5183 232 5247 Dominus
255 5189 366 5249 autem
390 5190 450 5250 has
476 5193 636 5269 corrigias
662 5196 770 5268 solvit,
793 5199 865 5261 haec
919 5198 953 5257 in
968 5198 1147 5274 Evangelio
1165 5219 1171 5258 :
1188 5205 1377 5276 111166111ιηί
1389 5206 1481 5276 jasa
1499 5208 1588 5267 616111
1610 5213 1659 5268 sol
1677 5211 1714 5268 111

77 5286 196 5360 septem
222 5286 393 5360 signacula
426 5289 573 5364 aperuit,
598 5291 675 5352 dum
707 5295 863 5370 praedicta
917 5309 1025 5370 ragno
1043 5297 1165 5357 notras
1183 5311 1304 5360 eoram
1320 5298 1450 5379 (Matth.
1466 5317 1541 5375 xm,
1554 5302 1619 5382 43),
1634 5305 1713 5380 quia

76 5383 276 5443 sacramenta
303 5382 339 5444 in
363 5399 399 5444 se
422 5385 584 5462 completa
609 5390 762 5453 ostendit.
917 5391 1009 5452 tanta
1033 5391 1097 5453 erit
1118 5393 1253 5456 claritas
1268 5398 1434 5472 justorum
1449 5401 1523 5476 post
1536 5415 1711 5462 resurrec-

112 5480 238 5540 Novum
262 5480 315 5541 vel
342 5480 461 5542 mirum
486 5482 565 5546 fecit
585 5487 743 5549 Dominus
763 5505 863 5567 super
916 5488 1050 5560 11616111,
1067 5492 1189 5565 quanta
1210 5491 1273 5555 luit
1295 5494 1493 5570 glorificatio
1515 5497 1550 5558 in
1570 5498 1710 5562 transu-

76 5573 203 5646 tarram
215 5577 291 5655 quia
302 5578 342 5640 do
352 5576 456 5641 latere
468 5580 565 5658 primi
577 5582 656 5645 Adae
669 5584 861 5651 dormientis
915 5585 1098 5662 guratione.
