4076 6420
323 257 386 320 ιιι
787 255 965 320 uououn
987 255 1032 318 111
1053 222 1203 318 orum.
1220 283 1258 298 -
1274 254 1509 320 snuuouns.
1926 259 1996 320 ιιι

323 417 461 490 mutus,
473 414 551 493 qula
566 411 725 476 animalia
739 413 891 491 illa,quee
906 430 1004 476 senas
1015 413 1121 477 habe-
1176 415 1403 494 poenitentiam
1427 412 1661 490 compungitur
1681 413 1849 491 peccator.
1879 416 1996 477 Gom-

324 512 405 575 bant
418 512 610 588 alas,plena
635 511 731 573 erant
753 511 861 574 oculis
880 512 959 574 ante
972 513 1118 574 etretro.
1175 512 1277 590 pungi
1296 513 1384 574 enim
1401 527 1468 573 non
1483 511 1779 589 potest'manente
1796 512 1833 573 in
1859 513 1992 575 eodem

323 610 410 672 Nam
422 609 530 672 omnis
545 608 734 686 corruptela
758 609 795 671 iu
809 609 932 687 populo
945 608 1119 688 principa·
1175 610 1358 682 daemonio,
1389 609 1477 671 idest
1503 608 1675 670 voluntate
1709 611 1899 686 peccandi,
1931 611 1990 672 sel

323 705 1119 784 literproceditasacerdotibus‚quiasisacerdos
1175 709 1277 769 Deum
1303 705 1546 768 contemnendi.
1576 705 1623 768 nt
1647 707 1829 768 mirantur
1851 708 1990 780 turum,

323 805 380 882 qui
401 805 451 868 est
464 806 581 867 unctus
600 803 799 883 peccaverit,
821 802 902 866 iacit
922 803 1119 882 delinquere
1174 804 1377 882 quiatldeles
1389 802 1586 880 gaudontde
1600 804 1811 880 peccatorum
1827 820 1990 865 conver-

323 903 492 980 populum.
513 901 687 964 Peccatum
712 901 894 964 sacerdotis
912 902 970 964 aut
985 902 1116 979 praelati
1174 903 1279 971 sione,
1291 901 1379 963 unde
1394 901 1429 962 iu
1444 898 1643 975 livangelio:
1660 904 1832 962 Gaudium
1845 903 1904 963 est
1915 907 1993 964 An·

324 997 382 1062 alii
408 999 614 1071 damnosum,
629 997 686 1059 sed
701 997 765 1060 sibi
778 998 1004 1076 periculosum
1022 999 1119 1060 exis-
1172 1001 1445 1075 pctuomopcr
1460 1012 1530 1059 uuo
1536 997 1720 1070 peccatore
1728 999 1990 1070 poenuenuam

322 1097 374 1159 ιιι.
391 1097 496 1169 Ce1te,
520 1096 598 1157 dum
618 1095 698 1158 laici
720 1095 835 1158 uident
856 1095 1119 1158 sacerdotesseu
1173 1096 1309 1170 opcutc,
1321 1111 1426 1170 quom
1435 1109 1545 1170 super
1554 1096 1746 1170 uostoptuto
1759 1109 1887 1157 uoocm
1896 1101 1989 1168 jus·

218 1219 221 1276 j
323 1194 478 1273 praelatos
493 1193 636 1271 turpiter
658 1194 692 1255 et
712 1191 895 1256 enormiter
905 1193 1116 1266 excedentes,
1174 1194 1231 1265 tis,
1243 1189 1542 1268 qutuootodtpcut
1550 1191 1755 1266 poeuiteutto
1765 1189 1850 1270 (Luc
1858 1209 1922 1264 xv,
1935 1193 1987 1273 7).

322 1292 387 1371 ipsi
408 1307 524 1353 eorum
545 1291 697 1369 exemplo
721 1290 763 1352 ad
779 1291 973 1369 iniquitates
991 1291 1026 1353 et
1045 1306 1120 1353 sce-
1174 1290 1312 1362 Quidam
1327 1285 1438 1351 autem
1452 1304 1496 1350 ex
1507 1286 1559 1348 ιιι
1572 1287 1752 1351 dixerunt:
1775 1292 1820 1351 lu
1832 1293 1988 1352 Beelze-

322 1389 393 1451 lera
413 1387 643 1466 prolabuntur.
659 1390 806 1466 cumque
827 1388 1119 1466 reprehenduntur
1173 1391 1235 1449 buo
1243 1389 1405 1462 principe
1417 1388 1669 1447 doeutootorum
1691 1377 1784 1458 uteo
1800 1389 1986 1450 doemoizic

322 1485 511 1564 abaliquo,
533 1487 684 1565 protinus
702 1486 920 1547 excusantes
943 1485 1116 1548 dicentes:
1173 1482 1257 1564 (Luc
1283 1501 1332 1558 ιι,
1360 1481 1424 1564 15).
1445 1481 1628 1545 Beelzebub
1653 1483 1898 1562 interpretatur
1928 1487 1986 1546 uir

321 1585 397 1646 Non
417 1583 526 1660 potest
543 1583 634 1644 illius
653 1581 772 1645 iacere
787 1583 854 1644 nisi
881 1583 967 1660 quod
989 1583 1117 1661 patrem
1171 1581 1298 1644 habens
1312 1597 1455 1653 muscas,
1470 1595 1536 1658 quo
1549 1580 1685 1642 nomine
1699 1582 1792 1642 recte
1806 1581 1981 1658 designa-

320 1679 643 1744 uideritlacientem.
659 1679 833 1742 Etsultlcit
847 1680 1009 1758 discipulo
1023 1680 1060 1743 ut
1074 1680 1118 1742 sit
1170 1681 1227 1742 tur
1253 1679 1406 1757 princeps
1438 1677 1699 1751 daemoniomm,
1728 1679 1807 1756 quia
1837 1695 1983 1741 muscas

322 1777 412 1840 sicut
446 1777 608 1854 magister
634 1779 718 1854 ejus
745 1777 919 1854 impletum
955 1777 1007 1840 est
1032 1776 1116 1838 illud
1171 1776 1338 1856 subjectas
1360 1774 1474 1849 habet,
1502 1774 1602 1848 idest,
1634 1774 1877 1838 doemoniorum
1901 1779 1982 1839 tur-

322 1875 553 1954 propheticum
566 1874 665 1936 :Erit
678 1874 768 1936 sicut
776 1880 933 1951 populus,
946 1877 1117 1936 mosucer·
1170 1890 1254 1935 mas.

320 1977 381 2036 dos
412 1971 472 2053 (is.
506 1985 601 2046 mv,
628 1969 674 2051 2).
709 1971 795 2045 Quin
821 1971 911 2034 imos
944 1975 1116 2035 limitescc
1209 1972 1287 2034 Tria
1314 1971 1391 2034 sunt
1416 1985 1605 2032 muscarum
1626 1985 1762 2048 genera,
1791 1987 1868 2048 quae
1901 1989 1982 2034 mo-

318 2059 437 2144 Stdou,
452 2071 504 2132 ott
514 2085 614 2132 marc
627 2066 684 2148 (Is.
701 2083 800 2141 xmn,
812 2067 858 2148 4).
1169 2068 1294 2132 tientes
1319 2069 1542 2131 exterminant
1565 2068 1764 2131 suavitatem
1784 2070 1976 2145 unguenti,

359 2167 445 2230 Hinc
470 2165 582 2229 omnia
605 2166 693 2228 mala
717 2157 916 2243 proveniunt
934 2165 970 2228 ln
992 2165 1115 2244 populo
1169 2167 1297 2229 scilicet
1319 2167 1463 2240 vanitas,
1483 2165 1671 2239 curiositas,
1700 2166 1867 2244 voluptas
1891 2170 1978 2239 Quae

319 2252 517 2328 christiano.
533 2265 626 2326 Perit
642 2263 736 2334 tides,
760 2263 880 2340 religio
897 2263 1112 2337 deformatur,
1169 2264 1247 2342 quia
1267 2263 1301 2326 iu
1316 2265 1473 2342 mgypu,
1496 2265 1530 2325 et
1548 2263 1638 2325 circa
1656 2263 1894 2342 AEtgyptiorum
1913 2281 1976 2326 sa-

319 2359 456 2426 libertas
484 2361 708 2436 contunditur,
728 2361 861 2440 justitia
887 2363 1111 2435 conculcatur,
1168 2362 1295 2424 critloia
1337 2361 1568 2434 abundabant,
1602 2377 1670 2422 non
1710 2376 1890 2438 possumus
1936 2362 1971 2422 in

317 2457 467 2524 haeretici
482 2459 657 2538 pullulant,
673 2459 879 2521 insolescunt
896 2459 1112 2534 schismatici,
1167 2459 1312 2537 AEgypto
1328 2459 1518 2521 sacrificare
1537 2457 1739 2520 sacrificium
1753 2459 1896 2536 Justitiae
1914 2463 1985 2522 Uo.

249 2553 252 2558 ’
317 2557 436 2640 perfidi
448 2557 600 2630 saeviunt,
612 2554 1007 2634 etpraevalenthgareni.
1021 2559 1114 2619 Tem·
1168 2557 1259 2618 mino
1280 2559 1347 2618 lieo
1365 2557 1490 2630 nostro,
1513 2557 1547 2618 et
1568 2555 1644 2617 ideo
1667 2555 1918 2634 proficiscimur
1937 2558 1972 2618 iu

316 2672 379 2734 pus
394 2657 445 2718 est
457 2655 557 2728 enim,
577 2655 663 2716 siout
678 2653 797 2717 beatus
809 2653 990 2731 Apostolus
1004 2655 1062 2728 ιιι,
1076 2655 1114 2718 ιιι
1167 2654 1345 2727 desertum,
1370 2653 1468 2727 idest,
1490 2653 1526 2714 in
1549 2653 1761 2715 solitudinem
1781 2655 1896 2716 cordis
1916 2655 1970 2716 via

313 2752 477 2832 judicium
492 2751 661 2830 incipiata
677 2751 774 2814 domo
788 2751 868 2813 Uei:
883 2753 908 2814 0
924 2755 992 2814 rut
1002 2754 1114 2814 bouet·
1167 2753 1268 2814 trium
1291 2751 1433 2813 dierum.
1450 2753 1497 2815 De
1519 2751 1628 2828 prima
1651 2750 1705 2812 die
1719 2750 1800 2814 dicit
1824 2768 1970 2830 sponsus

315 2850 678 2926 summonitores,
685 2851 944 2926 tuotgdosumu
951 2853 1114 2925 poputum
1167 2865 1313 2928 sponsae:
1333 2851 1416 2912 cht
1431 2851 1468 2910 tu
1481 2850 1621 2912 bortum
1632 2865 1761 2918 mecon,
1775 2864 1882 2911 soror
1890 2865 1969 2912 mcc

224 2965 225 2968 ¹
317 2947 426 3010 mum.
439 2949 561 3024 vigila,
573 2947 651 3025 quia
665 2945 701 3007 in
715 2946 831 3022 vigilia
845 2947 1008 3008 matutina
1021 2944 1114 3008 venit
1166 2961 1291 3023 spoltsu
1299 2945 1405 3028 (Cant.
1413 2945 1500 3026 v,1),
1508 2945 1604 3015 idest,
1614 2947 1649 3007 in
1655 2946 1859 3024 plantarium
1869 2947 1970 3010 bona·

315 3043 476 3106 Dominus
486 3043 528 3105 ad
538 3041 729 3121 discipulos.
740 3041 862 3117 Vigila,
874 3041 952 3119 quie
962 3043 1112 3120 pastores
1165 3043 1631 3108 rumvirtntum.1)iesecunda
1640 3043 1733 3106 audit
1747 3043 1914 3122 sponsaet
1923 3045 1968 3106 di·

315 3141 412 3203 erant
429 3140 464 3201 tn
485 3140 622 3216 regione
643 3138 704 3201 illa
732 3138 955 3201 custodientes
978 3138 1112 3218 vigilias
1166 3141 1227 3204 cit:
1240 3142 1443 3204 introducit
1456 3143 1775 3204 mercctnoeuom
1788 3145 1966 3205 υιηανιαιιι

315 3238 533 3316 noctissuper
544 3251 679 3315 gregem
690 3251 797 3298 suum.
808 3234 930 3313 Vigila,
943 3235 1112 3314 quiavigi·
1166 3237 1273 3319 (Cant
1287 3255 1325 3312 ιι,
1341 3237 1388 3320 4),
1404 3238 1500 3312 idest,
1520 3238 1609 3301 inter
1621 3237 1760 3301 delicias
1776 3240 1965 3318 scriptura-

314 3335 429 3398 labant
442 3334 610 3409 mulieres,
634 3335 765 3413 quando
782 3334 937 3398 viderunt
955 3334 1111 3411 angelum
1165 3351 1250 3398 rum.
1266 3335 1377 3398 Tertia
1398 3335 1469 3397 dies
1480 3336 1530 3398 est
1545 3335 1723 3409 thalamus,
1744 3335 1842 3411 idest,
1859 3339 1967 3415 pleni-

315 3433 355 3496 ad
371 3433 595 3512 sepulchrum.
615 3432 736 3510 Vigila,
747 3432 826 3510 quia
840 3433 869 3494 sl
883 3433 985 3496 sciret
998 3435 1111 3512 pater-
1165 3432 1245 3497 tudo
1270 3433 1406 3507 amoris,
1433 3433 1470 3495 in
1490 3449 1555 3510 quo
1575 3447 1612 3494 se
1635 3433 1781 3496 invicem
1807 3432 1965 3498 huuntur

313 3529 459 3594 familias
483 3548 549 3609 qua
563 3529 646 3593 hora
661 3529 886 3593 {inventurus
899 3531 998 3604 esset,
1023 3531 1112 3608 vigi·
1164 3547 1305 3610 sponsus
1320 3531 1354 3594 et
1367 3545 1501 3609 sponsa.
1522 3531 1563 3593 ut
1586 3531 1666 3594 nota
1689 3531 1807 3593 contra
1825 3533 1960 3594 uanita-

313 3629 399 3692 laret
417 3630 540 3708 utique,
557 3629 591 3690 et
609 3644 675 3690 non
688 3627 814 3691 sineret
829 3629 957 3706 periodi
977 3629 1110 3692 domum
1163 3629 1229 3692 tem
1254 3629 1414 3694 virtutum
1437 3627 1651 3701 soliditatem,
1673 3629 1788 3690 contra
1815 3630 1961 3691 curiosi-⁶

311 3724 1054 3807 suam.litlsaias:Gtumouccesscs(1s.nv1n,
1062 3725 1107 3807 1).
1163 3727 1264 3790 tatem
1284 3727 1527 3805 scripturarum
1546 3725 1676 3787 sariam
1698 3723 1960 3797 delectationem,

312 3825 396 3898 Quia
412 3824 570 3902 prelatus
586 3821 815 3886 debethabere
829 3821 954 3884 bonum
964 3824 1109 3886 testimo·
1163 3826 1279 3889 contra
1314 3824 1518 3902 uoluptatem
1548 3822 1669 3885 summi
1701 3821 1794 3885 illius
1824 3823 1960 3886 thalami

310 3923 403 3984 nium
415 3921 459 3984 ab
474 3920 516 3984 iis
527 3920 672 3999 quisunt
683 3921 785 3994 intus,
801 3919 834 3982 et
848 3919 889 3982 ab
906 3919 948 3982 iis
961 3920 1017 3998 qui
1033 3921 1110 3983 sunt
1163 3937 1321 3986 amorem.
1350 3924 1524 3984 Daemones
1548 3919 1770 3998 designantur
1786 3937 1849 3999 per
1866 3939 1958 3984 mus·
2021 3959 2022 3989 t

309 4017 404 4082 toris.
423 4017 508 4092 Quia
529 4017 615 4079 sicut
630 4016 711 4078 dicit
725 4014 964 4092 Evangelium:
986 4019 1110 4078 Stctu-
1162 4035 1231 4094 cas,
1246 4020 1326 4099 quia
1345 4019 1431 4082 sicut
1449 4033 1573 4080 muscae
1589 4018 1666 4080 suut
1687 4018 1898 4095 importune,
1914 4019 1958 4080 ita

308 4116 385 4179 ceot
396 4121 459 4178 tuo
468 4115 588 4177 oestro
598 4128 718 4175 corum
729 4113 962 4175 homiuibus...
974 4109 1106 4191 (Matth.
1162 4117 1329 4180 daemones
1350 4117 1427 4196 sunt
1449 4115 1562 4178 iniusti
1586 4113 1777 4177 hominibus
1803 4131 1958 4193 perversa

309 4229 342 4286 ι,
357 4210 422 4291 lo).
438 4211 532 4283 Quia,
547 4208 670 4288 quanto
685 4208 809 4286 gradus
824 4207 933 4282 altior,
945 4207 1038 4271 tauto
1050 4225 1110 4272 ca·
1161 4215 1344 4278 tentatione
1358 4215 1391 4276 ot
1405 4211 1628 4290 suggestione.
1646 4212 1740 4274 Unde
1758 4214 1957 4290 Gregorius:

308 4325 367 4372 sus
386 4307 532 4385 gratim,
553 4306 587 4367 θῒ
600 4305 655 4366 61ῑὶ
670 4305 746 4382 plus
761 4304 988 4380 θθωωὶῒιίιῑῑι,
1001 4305 1043 4368 ab
1067 4323 1107 4370 ιο
1161 4329 1180 4376 c
1195 4312 1315 4374 Nullus
1326 4311 1360 4373 in
1374 4310 1438 4373 hac
1448 4310 1518 4374 vita
1527 4309 1695 4390 justorum
1707 4310 1810 4383 uenit,
1824 4311 1882 4388 qui
1894 4327 1956 4373 non

308 4407 385 4488 plus
395 4403 551 4481 exigitur.
569 4401 663 4476 Quia,
676 4401 706 4463 si
718 4400 888 4470 sacerdos,
899 4402 956 4481 qui
965 4404 1017 4466 est
1031 4419 1109 4468 unc·
1161 4409 1290 4487 antiqui
1309 4409 1414 4471 hostis
1438 4406 1578 4470 insidias
1602 4421 1720 4486 passus
1748 4407 1802 4468 sit.
1825 4423 1845 4468 s
1867 4408 1958 4470 Unde

309 4505 372 4568 tus·
385 4501 589 4582 peccaverit,
615 4498 696 4563 tacit
718 4499 912 4578 delinquere
934 4502 1105 4580 populum.
1160 4503 1288 4566 Dauid:
1314 4507 1378 4572 out
1402 4503 1569 4566 tribulant
1594 4518 1662 4576 mo,
1687 4504 1899 4577 constabunt,
1926 4507 1958 4566 st

308 4601 486 4666 Peccatum
496 4597 677 4662 sacerdotis
687 4597 748 4659 alii
758 4597 1030 4672 damnosum,sed
1041 4599 1106 4662 sibi
1159 4603 1274 4666 motus
1294 4603 1395 4677 fitero
1419 4598 1490 4681 (Pe.
1516 4600 1565 4673 12,
1590 4597 1636 4680 5).
1660 4601 1703 4662 ιιι
1726 4601 1813 4664 sicut
1835 4617 1954 4663 muscae
2015 4657 2016 4666 ,

308 4698 531 4781 periculosum
547 4693 673 4758 existit.
688 4695 728 4756 ut
747 4695 776 4756 si
790 4695 949 4772 praelatus
969 4712 1107 4760 errave-
1160 4699 1298 4762 veniunt
1311 4699 1343 4761 ct
1363 4697 1534 4770 recedunt,
1555 4697 1603 4759 ιιι
1628 4696 1796 4760 daemones
1821 4700 1955 4760 veniunt

305 4799 362 4873 rit,
388 4813 408 4860 a
427 4811 493 4876 quo
520 4794 712 4857 erudieturt
733 4791 826 4855 Unde
852 4794 1106 4858 emendabiturt
1159 4797 1201 4859 ad
1217 4797 1385 4860 hominem
1407 4793 1576 4868 tentando,
1593 4795 1626 4856 et
1640 4794 1800 4856 recedunt
1816 4795 1858 4857 ad
1875 4797 1955 4858 tem-

306 4901 335 4961 A
348 4895 452 4958 nullo.
468 4891 604 4956 Praelati
619 4889 741 4953 debent
751 4905 826 4952 esse
839 4889 1039 4953 mediatores
1052 4891 1107 4954 in·
1159 4908 1232 4971 pus,
1252 4907 1272 4954 a
1292 4891 1476 4954 tentatione
1494 4889 1672 4962 cessando,
1696 4889 1732 4951 ιιι
1755 4888 1833 4950 dum
1857 4889 1951 4952 homo

306 4996 358 5058 tor
367 4997 471 5056 Deum
484 4990 517 5053 et
528 4989 692 5051 hominos.
704 4986 781 5051 Ideo
790 4987 874 5050 tales
883 4987 1003 5052 debent
1016 5004 1103 5064 esse,
1159 5005 1297 5053 securus
1316 4987 1477 5060 redditur,
1496 4985 1629 5049 facilius
1646 4985 1797 5048 laedatur.
1815 4987 1907 5049 Unde
1920 4987 1951 5048 iu

307 5092 344 5155 ut
357 5087 523 5168 sintgrati
536 5090 603 5151 Deo
618 5085 790 5163 etaocepti
803 5085 1010 5147 hominibus.
1158 5086 1339 5164 Evangelio
1352 5085 1485 5156 dicitur,
1503 5083 1589 5162 quod
1611 5081 1763 5145 diabolus
1786 5085 1950 5146 necessita
2011 5111 2012 5118 ι

346 5191 483 5252 roccum
495 5185 892 5260 mccusct'dccmontum,
904 5183 1036 5246 locutus
1053 5184 1106 5246 cst
1159 5183 1290 5247 Christo
1304 5183 1379 5260 post
1395 5181 1612 5246 tentationem
1627 5195 1732 5258 usque
1757 5180 1798 5242 ad
1816 5180 1947 5258 tempus.
2010 5179 2011 5229 l

305 5287 435 5360 mutus,
451 5285 486 5349 et
499 5281 685 5346 admiratos
701 5281 782 5343 suut
806 5279 926 5341 turooe.
952 5278 1105 5352 Quotidie
1160 5283 1253 5344 sicut
1276 5279 1386 5342 autem
1408 5280 1486 5340 sunt
1504 5277 1671 5356 principes
1695 5278 1730 5338 in
1752 5277 1946 5350 hominibus,
2009 5279 2010 5341 l

306 5384 467 5448 Dominus
482 5381 575 5461 elicit
586 5378 761 5451 daemonia,
774 5376 852 5456 quia
867 5375 1014 5454 quotidie
1026 5383 1106 5456 poci
1158 5380 1205 5442 ita
1227 5377 1327 5441 etiam
1350 5376 1482 5439 suntin
1505 5374 1722 5448 demonibus,
1747 5374 1804 5453 qui
1823 5375 1947 5438 mittunt
2008 5415 2009 5453 ,

307 5483 438 5545 catores
451 5477 614 5542 convertit
628 5475 669 5538 ad
695 5471 923 5554 poenitentiam
944 5487 1004 5536 seu
1025 5491 1105 5553 gra-
1158 5477 1325 5539 daemones
1350 5473 1499 5536 subditos
1524 5473 1560 5538 in
1590 5473 1761 5536 laesiouem
1792 5473 1942 5536 nostram.
2007 5543 2008 5552 ἵ

308 5579 401 5642 tiam.
415 5579 507 5638 Tunc
518 5573 606 5637 enim
620 5571 766 5653 loquitur
780 5569 902 5647 mutus,
913 5571 1045 5652 quando
1061 5573 1104 5636 ed
1158 5573 1210 5637 illi
1225 5572 1282 5654 qui
1297 5569 1451 5636 dicebaut
1464 5569 1551 5651 quod
1569 5569 1727 5635 Dominus
1737 5569 1877 5659 ejiceret
1885 5571 1945 5632 da-

2004 5709 2006 5793 l
