4106 6422
332 233 369 294 ar
956 225 1133 290 ironeam
1156 229 1201 290 111
1223 209 1371 292 ornan.
1976 230 2024 290 ss

332 413 382 474 tes
401 421 598 486 nequaquan
617 405 807 484 loquuntur,
826 420 932 484 neque
954 404 1131 484 dequibus
1185 409 1219 470 et
1234 424 1313 472 arcu
1330 425 1405 473 cum
1422 407 1570 473 vectibus
1591 407 1672 483 suis,
1692 423 1766 486 quae
1787 407 1850 472 run
1873 407 1916 470 in
1948 424 2020 470 se-

331 506 510 576 affirmant,
524 504 729 582 propterhcc
741 503 828 582 quod
840 504 874 564 in
888 503 1033 569 secundo
1045 503 1130 568 lihro
1185 507 1292 570 cundo
1316 508 1404 570 intra
1431 508 1553 582 velum,
1582 507 1755 570 manifeste
1780 521 1820 570 ac
1844 505 2015 569 mirifico

332 603 600 670 Machahaeorum
610 601 651 662 de
660 601 878 664 absconsione
886 601 1131 664 tabernaculiet
1185 619 1284 684 opere
1298 606 1426 684 sculpta
1438 607 1541 669 luisse
1554 606 1746 669 cernuntur.

331 719 430 774 arcae,
451 716 511 764 seu
532 700 632 764 etiam
651 700 767 786 altaris
797 700 926 762 incensi
953 701 1128 778 reperitur,
1224 706 1295 766 Hoc
1331 705 1432 766 etiam
1466 703 1748 766 manifestioribus
1778 699 2012 766 documentis

332 799 500 880 superflua
515 798 672 876 opinione
684 797 887 872 existimant,
897 797 1007 876 ipsum
1019 798 1132 862 taber-
1186 803 1454 881 eloquentissime
1467 803 1581 866 doctor
1593 805 1660 865 Leo
1674 805 1765 880 Papa
1777 801 1812 864 in
1822 802 2014 864 sermoni-

331 898 499 971 naculum,
518 897 551 958 et
566 911 679 958 arcam
694 896 746 958 sel
759 897 876 968 altare,
895 896 1056 959 hactenus
1073 913 1132 960 00-
1185 899 1246 962 hus
1259 900 1439 962 Dominicae
1451 900 1632 974 Passionis,
1640 917 1740 978 quum
1749 898 1870 962 develo
1883 901 2011 963 scisso

333 997 456 1062 cultata
474 1010 580 1072 usque
601 993 641 1055 ad
664 995 794 1072 tempus
813 993 917 1056 futuri
936 994 1058 1072 judicii
1080 995 1133 1058 lu·
1186 997 1220 1057 in
1233 997 1354 1076 templo
1367 997 1427 1060 sub
1441 997 1513 1076 ipso
1524 999 1672 1076 tempore
1684 997 1851 1075 passionis
1864 997 2009 1058 Christi

309 1085 312 1092 ’
333 1096 415 1166 tere,
430 1094 462 1156 et
474 1092 634 1168 ignorari,
649 1092 711 1154 etc.
1186 1096 1302 1158 0011111
1339 1095 1512 1174 perfidiam
1545 1095 1738 1160 Judaeorum
1769 1095 2008 1160 contestando

1188 1192 1370 1266 inveheret,
1390 1193 1561 1256 declarare
1581 1194 1723 1268 videtur,
1744 1192 1821 1256 dum
1838 1193 2009 1272 ipsorum

329 1267 369 1330 V·
393 1269 485 1334 02‘0‘3
504 1267 659 1342 ‘emim
680 1267 747 1329 Tm
767 1265 800 1328 0⁸
827 1265 1038 1340 ΙῐθθΡαθῑαηῑν
1054 1277 1131 1339 Μ
1188 1291 1811 1356 caecitatemludaeorumomniamundi
1824 1291 2008 1354 elementa

369 1367 406 1427 ²²²
442 1365 566 1440 ‘emim
605 1365 759 1440 fi‘ffl'antr
801 1365 921 1426 Rfflnoe
960 1362 1131 1426 ‘mmmm
1190 1390 1377 1452 evidentius
1403 1391 1555 1468 arguisse
1582 1389 1822 1468 protestaretur
1852 1389 1890 1450 in
1922 1406 2007 1452 ser-

302 1511 306 1521 ·
367 1463 521 1541 summ·
1185 1503 1292 1562 mone,
1315 1488 1371 1567 qui
1384 1489 1433 1550 sic
1450 1488 1589 1566 incipit:
1608 1490 1719 1556 Ouarna
1739 1487 1858 1549 maltis
1875 1491 2005 1550 allodis

369 1589 440 1658 Quo
463 1587 574 1648 autem
597 1586 756 1662 tempore,
784 1585 837 1647 vel
862 1601 882 1646 a
908 1584 1029 1662 quibus
1048 1599 1130 1646 vasa
1182 1587 1330 1648 ludoico
1356 1587 1518 1664 inspicias
1543 1585 1728 1658 laboraret,
1754 1585 1890 1662 scripsit
1919 1585 2002 1646 ita:

328 1683 454 1760 templi,
473 1682 506 1744 et
525 1681 693 1755 utensilia,
726 1696 786 1741 seu
809 1681 966 1742 universa
991 1679 1130 1742 donaria
1183 1681 1316 1755 «Quod
1336 1683 1365 1743 si
1388 1683 1430 1744 ad
1449 1682 1637 1759 arguendos
1656 1699 1728 1756 vos,
1743 1697 1805 1744 nec
1825 1683 2001 1754 coelestia,

329 1783 443 1842 Romae
455 1779 565 1840 delata
579 1778 723 1852 suerunt,
737 1778 791 1840 vel
804 1776 861 1838 uhi
873 1778 1028 1856 reposita,
1042 1793 1132 1855 prae-
1184 1795 1203 1839 c
1224 1795 1286 1840 nec
1309 1779 1442 1844 interna
1459 1779 1640 1853 sufficiunt,
1659 1781 1692 1842 et
1708 1795 1840 1842 crucem
1862 1780 2001 1840 Christi

329 1879 416 1942 fatus
428 1879 542 1941 doctor
554 1880 788 1958 Hieronymus,
812 1879 866 1941 cui
883 1879 1054 1957 proprium
1067 1877 1129 1940 suit
1183 1892 1202 1936 c
1223 1875 1330 1953 magis
1348 1877 1527 1954 potuerunt
1545 1877 1647 1955 petrae
1667 1879 1767 1956 atque
1787 1893 2001 1940 monumen-

328 1993 459 2056 semper
475 1993 562 2040 nora
579 1992 740 2056 quaerere,
766 1978 799 2039 et
822 1977 985 2039 absconsa
1007 1975 1130 2038 (111001-
1183 1973 1267 2047 «ta,
1291 1991 1390 2052 quam
1422 1975 1533 2038 vestra
1566 1975 1666 2038 corda
1698 1977 1833 2049 sentire,
1868 1976 2000 2038 saltem

327 2075 418 2149 dare,
433 2076 468 2137 in
481 2075 689 2152 expositione
707 2074 811 2138 loelis
832 2075 1003 2152 prophete
1025 2074 1128 2138 testa·
1182 2089 1201 2133 c
1222 2072 1308 2150 quod
1321 2072 1491 2151 intemplo
1509 2074 1619 2135 actum
1630 2073 1692 2147 est,
1708 2075 1853 2137 scienter
1861 2073 1998 2135 adver-

326 2173 392 2246 tur,
422 2171 509 2250 quod
537 2172 630 2235 Titus
656 2173 689 2236 et
716 2173 953 2250 Vespasianus,
986 2171 1127 2235 Romani
1181 2186 1200 2229 c
1221 2169 1291 2232 tite.
1307 2169 1437 2244 Velum,
1455 2173 1551 2250 cuius
1566 2170 1696 2250 objectu
1715 2171 1999 2234 intercludeban·
2035 2215 2036 2228 ,

327 2270 505 2350 principes,
535 2269 611 2348 post
640 2270 870 2334 ascensionem
904 2269 1036 2332 Domini
1068 2269 1128 2330 de-
1181 2268 1276 2330 ‹tur
1297 2269 1419 2332 Sancta
1434 2269 1808 2343 sanctorum,asummo
1823 2268 1997 2346 usquead
2035 2231 2036 2286 ¹

326 2369 451 2430 structa
470 2366 604 2430 civitate
622 2367 855 2446 Hierosolyma
878 2368 912 2430 et
932 2367 1066 2445 templo,
1084 2365 1125 2430 ob
1181 2382 1199 2425 c
1220 2363 1997 2452 imadiruptumest‚etsacrumilludmysticum·
2035 2417 2036 2438 ,

326 2465 501 2528 victoriam
524 2466 557 2528 et
579 2465 818 2530 monimentum
839 2465 952 2543 popuii
971 2465 1123 2538 Romani,
1180 2480 1199 2524 c
1221 2479 1285 2542 que
1297 2464 1471 2536 secretum,
1486 2479 1550 2542 quo
1565 2462 1655 2524 solus
1663 2477 1812 2523 summus
1828 2463 1997 2524 Pontifex
2035 2457 2036 2534 t

326 2563 438 2626 omnia
455 2561 513 2624 illa
531 2578 605 2640 quae
618 2561 654 2624 in
669 2562 792 2641 templo
809 2563 977 2640 praecipua
990 2577 1032 2624 en
1047 2577 1126 2640 spe-
1179 2579 1199 2622 c
1216 2563 1330 2640 jussus
1343 2561 1451 2624 iuerat
1462 2561 1599 2634 intrare,
1613 2559 1800 2622 reseratum
1812 2557 1903 2631 est»
1926 2562 1993 2622 etc.

328 2660 419 2724 ciosa
435 2659 543 2724 Judaei
569 2659 765 2732 habuerant,
793 2675 906 2722 secum
933 2660 1127 2738 asportave-
1221 2658 1288 2720 Sub
1312 2659 1410 2720 altari
1433 2656 1499 2720 isto
1535 2656 1758 2729 sacrosancto,
1789 2653 1928 2733 dequo
1957 2659 1993 2718 in

326 2759 414 2831 runt,
430 2759 531 2822 immo
544 2757 585 2819 ab
602 2758 684 2836 ipsis
696 2757 821 2821 ludaeis
839 2757 1126 2836 asportarijusse-
1143 2787 1146 2794 ·
1180 2757 1336 2836 praesenti
1353 2755 1530 2834 loquimur,
1549 2755 1599 2818 est
1618 2752 1769 2832 quaedam
1786 2753 1894 2828 imago
1915 2755 1992 2816 tota

326 2855 474 2918 runt2et
485 2855 647 2918 aedificato
668 2858 781 2918 Romae
805 2855 928 2933 templo
946 2856 1055 2928 Pacis,
1078 2852 1124 2916 ihi
1180 2870 1284 2916 aurea
1300 2853 1452 2936 lDomino
1475 2856 1556 2918 lesu
1590 2849 1721 2914 Christo
1746 2849 1915 2924 dedicata,
1957 2856 1991 2914 et

325 2965 367 3014 ea
384 2950 421 3010 in
437 2949 611 3012 delubrum
631 2951 771 3014 mirifice
794 2950 1024 3022 condiderunt,
1051 2967 1125 3030 quae
1180 2949 1285 3014 heatae
1311 2953 1427 3014 Mariae
1452 2950 1622 3027 Virginis3
1650 2949 1684 3011 et
1707 2947 1814 3011 sancti
1839 2950 1989 3010 loannis

327 3045 958 3110 (1100001800001101101111110111.
976 3047 1047 3108 Nec
1063 3047 1127 3110 du·
1180 3047 1348 3126 Baptistae,
1368 3047 1623 3122 sanctorumque
1640 3046 1873 3124 Apostolorum
1890 3049 1986 3108 Petri

326 3144 418 3206 hium
446 3143 534 3206 unde
561 3145 673 3206 taulus
701 3143 754 3206 vir
784 3142 896 3206 docuit
923 3143 1123 3218 habendum,
1181 3145 1214 3206 et
1239 3144 1347 3216 Pauli,
1368 3142 1475 3204 sancti
1502 3143 1874 3220 JoannisErangelistae
1894 3144 1986 3206 ima-

326 3243 413 3320 quod
427 3245 541 3304 Graeca
558 3243 591 3304 et
607 3243 757 3304 Romana
774 3241 915 3304 historia
931 3242 1037 3304 voluit
1052 3257 1126 3306 esse
1181 3242 1275 3318 gines
1293 3241 1333 3303 de
1346 3240 1468 3302 electro
1481 3256 1592 3303 aureae
1610 3240 1642 3303 et
1654 3241 1832 3318 argenteae,
1851 3257 1985 3305 necnon

296 3408 298 3412 ,
326 3339 567 3403 confirmatum.
581 3342 653 3402 Hoc
664 3339 752 3404 idem
769 3354 874 3417 usque
888 3340 987 3404 hodic
998 3340 1125 3420 liquido
1181 3340 1323 3402 aliorum
1352 3339 1586 3417 Apostolorum
1620 3340 1753 3418 penitus
1790 3340 1981 3417 argontcae,

324 3437 541 3518 perpenditur
556 3438 591 3501 in
608 3437 802 3516 triumphali
819 3453 911 3512 arcu,
933 3439 990 3518 qui
1011 3440 1127 3518 appel·
1181 3455 1263 3517 quas
1289 3437 1524 3501 Constantinus
1550 3435 1732 3515 imperator
1755 3437 1816 3500 Dei
1845 3453 1981 3512 servus,

324 3531 414 3601 latur
438 3537 570 3614 Septem
588 3535 812 3610 lucernarum,
834 3537 891 3615 qui
914 3537 1125 3600 constructus
1181 3538 1238 3615 qui
1268 3535 1400 3598 easdem
1429 3534 1471 3596 ad
1499 3535 1660 3604 honorem
1690 3534 1874 3598 salvatoris
1898 3538 1982 3599 lesu

322 3633 428 3697 tuisse
444 3635 605 3713 probatur
620 3634 662 3696 ad
679 3635 874 3698 memoriam
891 3635 1125 3714 praedictorum
1181 3633 1304 3696 Christi
1319 3649 1522 3712 suorumque
1541 3632 1780 3712 discipulorum
1798 3633 1981 3710 imaginari

325 3733 514 3810 principum
541 3733 706 3811 totiusque
730 3733 846 3810 populi
870 3735 1012 3796 Romani
1024 3732 1125 3812 Juxta
1182 3733 1296 3806 studit,
1311 3732 1360 3795 sic
1378 3732 1414 3793 in
1438 3731 1581 3810 quodam
1606 3745 1753 3808 geneceo
1775 3729 1909 3794 molitus
1929 3734 1980 3795 est

325 3830 500 3894 ecclesiam
513 3829 643 3893 Sanctae
655 3827 771 3892 Mariae
783 3831 813 3892 N
816 3846 897 3902 orae,
911 3830 947 3894 in
964 3844 1029 3909 quo
1042 3846 1126 3892 can·
1181 3828 1376 3903 recondere,
1391 3829 1477 3906 quod
1492 3829 1576 3891 nulli
1591 3827 1713 3891 artifici
1727 3844 1788 3908 per
1801 3828 1978 3909 quodcun-

325 3928 471 4003 delahra,
485 3946 559 4008 quae
572 3927 706 3992 suerunt
722 3926 757 3990 in
774 3927 879 4006 priori
898 3927 1125 4001 tabernaculo,
1181 3942 1245 4006 que
1257 3925 1430 4004 ingenium
1445 3925 1525 3990 licet
1545 3925 1716 3992 accedere.
