4076 6420
328 305 388 370 063
792 303 968 370 HONORII
990 305 1035 368 111
1057 298 1204 368 OPERA.
1223 335 1261 350 —
1277 305 1510 371 SERMONES.
1946 308 2004 368 661

324 464 423 544 juxta
436 465 598 528 ioannem
615 461 781 528 :Verbum
795 466 884 528 enlm
900 481 978 530 caro
997 463 1119 528 factum
1213 464 1426 543 Quadruplicl
1434 479 1557 528 corona
1564 461 1687 542 legitur
1695 463 1882 536 Salomon,
1896 462 2000 536 idest,

328 561 390 632 θεῖ,
404 564 492 626 Deus
506 562 709 636 incarnatus,
734 564 829 637 idest,
855 567 943 626 Deus
962 565 995 626 θῖ
1008 563 1118 632 homo,
1173 562 1330 640 pacificus
1359 563 1554 638 coronatus;
1591 565 1625 624 et
1658 562 1828 638 significat
1874 565 1999 624 Jesurn

329 657 387 735 qui
400 657 507 721 factus
529 660 580 722 est
599 677 642 723 ex
661 662 785 723 somine
811 661 915 723 David
939 661 1119 723 secundum
1174 659 1339 721 Christum
1348 675 1464 722 verum
1478 658 1696 722 salvatorem.
1707 659 1911 721 coronavit
1922 675 1998 720 eun

329 767 474 814 carnem.
1173 760 1279 819 mater
1302 773 1374 832 sua,
1396 759 1493 830 idest,
1518 757 1677 830 Ecclesia,
1694 773 1822 820 corona
1848 759 1999 820 miseri-

370 851 518 922 Quatuor
546 852 635 914 enim
664 869 707 914 er
741 855 852 917 causis
875 857 1013 919 verbum
1040 871 1119 918 caro
1174 854 1316 929 cordiae3
1332 855 1414 918 etin
1434 855 1498 916 hac
1513 855 1696 932 mirabilis3
1711 856 1907 918 coronavit
1922 873 1998 918 eun

329 945 518 1012 factumest
534 971 541 1010 :
559 951 602 1012 Ut
616 951 774 1027 superbos
788 953 995 1027 humiliaret;
1011 954 1046 1017 ut
1060 953 1121 1014 ini·
1173 967 1328 1024 noverca,
1343 951 1439 1026 idest,
1460 955 1646 1030 synagoga,
1664 968 1789 1015 corona
1804 953 1995 1030 miseriae;

329 1043 432 1106 mices
457 1047 702 1126 reconciliaret3
726 1049 762 1111 ut
789 1067 904 1114 servos
926 1050 1118 1128 redimeret3
1174 1049 1206 1111 et
1233 1049 1268 1110 in
1300 1048 1363 1110 hac
1393 1049 1672 1128 contemptibili83
1693 1049 1885 1112 coronabit
1920 1067 1995 1112 eum

329 1138 365 1199 ut
381 1139 505 1200 amicos
521 1140 673 1205 nutriret.
690 1145 770 1204 Cum
786 1146 924 1206 enimin
942 1145 1048 1208 forma
1059 1147 1120 1209 Dei
1173 1145 1301 1208 familia
1323 1161 1384 1207 sua
1405 1160 1528 1208 corona
1539 1145 1690 1224 justitiae,
1708 1147 1745 1208 in
1760 1146 1818 1208 die
1833 1149 1996 1209 ventila-

329 1235 429 1309 esset,
443 1251 512 1299 ooo
530 1243 694 1313 rapinam
702 1243 894 1305 arbitratus
917 1245 970 1306 est
987 1259 1061 1306 esse
1082 1260 1120 1308 sc
1173 1243 1274 1304 tionis
1289 1242 1466 1319 extremm
1482 1242 1516 1305 θῖ
1528 1243 1565 1304 in
1583 1242 1646 1305 hac
1668 1243 1834 1306 terribilis
1849 1265 1860 1318 ;
1893 1260 1995 1306 coro-

328 1338 495 1406 oequolem
530 1339 618 1410 Dco;
646 1342 707 1400 sed
735 1341 956 1415 semetipsum
990 1346 1118 1404 θεοῖο-
1174 1339 1267 1401 nahit
1287 1355 1363 1401 eum
1383 1341 1484 1402 Pater
1498 1357 1578 1402 suus
1594 1355 1717 1403 corona
1737 1341 1892 1418 gloriae,
1912 1345 1949 1404 et
1962 1342 1994 1402 in

327 1431 428 1502 aicit,
447 1433 598 1505 foratam
618 1439 715 1498 serat
735 1441 916 1512 accipiens,
940 1441 978 1500 tn
997 1443 1121 1502 εῖῖηῖῖῖ-
1173 1435 1237 1497 hac
1262 1435 1514 1512 desiderabilis3
1530 1437 1643 1498 vident
1655 1452 1733 1513 ergo
1748 1453 1830 1498 eum
1853 1453 1990 1515 pecca-

329 1525 483 1589 tudtncm
496 1533 806 1607 hortinamsaotua
819 1536 853 1597 οῖ
864 1538 980 1598 habitu
994 1540 1119 1600 inocu—
1172 1533 1262 1596 tores
1286 1534 1322 1595 in
1341 1549 1465 1596 corona
1482 1534 1639 1608 miseriae,
1663 1533 1758 1607 idest,
1784 1536 1989 1612 spinarum,

329 1622 385 1682 tus
400 1624 440 1684 ut
453 1627 563 1688 homo.
579 1625 713 1706 (Philip.
730 1645 767 1703 11,
782 1634 813 1704 6,
829 1632 874 1712 7.)
890 1633 929 1695 Et
949 1635 1120 1712 notaquia
1173 1631 1207 1692 et
1227 1631 1502 1708 compunguntur.
1523 1631 1644 1692 Vident
1666 1646 1741 1692 enm
1761 1632 1866 1693 Filiae
1893 1634 1989 1705 Sion,

328 1717 435 1780 iactor
449 1722 564 1783 mundi
575 1723 682 1786 iactus
701 1727 752 1789 θεῖ
769 1729 805 1788 in
827 1728 949 1792 mundo
962 1753 970 1807 ;
985 1732 1120 1793 Creator
1174 1727 1269 1800 idest,
1285 1726 1474 1790 affectuosa
1487 1727 1618 1800 animae,
1634 1727 1670 1788 in
1684 1743 1811 1790 corona
1828 1730 1989 1790 miseria

328 1815 405 1878 ooeli
426 1818 557 1881 oreatus
576 1822 627 1883 est
649 1822 710 1884 suh
734 1824 835 1900 coelo;
862 1826 1121 1890 Plasmatorho-
1174 1823 1208 1886 θῖ
1229 1824 1413 1886 imitantur.
1439 1824 1604 1898 Videbunt
1626 1825 1721 1903 impii
1745 1826 1779 1887 et
1804 1827 1987 1904 peribunt.

328 1911 439 1986 minis,
455 1913 554 1978 homo
574 1933 647 1979 esse
673 1919 827 1996 dignatus
851 1923 912 1996 est,
938 1923 1046 1987 factus
1063 1925 1120 2002 qui
1173 1921 1339 1984 Videbunt
1353 1922 1466 1984 Sancti
1477 1923 1513 1984 in
1528 1937 1651 1984 corona
1663 1923 1791 1998 gloriae,
1805 1926 1842 1984 et
1857 1940 1988 2001 perpe-

328 2007 454 2073 ieoerat
481 2028 523 2074 ne
541 2015 667 2091 periret
688 2034 784 2095 quem
809 2019 944 2083 fecerat.
972 2022 1039 2084 Ιεῖθ
1069 2023 1120 2086 θεῖ
1173 2019 1308 2080 tualiter
1321 2018 1520 2096 gaudebunt.
1536 2019 1738 2096 Egredimini
1760 2020 1863 2082 Filiae
1890 2023 1984 2094 Sion,

328 2107 474 2183 Angelus
500 2113 613 2188 magni
643 2115 786 2190 consilii,
814 2118 901 2180 sicut
922 2119 1063 2196 legimus
1084 2122 1119 2184 in
1174 2116 1461 2190 animaedelicatae,
1471 2117 1513 2178 de
1528 2133 1629 2179 sensu
1641 2117 1752 2180 carnis
1764 2118 1808 2180 ad
1818 2119 1985 2182 intellec-

329 2203 527 2282 Apocalypsi
546 2204 594 2286 (x,
617 2208 648 2287 1)
664 2232 672 2271 ι
695 2215 759 2279 Qui
781 2215 953 2276 descendit
977 2220 1018 2278 dc
1038 2223 1120 2280 coelo
1160 2213 1242 2276 tum
1255 2213 1383 2290 cordis3
1399 2213 1440 2275 de
1452 2215 1610 2278 servitute
1624 2216 1771 2278 carnalis
1788 2219 1982 2296 concupis-

327 2302 476 2364 amictus
493 2307 599 2378 nude,
620 2307 716 2382 idest,
738 2311 878 2373 vestitus
902 2327 1013 2386 carne,
1042 2315 1120 2393 quia
1174 2311 1290 2374 oentiae
1310 2311 1351 2372 ad
1370 2311 1556 2375 libertatem
1575 2313 1758 2392 spiritualis
1777 2314 1983 2391 intelligen-

328 2396 435 2460 oelata
457 2399 615 2466 divinitas
635 2406 727 2468 venit
748 2407 790 2468 ad
812 2423 884 2483 nos,
910 2411 1006 2483 idest,
1032 2411 1119 2474 nube
1172 2407 1983 2486 tiae,etvideteregomSalomonemindiademate

327 2495 594 2576 carnisohtecta3
606 2502 683 2578 quia
695 2505 872 2582 antequam
881 2508 1026 2570 Verbum
1041 2525 1118 2572 caro
1173 2523 1238 2585 quo
1251 2507 1422 2571 coronavit
1440 2523 1516 2570 eum
1536 2509 1643 2570 mater
1665 2523 1736 2569 sua.
1762 2511 1982 2572 Coronanhu

328 2589 433 2664 tieret,
450 2595 565 2670 procul
580 2596 785 2662 hahitahata
804 2603 910 2677 nohis,
932 2607 1010 2684 quia
1023 2607 1119 2669 notus
1173 2603 1305 2682 quidem
1331 2602 1364 2666 et
1389 2605 1449 2666 alii
1471 2605 1654 2668 imitatores
1674 2605 1808 2668 Christi.
1830 2607 1902 2669 Sed
1929 2608 1980 2668 hic

327 2690 400 2751 erat
414 2689 543 2753 tantum
557 2693 592 2754 in
611 2695 725 2758 Judaea
742 2699 839 2762 Deus.
861 2701 923 2763 Ubi
940 2719 1020 2764 vero
1041 2706 1120 2766 Ver·
1174 2716 1217 2762 ex
1236 2700 1401 2764 industria
1424 2701 1556 2778 adjutus
1582 2717 1641 2779 per
1663 2702 1806 2778 gratiam
1835 2704 1936 2766 solus
1961 2719 1980 2766 a

328 2782 406 2847 hum
421 2789 631 2853 carofactum
641 2794 702 2867 est,
718 2795 882 2861 habitavit
893 2799 929 2860 in
943 2799 1038 2862 nohis
1053 2817 1119 2864 non
1174 2798 1279 2862 matre
1300 2799 1489 2869 coronatus,
1505 2799 1584 2878 quia
1599 2800 1689 2861 solus
1711 2814 1786 2861 cum
1808 2801 1979 2863 ordinatis

273 2945 274 2950 ,
329 2883 437 2946 solum
450 2901 510 2962 per
522 2887 676 2964 gratiam,
689 2907 805 2954 verum
824 2896 925 2958 etiam
942 2913 1001 2973 per
1021 2900 1121 2961 natu·
1174 2894 1403 2957 affectionibus
1421 2897 1579 2974 Unquam
1600 2911 1741 2974 sponsus
1760 2896 1802 2960 do
1822 2897 1978 2959 thalamo

187 2987 190 2996 '
327 2994 412 3042 ram.
428 2983 491 3044 Hic
509 2987 560 3046 est
578 2987 666 3047 enim
681 2991 840 3052 Dominus
857 2994 980 3066 noster,
1002 2996 1035 3058 et
1053 3012 1120 3058 non
1173 2993 1335 3070 processit
1353 2993 1393 3054 de
1419 2993 1513 3055 utero
1539 2993 1665 3055 matris.
1688 2993 1728 3056 nt
1748 2995 1880 3058 currite
1903 3011 1977 3056 cum

329 3077 381 3138 θεῖ
400 3077 488 3139 alius
502 3082 624 3157 praeter
641 3083 746 3158 illum,
769 3089 824 3164 qui
838 3091 1017 3152 secundum
1031 3094 1121 3156 Jere-
1175 3090 1428 3154 adolescentulis
1443 3091 1478 3152 in
1493 3089 1627 3152 odorem
1641 3091 1734 3152 floris
1748 3091 1879 3166 nostri;
1899 3094 1976 3170 quia

329 3173 431 3236 miam
454 3195 463 3236 r
488 3179 532 3238 Io
551 3179 658 3242 terris
681 3185 848 3246 otsusest
870 3187 999 3249 etcum
1018 3193 1121 3252 homi·
1174 3187 1235 3248 llos
1266 3188 1375 3264 campi
1397 3187 1430 3248 et
1454 3187 1561 3248 lilium
1589 3187 1789 3250 convallium
1819 3189 1976 3250 ascendit

328 3273 429 3333 nibus
452 3279 676 3340 conversatus
697 3280 759 3341 cst.
782 3279 938 3362 (Baruch,
962 3288 1019 3359 ΙΙΙ,
1039 3285 1118 3368 38);
1174 3285 1272 3347 hodie
1295 3284 1336 3346 de
1360 3283 1455 3361 virga
1482 3283 1516 3346 et
1540 3283 1581 3346 de
1603 3283 1715 3348 radice
1737 3285 1843 3347 Jesse.
1868 3286 1976 3362 Virga

328 3382 366 3429 οε
381 3384 424 3431 ex
436 3370 566 3434 ossibus
580 3377 715 3451 nostris,
732 3383 765 3441 et
779 3395 857 3442 caro
879 3381 919 3443 de
934 3398 1034 3446 carne
1047 3401 1122 3447 nos·
1174 3397 1317 3460 namque
1343 3381 1393 3444 est
1417 3380 1556 3443 Domina
1584 3384 1698 3444 nostra
1721 3383 1823 3458 Virgo
1849 3384 1973 3444 Maria.

327 3466 391 3527 tra.
415 3471 508 3532 Nam
531 3487 553 3534 a
571 3471 726 3538 Dorotoo'
736 3479 867 3551 sactum
890 3482 942 3543 est
958 3483 1061 3556 istud,
1087 3485 1121 3545 et
1174 3479 1250 3542 Flos
1265 3480 1316 3541 θεῖ
1329 3477 1433 3539 Filius
1449 3479 1520 3556 ejus
1533 3477 1694 3539 Christus.

326 3565 380 3626 est
394 3569 551 3630 mtrohth’
563 3572 600 3631 to
612 3577 717 3635 ocutis
733 3577 874 3638 nostris.
889 3576 1118 3660 (Ps.127,23).
1214 3579 1293 3639 Haec
1309 3575 1419 3638 autem
1437 3575 1543 3651 virga,
1560 3575 1705 3646 Fratres,
1720 3591 1762 3637 ex
1775 3575 1835 3638 illa
1849 3575 1973 3640 arbore

367 3663 460 3724 Unde
475 3663 573 3729 hodie
588 3670 678 3732 canit
689 3671 837 3734 Ecclesia
851 3695 858 3734 ε
871 3674 1007 3737 Indutus
1019 3693 1120 3740 carno
1174 3673 1345 3752 processit,
1362 3675 1457 3750 cujus
1478 3673 1576 3734 radix
1590 3672 1771 3746 initiasse,
1787 3675 1972 3736 secundum

325 3757 470 3822 humana
485 3765 730 3843 protoparentis
746 3770 845 3832 edita.
862 3773 901 3833 ut
915 3789 975 3835 nos
996 3773 1118 3852 itaque,
1174 3770 1256 3834 illud
1266 3771 1383 3832 Isaiae:
1399 3768 1480 3830 Ενῑῖ
1492 3773 1599 3832 rodim
1611 3771 1760 3844 asscel
1770 3773 1828 3844 qut
1840 3785 1973 3832 cxsur-

325 3857 471 3932 Fratres,
488 3861 823 3929 similitercantemus
844 3868 943 3931 hodie
956 3871 1120 3934 canticum
1173 3869 1229 3947 pot
1252 3881 1375 3946 regere
1397 3867 1527 3942 centes,
1551 3869 1590 3928 tu
1612 3881 1691 3928 cum
1714 3868 1833 3943 peotes
1846 3882 1973 3941 spera-

325 3969 473 4032 novum,
506 3959 583 4036 quia
620 3961 720 4038 Gigas
756 3965 897 4040 geminae
928 3967 1120 4030 substantiae
1175 3967 1257 4028 hunt
1293 3961 1402 4044 (Rom.
1432 3978 1491 4036 xv,
1521 3960 1586 4041 12).
1613 3965 1763 4024 Truncus
1797 3979 1875 4026 vero
1906 3965 1971 4028 suit

326 4055 488 4128 processit
510 4055 608 4118 hodie
640 4058 680 4120 de
714 4061 820 4122 Matre
843 4063 991 4138 Virgine.
1015 4065 1120 4126 Hodie
1173 4060 1507 4126 Abrahametnaviu.
1524 4059 1811 4122 UndeetAhrahae
1825 4063 1970 4138 promis-

326 4147 377 4208 sol
390 4148 430 4210 de
447 4151 542 4212 stella
555 4155 686 4227 enituit,
707 4157 741 4217 et
759 4156 864 4219 iactor
877 4159 1035 4235 Virginis,
1049 4160 1121 4222 fac-
1174 4175 1247 4222 sum
1262 4159 1332 4220 est:
1350 4162 1393 4220 lo
1413 4160 1545 4220 semine
1567 4157 1625 4218 tuo
1640 4159 1879 4220 benedicentur
1894 4175 1969 4220 om·
2019 4225 2020 4240 ¹

323 4244 379 4304 tus
392 4245 442 4306 est
455 4247 490 4308 in
504 4248 641 4324 Virgine
665 4250 793 4314 iactura
813 4270 884 4314 sua.
910 4259 1014 4318 Homo
1031 4259 1120 4320 enirn
1173 4271 1235 4320 nes
1255 4254 1374 4332 centes
1391 4253 1487 4334 (Gen.
1515 4269 1600 4326 xxrr,
1624 4251 1689 4333 18).
1709 4255 1750 4315 ut
1768 4253 1870 4316 David
1889 4277 1898 4316 ε
1915 4259 1967 4319 Dc

326 4341 383 4417 qui
405 4340 510 4404 iactus
534 4347 585 4408 est
602 4347 637 4407 in
653 4363 703 4420 ea,
718 4349 790 4426 ipse
805 4350 954 4417 fundavit
975 4369 1047 4417 eam
1062 4355 1121 4417 Al-
1172 4355 1290 4432 fructu
1318 4353 1452 4413 ventres
1481 4351 1533 4412 tut
1559 4365 1688 4426 portam
1721 4365 1827 4425 super
1851 4356 1967 4414 sedem

324 4437 484 4502 tissimus.
510 4444 535 4503 Ο
558 4459 637 4506 vere
664 4462 786 4508 novum
810 4451 895 4525 quod
918 4451 1017 4515 hodie
1043 4453 1121 4515 iecit
1174 4453 1271 4512 ccam
1293 4446 1361 4527 (Ps.
1379 4450 1447 4520 131,
1469 4445 1533 4526 11).
1555 4448 1595 4509 Εῖ
1617 4445 1698 4508 alihi
1712 4447 1819 4508 eidem
1835 4468 1842 4507 :
1858 4451 1967 4512 Filius

325 4537 484 4600 Dominus
506 4556 606 4617 super
624 4543 759 4618 terram,
777 4547 854 4623 quia
878 4549 974 4610 stella
995 4551 1118 4620 solem,
1173 4549 1231 4622 qui
1245 4545 1423 4622 egreditur
1435 4547 1476 4607 ds
1490 4545 1590 4606 utero
1609 4544 1677 4616 tuo,
1697 4546 1771 4618 ipsc
1789 4545 1966 4616 aedificabit

325 4635 479 4698 creatura
505 4639 704 4716 Creatorem,
730 4643 800 4708 filia
823 4645 955 4708 Patrem
980 4647 1117 4724 peperit.
1173 4647 1312 4706 amntem
1332 4644 1465 4703 nomint
1486 4654 1564 4703 mco
1587 4638 1632 4719 (ΙΙ
1655 4643 1735 4716 Reg.
1751 4655 1812 4714 vu,
1827 4638 1888 4720 12).
1903 4645 1966 4704 Ra·

325 4733 432 4794 Hodie
448 4733 527 4798 fecit
541 4737 576 4798 ut
591 4738 736 4801 aeternus
755 4741 799 4803 sit
814 4741 1022 4821 temporalis,
1039 4744 1121 4804 sim·
1173 4741 1219 4802 mi
1236 4755 1279 4802 ex
1299 4739 1362 4800 hoc
1380 4738 1497 4799 trunco
1518 4736 1745 4809 ascendentes,
1765 4737 1915 4800 Salomon
1930 4741 1966 4802 et

325 4831 403 4910 pler
428 4836 656 4912 compositum,
671 4837 868 4900 immortalis
893 4841 936 4903 sit
956 4841 1117 4902 mortalis.
1173 4837 1291 4914 reliqui
1309 4833 1621 4912 successoresjuxte
1635 4833 1719 4894 illud
1730 4834 1962 4910 Evangelium:

324 4929 430 4991 Hodie
453 4933 624 4995 Trinitatis
650 4937 843 5013 mysterium
873 4937 1055 5007 innovavit,
1084 4937 1121 5000 ut
1173 4936 1284 4996 David
1302 4934 1420 4996 autem
1437 4934 1515 4994 Rea
1532 4932 1652 5008 penult
1674 4933 1897 5000 Salomonem,
1916 4948 1964 4996 eor

321 5027 393 5088 tros
420 5028 487 5090 sint
514 5029 707 5094 substantiae
736 5035 772 5093 in
801 5034 927 5096 unitate
955 5050 1117 5112 personae,
1173 5047 1215 5095 ea
1224 5047 1300 5106 quoe
1309 5031 1376 5105 licit
1390 5032 1481 5092 Urtoe
1491 5026 1621 5107 (Matth.
1634 5043 1657 5099 1,
1668 5026 1712 5100 6).
1726 5028 1886 5089 Cortexin
1899 5029 1963 5092 hac

324 5123 411 5186 sicut
424 5123 492 5186 tres
510 5127 587 5189 sunt
601 5145 752 5206 personae
768 5131 804 5191 in
820 5131 945 5193 unitate
960 5132 1118 5194 substan·-
1173 5128 1293 5190 arbore
1305 5127 1439 5188 luerunt
1448 5125 1511 5203 ipsi
1526 5123 1650 5197 Sancti,
1662 5124 1696 5186 θῖ
1706 5125 1783 5186 sunt
1793 5124 1887 5186 hodie
1897 5141 1963 5187 om-

324 5221 392 5294 tiae,
406 5222 443 5283 ut
461 5228 655 5287 nasceretur
669 5227 709 5286 de
726 5228 832 5288 matre
852 5227 924 5290 sine
943 5231 1046 5305 patre,
1063 5230 1119 5306 qui
1173 5241 1233 5287 nes
1247 5223 1343 5286 electi
1353 5224 1410 5301 qui
1420 5223 1474 5300 pie
1486 5221 1602 5284 volunt
1610 5221 1723 5283 vivere
1733 5221 1768 5281 in
1781 5222 1917 5294 Christo,
1928 5226 1962 5286 et

325 5317 365 5379 de
389 5319 593 5395 patronatus
614 5323 752 5385 estsine
771 5325 887 5386 mairo.
903 5329 1120 5404 Egredimint
1173 5321 1436 5402 persecutionem
1452 5319 1623 5396 patiuntur
1638 5319 1773 5395 propter
1789 5319 1958 5396 justitiam.

323 5419 422 5480 note
435 5419 517 5479 Sion
531 5420 566 5481 οῖ
579 5420 690 5482 videte
704 5423 831 5499 Regem
854 5424 1069 5485 Salomonem
1082 5427 1119 5485 io
1175 5420 1268 5482 Unde
1294 5419 1326 5480 οῖ
1354 5417 1387 5477 in
1418 5417 1557 5480 canticis
1583 5437 1590 5476 :
1614 5416 1711 5478 Sicut
1737 5417 1857 5477 cortex
1881 5421 1961 5479 anati

323 5515 526 5589 diademate,
552 5532 617 5591 quo
631 5521 811 5582 coronavit
831 5533 909 5582 eum
928 5521 1121 5584 matersuc
1171 5518 1299 5594 punam,
1324 5517 1375 5576 εῖο
1396 5529 1494 5591 peace
1515 5514 1585 5574 τοο
1609 5510 1716 5591 (Cant.
1736 5527 1781 5583 vr,
1800 5509 1844 5589 6).
1866 5511 1956 5584 Hesi,

323 5610 362 5670 tn
374 5613 429 5673 dic
441 5615 714 5690 desponsationis
728 5619 817 5680 titius
830 5615 937 5698 (Cant.
952 5633 1000 5691 111,
1015 5616 1078 5697 11).
1175 5613 1288 5678 Sancti
1311 5611 1368 5689 qui
1397 5627 1432 5672 se
1457 5609 1610 5686 affligunt
1642 5608 1683 5672 ad
1719 5608 1958 5673 similitudinem
