4076 6420
42 240 123 302 :61
469 241 515 306 IN
537 243 877 319 announcement.
901 241 1106 306 oonllnlon
1128 241 1330 307 SECUNDA.
1665 241 1726 312 ‘162

45 397 154 461 Ubii
170 397 210 462 In
224 400 345 463 monte.
362 399 417 462 Sic
431 402 520 464 enlm
534 403 684 481 sequitur
699 425 707 467 ε
720 405 767 467 et
780 405 874 468 dnett
925 401 988 464 dus
1001 403 1137 481 propter
1153 403 1339 476 veritatem,
1355 400 1434 480 qula
1450 401 1502 466 est
1518 403 1592 467 sine
1606 405 1724 484 nigre-

44 495 357 558 nmsenmontem
371 497 870 578 eneetsnmseorsumddatth„
926 500 1022 572 dine,
1053 501 1159 572 idest,
1193 500 1266 563 sine
1294 499 1451 562 salsitate.
1482 500 1522 562 nt
1551 502 1602 564 est
1628 519 1724 566 mons

43 589 172 670 xvir).
200 592 292 664 Quod
313 593 350 656 ut
370 593 578 657 manifestius
601 596 676 669 dat,
698 595 738 658 de
758 598 871 659 multis
926 598 1111 671 umbrosus,
1123 600 1156 661 et
1179 599 1376 671 condensus,
1393 597 1470 676 quia
1486 599 1618 662 suntihi
1631 617 1725 678 mps-

47 689 243 751 montibus
257 689 314 768 qui
333 691 369 751 in
389 694 490 754 Sacra
513 693 685 772 Scriptura
705 693 870 771 leguntur,
924 695 1011 757 teria
1023 695 1139 768 multa,
1150 695 1245 773 quasi
1256 695 1392 768 umbra,
1407 696 1441 758 et
1450 696 1562 758 multae
1574 696 1723 772 arbores,

48 787 105 849 ad
140 785 329 848 tollendum
359 787 545 864 fastidium,
576 793 718 870 quatuor
745 795 872 856 tantum
925 792 1030 866 idest,
1054 792 1166 854 multae
1191 793 1364 856 sententia
1385 809 1459 871 quae
1482 793 1610 857 iaciunt
1629 810 1727 856 mon-

49 884 261 961 excipimus
275 885 333 962 qui
345 887 440 964 quasi
455 887 672 951 circumstant
690 889 872 952 Ecclesiam
925 891 990 953 tem
1023 905 1096 952 θεεθ
1123 891 1346 963 condensum,
1377 890 1484 964 idest,
1520 892 1725 969 scripturam

50 981 273 1044 militantem
283 982 325 1044 ab
334 982 460 1046 oriente
471 985 504 1047 et
513 987 695 1061 occidente,
708 986 749 1049 ab
759 987 872 1050 austro
926 987 1111 1050 obscuram.
1128 990 1224 1050 Mons
1236 988 1389 1050 excelsus
1403 990 1455 1050 est
1466 991 1631 1052 secretum
1644 1007 1727 1052 con-

51 1079 96 1142 οῖ
109 1078 158 1140 ab
175 1079 342 1157 aquilone.
363 1082 403 1144 nt
421 1083 609 1161 quiaprius
625 1085 775 1165 estquod
797 1100 873 1148 car·
925 1085 1162 1163 templationis,
1175 1086 1226 1148 vel
1241 1086 1313 1163 ipsa
1327 1086 1572 1163 contemplatio,
1589 1103 1662 1166 quae
1673 1087 1727 1150 di-

46 1175 148 1238 male
164 1176 228 1249 est,
247 1177 280 1239 θῖ
292 1178 407 1254 postea
424 1180 510 1258 quod
527 1182 701 1258 spirituale
714 1183 756 1244 ab
771 1183 871 1260 aqui·
926 1183 1013 1245 citur
1027 1183 1166 1256 secreta,
1183 1183 1262 1261 quia
1276 1199 1373 1246 nemo
1392 1183 1485 1246 illam
1499 1184 1607 1262 potest
1625 1185 1723 1258 scire,

48 1273 149 1335 ‚lone
171 1267 378 1336 inchoemus.
387 1277 437 1339 Sit
451 1277 563 1355 itaque
579 1294 674 1341 mous
694 1280 816 1342 Gelboo
830 1280 872 1341 ah
925 1280 991 1342 nisi
1020 1281 1076 1358 qui
1100 1281 1232 1358 accipit.
1264 1281 1321 1344 Est
1350 1282 1461 1343 autem
1491 1281 1725 1360 contemplatio

52 1368 241 1446 aquilone,
253 1383 348 1434 mons
358 1372 518 1433 Samariae
531 1372 573 1434 ab
583 1374 764 1448 occidente,
777 1391 872 1437 mons
925 1378 1057 1455 quando
1069 1378 1192 1455 aliquis
1206 1377 1256 1440 est
1267 1377 1415 1441 intentus
1427 1379 1469 1440 ad
1481 1379 1678 1454 orationem,
1692 1381 1725 1442 et

52 1465 239 1528 Armenia
254 1465 296 1528 al>
308 1469 433 1542 austro,
449 1485 544 1532 mons
560 1470 664 1533 lsrael
676 1471 718 1534 ab
731 1471 870 1534 oriente.
924 1475 994 1537 tum
1013 1475 1104 1537 videt
1122 1475 1229 1538 oculis
1251 1475 1361 1537 cordis
1382 1476 1497 1538 divina
1514 1477 1549 1541 et
1561 1476 1723 1551 coelestia,

56 1564 170 1624 Mons
185 1563 308 1627 Gelboe
331 1567 409 1629 sunt
430 1582 538 1630 aereae
561 1569 751 1646 potestates.
775 1573 872 1634 Mons
926 1572 958 1634 et
975 1572 1050 1634 ideo
1065 1573 1139 1649 ipsa
1154 1571 1389 1650 contemplatio
1408 1573 1530 1635 dicitur
1548 1588 1643 1636 mons
1663 1589 1728 1636 ex-

54 1661 236 1723 Samariae
251 1661 433 1740 hypocrita
451 1665 575 1729 tristes.
592 1669 688 1730 Mons
705 1669 871 1732 Armenia
925 1669 1045 1742 celsus,
1070 1669 1149 1747 quia
1170 1669 1322 1747 perducit
1336 1670 1504 1732 hominem
1522 1669 1564 1732 ad
1579 1670 1646 1732 alta
1667 1685 1728 1732 co-

57 1757 144 1820 veri
163 1758 325 1836 pastores.
346 1762 441 1824 Mons
458 1763 562 1825 lsrael
585 1765 698 1827 Sancti
711 1765 873 1828 interces-
924 1765 1125 1842 gnoscenda.
1138 1767 1232 1828 Unde
1242 1767 1401 1828 Dominus
1413 1783 1473 1845 per
1483 1765 1605 1828 isaiam
1617 1789 1625 1828 ε
1638 1769 1726 1830 Suo-

60 1870 179 1916 sores.
197 1857 329 1918 Pr1mus
348 1874 443 1920 mons
467 1863 517 1922 est
536 1861 689 1939 frigidus,
708 1862 871 1925 secundus
925 1865 1040 1926 toltum
1048 1867 1082 1927 te
1097 1865 1425 1940 supermundanam
1436 1861 1723 1945 temaetls.,nv111‚

59 1953 215 2030 tepidus,
241 1954 359 2017 tertius
388 1957 534 2032 calidus,
564 1961 701 2037 quartus
729 1960 869 2023 lucidus.
925 1959 990 2040 14).
1007 1962 1072 2023 Iste
1089 1961 1191 2023 etiam
1205 1961 1255 2023 est
1269 1976 1363 2022 mons
1379 1975 1480 2038 super
1493 1976 1591 2038 quem
1601 1959 1726 2038 juben-

60 2049 179 2112 Aliter
197 2054 335 2129 possunt
353 2056 517 2131 premissi
536 2057 711 2134 appellari,
732 2058 769 2121 ut
782 2058 870 2120 dici·
923 2060 979 2121 tur
1001 2057 1182 2120 ascendere
1203 2057 1449 2136 predicatores.
1471 2057 1565 2119 Unde
1588 2056 1693 2119 isaias
1714 2078 1723 2119 ε

62 2148 138 2218 tur,
157 2150 244 2227 quod
259 2152 385 2228 primus
402 2155 453 2216 θεῖ
473 2155 581 2232 lupus,
598 2154 764 2218 secundus
779 2171 872 2218 mer·
923 2159 1037 2230 snper
1060 2157 1214 2217 montem
1237 2160 1412 2218 excelsum
1433 2157 1578 2218 ascende
1603 2155 1641 2216 tu
1666 2157 1725 2232 pm

63 2247 239 2322 canarius,
264 2249 382 2312 tertius
405 2251 519 2329 pastor
542 2251 661 2328 bonus,
679 2254 712 2316 et
734 2254 871 2330 quartus
925 2256 1141 2326 evomamus
1155 2254 1240 2314 Sion
1255 2250 1325 2331 (Is,
1340 2266 1396 2321 ιε,
1410 2249 1457 2331 9).

56 2343 176 2420 judex
188 2347 360 2424 propitius.
377 2350 509 2410 Primus
522 2350 611 2412 enim
624 2350 714 2428 rapit
731 2351 767 2412 ut
781 2365 873 2412 mac-
965 2351 1011 2411 De
1031 2350 1093 2411 hoc
1108 2349 1218 2412 monte
1234 2349 1451 2425 intelligimus
1464 2348 1500 2410 in
1523 2348 1717 2426 Evangelio,

63 2441 131 2514 tat,
155 2444 318 2506 secundus
343 2446 503 2522 praedicat
521 2448 557 2510 ut
573 2447 735 2521 comedat,
752 2448 871 2510 tertius
925 2446 1012 2524 quod
1027 2445 1186 2508 Dominus
1200 2445 1457 2522 transfiguratus
1471 2447 1523 2509 est
1533 2445 1723 2508 coramtri-

64 2539 196 2615 satagit
216 2541 252 2602 ut
273 2543 447 2615 custodiat,
471 2544 608 2621 quartus
630 2545 815 2618 intercedit,
836 2547 873 2608 ut
924 2543 986 2604 hus
1021 2542 1206 2622 discipulis.
1235 2544 1316 2604 Tres
1344 2543 1501 2621 discipuli
1531 2543 1722 2620 significant

61 2635 113 2698 ad
134 2653 170 2698 se
183 2638 305 2700 trahat.
322 2639 453 2700 Primus
471 2643 522 2703 est
539 2641 727 2718 fugiendus,
750 2659 873 2705 secun·
925 2655 1041 2702 omnes
1055 2641 1113 2717 qui
1127 2641 1204 2703 sunt
1217 2639 1355 2718 perlecti
1367 2640 1403 2701 in
1418 2640 1493 2712 tide,
1508 2655 1578 2718 spe,
1592 2641 1625 2702 et
1636 2641 1724 2703 eha-

57 2733 134 2795 dus
151 2734 354 2808 tolerandus,
374 2737 493 2799 tertius
513 2739 709 2814 audiendus,
733 2741 871 2819 quartus
924 2737 1035 2799 ritate.
1061 2739 1179 2798 Coram
1202 2737 1285 2815 ipsis
1307 2737 1563 2812 transfiguratus
1582 2737 1634 2799 θεῖ
1654 2739 1722 2798 Do-

65 2821 312 2907 implor'andus.
328 2833 529 2910 Fugiendus,
544 2837 622 2914 quia
644 2837 724 2900 dicit
744 2838 872 2900 zacha·
925 2833 1035 2895 minus
1061 2837 1160 2896 lesus
1185 2834 1222 2896 in
1247 2834 1358 2896 monte
1385 2834 1529 2906 excelso,
1554 2833 1653 2906 idest,
1682 2833 1719 2895 in

69 2929 146 2990 rias
162 2949 169 2988 ε
184 2930 221 3002 0,
236 2944 267 3002 ο,
284 2945 314 2999 o,
327 2932 451 3008 antte
465 2935 506 2995 de
519 2935 618 2997 temo
631 2939 872 3010 condensant-
925 2931 1213 3010 contemplatione,
1232 2932 1310 3009 quia
1330 2932 1458 2995 revelat
1484 2932 1534 2993 eis
1560 2929 1720 3009 splendo-

56 3027 121 3087 .eit
134 3028 302 3090 Dominus
314 3025 439 3107 (zeon,
453 3044 490 3102 11,
507 3029 552 3112 6).
568 3032 870 3110 Tolerandus,quia
923 3045 994 3091 rem
1006 3030 1125 3106 gloriae
1141 3045 1223 3104 suae,
1246 3031 1280 3092 θῖ
1303 3029 1518 3092 beatitudinis
1536 3028 1639 3090 futuri
1654 3044 1722 3091 εω-

60 3122 153 3183 dicit
166 3123 317 3186 Veritas:
336 3127 419 3194 (lnce
436 3129 563 3202 amnt,
577 3131 693 3205 settle,
708 3144 785 3204 once
801 3146 869 3192 an·
924 3127 1001 3188 culi.
1026 3129 1123 3190 Mons
1145 3126 1298 3190 excelsus
1324 3127 1446 3188 dicitur
1471 3125 1603 3200 melum,
1636 3125 1722 3188 siout

71 3221 532 3300 temsneiunt,notttesocere
545 3223 688 3304 (Mettis,
705 3243 805 3301 xxm,
821 3225 868 3307 3).
922 3223 1027 3284 David
1042 3222 1109 3284 ait:
1132 3227 1300 3286 Dominus
1312 3225 1350 3284 tn
1371 3223 1626 3284 montesancto
1646 3236 1721 3296 sno,

70 3316 273 3392 audiendus,
286 3319 364 3397 quia
374 3322 506 3400 Moyses
523 3324 571 3385 ait
581 3344 588 3384 ε
599 3309 871 3402 IntemopoPa-
922 3324 1092 3382 Dominus
1106 3323 1143 3381 tn
1156 3325 1239 3382 eoeto
1252 3322 1351 3381 sedes
1367 3314 1591 3397 ejus(Ps.10‚
1607 3315 1652 3398 5)·
1675 3321 1723 3381 ΒΘ

73 3415 164 3476 trem
185 3417 284 3478 tuum
306 3418 341 3480 et
363 3421 453 3481 dicet
467 3420 537 3494 tint,
559 3426 713 3494 majores
727 3424 815 3494 tuos,
835 3423 871 3484 et
923 3418 986 3479 hac
1001 3415 1079 3476 sede
1094 3415 1175 3477 dicit
1189 3415 1428 3491 Evangelium:
1447 3419 1535 3488 Volo,
1547 3417 1669 3489 Pater,
1682 3417 1722 3477 ut

69 3513 325 3576 carnunttuonnt
345 3515 406 3578 tttn
427 3513 550 3594 (Dent,
571 3533 657 3590 1111,
677 3517 868 3598 7).1mplo-
922 3516 980 3575 ndi
1007 3527 1070 3587 epo
1094 3527 1188 3584 snm,
1211 3515 1279 3574 inte
1298 3511 1345 3572 stt
1370 3510 1405 3573 et
1436 3511 1599 3573 minister
1621 3525 1721 3573 mem

68 3610 206 3684 raudus,
218 3612 297 3690 quia
309 3612 390 3674 dicit
398 3612 481 3676 lob:
495 3618 591 3688 Voce,
606 3619 637 3676 st
651 3615 703 3678 est
714 3619 774 3689 ont
787 3629 868 3678 res·
924 3608 1111 3690 (ioan-111,
1131 3605 1197 3688 24)·
1220 3609 1316 3668 M0ns
1339 3605 1504 3668 Olivarum
1527 3607 1578 3668 esi
1602 3606 1719 3668 chari·

68 3710 217 3782 ‘pendeat
230 3711 300 3782 tibi,
315 3711 567 3786 elocutionem
578 3713 871 3776 Sanctorumcon·
922 3707 974 3769 tas
996 3705 1067 3778 Dei,
1090 3705 1187 3779 idest,
1210 3720 1304 3767 amor
1327 3720 1392 3782 quo
1406 3703 1518 3780 diligit
1539 3719 1611 3766 nos.
1639 3705 1720 3777 Quae

73 3805 210 3868 vertere
224 3810 261 3868 in
275 3807 412 3870 Sancite
424 3812 499 3880 ejus
514 3807 600 3888 (Joh,
617 3807 713 3888 v,1).·
923 3803 1069 3866 charitas
1087 3803 1162 3864 ideo
1186 3802 1308 3864 dicitur
1322 3817 1417 3863 mons
1433 3801 1609 3875 olivarum,
1632 3801 1720 3864 idest

116 3902 192 3964 Item
211 3903 352 3980 legimus
375 3904 411 3966 in
434 3907 555 3970 Sancta
575 3907 759 3984 Scriptura,
782 3907 869 3985 quod
923 3902 1029 3964 mater
1041 3900 1188 3963 omnium
1203 3899 1520 3963 misericordiarum.
1536 3899 1619 3973 Quia
1630 3899 1717 3962 sicut

76 4001 231 4062 Dominus
245 4002 395 4066 ascendit
407 4003 444 4065 in
461 4003 530 4066 tres
547 3989 687 4078 montes,¹
701 4003 867 4078 videlicet,
923 4001 958 4062 iu
980 3999 1093 4062 monte
1116 3997 1280 4060 olivarum
1301 3996 1397 4058 erant
1415 3995 1527 4058 multae
1549 3996 1657 4070 olivae,
1673 3997 1721 4059 ita
1767 4033 1771 4041 -

75 4097 112 4158 in
123 4100 262 4162 montem
271 4100 475 4174 umbrosum,
486 4103 522 4162 in
533 4102 677 4164 montem
685 4102 867 4173 excelsum,
922 4098 1011 4160 etde
1026 4095 1190 4159 charitate
1203 4095 1264 4157 Dei
1278 4094 1400 4156 dantur
1414 4093 1508 4156 nobis
1523 4094 1637 4156 multae
1656 4095 1722 4156 mi·

77 4196 111 4257 θῖ
124 4195 157 4256 in
171 4198 313 4258 montmn
331 4198 506 4260 olivarum.
522 4201 619 4262 Mons
632 4199 807 4262 umbrosus
819 4201 870 4263 θεῖ
922 4194 1126 4258 sericordiae.
1142 4195 1228 4256 Nam
1249 4192 1336 4254 sicut
1350 4192 1431 4254 dicit
1444 4191 1718 4256 Ecclesiasticus:

78 4293 236 4369 scriptura
255 4294 379 4356 veteris
398 4296 617 4370 testamenti,
633 4313 708 4375 quae
721 4297 798 4360 ideo
812 4298 868 4360 di·
921 4293 1105 4356 Miseratto
1130 4293 1279 4354 nomino
1316 4290 1369 4352 est
1402 4294 1497 4352 atron
1515 4294 1722 4366 monimum

78 4391 161 4452 citur
175 4406 268 4452 mons
285 4389 469 4467 umbrosus,
482 4394 560 4472 quia
573 4395 737 4473 scriptura
747 4395 869 4460 veteris
921 4407 1036 4464 mum,
1051 4390 1233 4451 miseratio
1247 4389 1365 4450 entem
1382 4389 1446 4449 Dei
1462 4403 1569 4463 snper
1582 4401 1720 4450 omnem

79 4485 272 4547 Testamenti
297 4487 348 4548 est
374 4487 474 4548 nimis
499 4489 578 4563 alta,
604 4490 637 4552 et
658 4490 734 4553 ideo
755 4507 867 4566 mons3
920 4483 1534 4568 oanwm(uccl.xv111‚12).cnristus
1554 4483 1591 4544 in
1609 4483 1720 4548 monte

81 4583 211 4644 multum
224 4583 400 4661 profunda,
414 4586 449 4648 et
461 4585 535 4648 ideo
553 4587 740 4650 umbrosus.
755 4588 870 4666 Serip-
922 4587 988 4649 isto
1006 4583 1160 4661 vigilavit
1172 4583 1205 4645 et
1219 4581 1338 4654 oravit,
1362 4580 1494 4658 quando
1518 4580 1625 4644 dixit:
1651 4586 1722 4643 Pc-

82 4681 151 4742 tura
170 4681 290 4744 veleris
309 4684 512 4745 Testamenti
533 4683 655 4749 dicitur
676 4701 772 4748 mons
794 4701 870 4747 um·
923 4685 1045 4757 tensi
1069 4683 1150 4756 Item
1169 4681 1294 4756 potest,
1315 4679 1473 4741 transeat
1495 4694 1518 4740 a
1542 4693 1599 4740 me
1627 4681 1720 4740 calte
1758 4675 1760 4682 ’

80 4777 200 4852 brosus,
210 4777 289 4856 quia
299 4780 350 4842 est
359 4780 457 4858 plena
467 4781 501 4844 et
510 4780 650 4844 obscura
661 4782 768 4860 plenis
778 4799 871 4860 mys-
921 4783 998 4854 iste,
1020 4779 1193 4842 nonstcnt
1212 4792 1274 4855 epo
1296 4781 1382 4848 voto,
1401 4779 1462 4838 sed
1484 4777 1575 4837 emo
1603 4775 1642 4836 tn
1664 4778 1721 4836 nis

82 4875 167 4938 teriis
183 4876 215 4939 et
226 4877 339 4939 multis
358 4879 586 4942 sacramentis.
606 4881 653 4942 De
676 4879 741 4943 hoc
757 4881 869 4943 monte
923 4877 1055 4959 (Matth.
1069 4893 1163 4949 xxvi,
1183 4874 1249 4956 39).
1269 4873 1419 4936 Christus
1435 4872 1534 4934 tertio
1549 4871 1668 4946 orarit,
1685 4872 1721 4935 ut

83 4974 692 5054 dicitllabacucprophetazDominns
705 4993 729 5041 c
741 4981 869 5042 Libano
922 4975 1056 5040 doceret
1081 4991 1143 5037 nos
1165 4973 1350 5036 orationem
1370 4971 1484 5034 ualere
1506 4969 1548 5032 ad
1567 4969 1653 5032 triaz
1670 4969 1720 5031 nd

83 5074 196 5145 oculei,
204 5073 394 5136 etSamtus
404 5077 444 5137 de
454 5077 570 5138 monte
578 5077 780 5138 umcrosoet
788 5091 871 5139 eon-
922 5072 1163 5153 impetrandam
1185 5071 1318 5133 veniam
1337 5069 1373 5133 in
1393 5068 1626 5131 remissionem
1641 5083 1723 5144 pec-

83 5175 186 5232 denso.
198 5169 364 5243 Quantum
374 5171 416 5232 ad
426 5172 704 5248 significationem
713 5173 867 5250 pertinet,
922 5175 1091 5247 catorum;
1117 5169 1159 5231 ad
1179 5168 1365 5232 habendam
1381 5167 1524 5244 gratiam
1542 5166 1579 5226 in
1599 5163 1721 5228 effectu

78 5266 217 5336 ,Libanus
239 5266 273 5328 θῖ
290 5282 385 5329 mons
398 5267 572 5332 umbrosus
585 5270 619 5332 et
632 5269 819 5334 condensus
834 5270 869 5332 in
922 5270 1084 5332 bonorum
1109 5281 1265 5345 operum3
1291 5265 1332 5326 ad
1363 5261 1621 5342 promovendam
1646 5262 1722 5338 glo-

85 5364 188 5427 eodem
203 5380 303 5426 sensu
317 5365 490 5443 accipitur.
507 5368 652 5430 Libanus
668 5367 870 5446 interpreta-
922 5369 1007 5430 riam
1020 5368 1056 5428 in
1070 5381 1174 5442 regno
1188 5362 1359 5426 coelorum.

84 5465 135 5525 tur
154 5461 352 5537 candidatio,
374 5466 407 5526 et
425 5463 592 5540 significat
608 5466 731 5529 ueteris
753 5467 870 5529 Testa·
962 5468 1009 5528 De
1024 5466 1087 5527 hoc
1101 5461 1364 5538 montelegimus
1379 5457 1414 5520 ln
1427 5456 1619 5534 Evangelio,
1633 5455 1719 5535 quod

87 5559 177 5623 menti
192 5559 400 5638 scripturam,
417 5577 490 5642 quae
505 5562 626 5628 dicitur
642 5579 737 5627 mons
754 5563 870 5628 candi·
923 5563 1083 5628 Dominus
1097 5563 1205 5636 lesus,
1222 5557 1361 5623 elevatis
1383 5554 1536 5621 manibus
1558 5555 1638 5629 suis,
1659 5552 1720 5617 be-
