4090 6426
28 271 120 336 437

31 431 216 494 fuerunt.
240 431 358 493 Potitis
379 431 467 492 enim
488 429 714 506 Langobardls
735 431 870 507 regibus

36 529 257 590 exarchatu
281 531 463 601 Ravennae,
489 527 597 605 iisque
611 529 750 590 Romam
763 531 871 606 ipsam

36 641 235 703 occupare
261 625 463 697 nitentibus,
494 625 682 702 Stephanus
710 628 740 686 Il
762 629 869 702 Papa,

37 739 160 784 anno
188 723 311 784 Christi
335 725 406 796 754,
437 723 563 784 Gallias
587 722 715 800 petens,
737 723 871 800 Pippini

36 821 160 896 regis
176 837 272 897 opem
286 819 487 897 imploravit,
498 835 596 896 quam
611 819 652 880 ab
665 819 872 897 imperatori·

38 917 121 978 bus
142 917 526 994 constantinopolitanis
541 933 678 995 sperare
693 934 760 979 non
772 919 871 996 pote-

39 1017 126 1087 rat,
150 1030 343 1093 quanquam
358 1015 399 1076 de
415 1031 530 1077 eorum
545 1015 645 1076 rebus
657 1015 715 1076 aut
727 1031 871 1092 recupe-

40 1113 197 1185 randis,
206 1113 264 1174 aut
278 1113 516 1174 conservandis
531 1112 698 1190 ageretur.
710 1112 872 1190 Pippinus

39 1210 182 1272 valido
203 1209 354 1272 exercitu
368 1209 420 1270 bis
435 1211 561 1284 coacto,
578 1211 709 1272 Italiam
733 1209 872 1273 subinde

42 1308 255 1383 ingressus,
273 1307 528 1383 Langobardum
548 1307 590 1371 ad
610 1323 726 1385 pacem
750 1309 871 1386 peten-

43 1405 143 1466 dam
160 1405 289 1480 adegit3
304 1405 520 1466 exarchatum
533 1421 613 1467 vero
625 1405 665 1466 ab
676 1406 873 1482 usurpatore

44 1502 256 1572 dimissum,
266 1501 372 1563 veluti
382 1518 453 1564 rem
464 1501 528 1563 sibi
539 1503 688 1580 paratam
695 1501 870 1580 jurebelli,

47 1602 231 1660 Romanae
252 1598 408 1660 Ecclesiae
430 1600 516 1660 dono
536 1599 638 1661 dedit.
654 1599 740 1661 Hinc
761 1601 872 1662 autem

48 1695 233 1757 Romanis
266 1695 485 1758 Pontificibus
518 1696 560 1757 ad
592 1700 720 1774 majora
748 1711 872 1758 conse-

47 1792 213 1869 quenda,
230 1794 264 1855 et
275 1791 317 1854 ad
332 1792 570 1855 dominandum
585 1793 620 1854 in
633 1793 706 1871 ipsa
722 1796 872 1857 Romana

52 1889 173 1962 Urbe,
187 1890 312 1966 gradus
324 1891 375 1952 est
386 1889 492 1952 tactus
509 1912 517 1953 ι
534 1907 672 1969 quorum
685 1891 872 1968 exemplum

49 1988 217 2049 minores
241 1987 357 2060 sedes,
380 1975 421 2049 'ut
444 2004 581 2066 quaeque
609 1988 727 2065 potuit,
753 1988 872 2050 deinde

51 2085 248 2158 aemulatae,
265 2101 372 2161 neque
386 2086 495 2147 solum
510 2085 669 2163 episcopi,
687 2085 744 2148 sed
760 2086 792 2147 et
805 2102 873 2148 mo·

50 2182 218 2244 hasteria
237 2183 397 2255 virorum,
424 2183 492 2243 imo
516 2182 549 2245 et
575 2182 785 2256 seminarum,
816 2184 873 2245 aut

52 2279 199 2356 amplas
214 2279 366 2342 civitates
376 2279 553 2357 regendas,
565 2282 624 2342 aut
633 2281 770 2342 castella
785 2280 873 2343 inte-

51 2393 137 2452 gra,
158 2376 270 2439 aliave
289 2377 483 2455 temporalis
498 2377 748 2450 dominationis
765 2378 798 2440 et
811 2394 871 2440 re-

57 2473 202 2548 galium
220 2474 348 2551 jnrium
366 2475 488 2547 frusta,
518 2473 582 2576 sibi
608 2475 869 2553 conquisierunt.

53 2572 131 2630 Cur
148 2571 243 2632 tanta
267 2587 307 2632 ao
326 2572 395 2632 tam
414 2570 587 2648 splendida
609 2572 758 2634 accessio
783 2570 871 2634 sacta

56 2667 260 2729 lueritcleri
267 2667 396 2743 opibus,
404 2667 434 2729 si
442 2683 578 2729 causam
588 2668 684 2744 petis,
696 2684 764 2730 non
770 2683 872 2730 unam

55 2763 206 2824 adferre
221 2779 367 2840 possum.
389 2765 513 2836 Prima,
529 2765 627 2842 atque
645 2764 791 2827 omnium
811 2781 873 2842 po-

55 2861 201 2921 tissima
225 2859 308 2920 mihi
333 2860 465 2922 videtur
487 2863 714 2924 Peccatorccm
735 2865 872 2924 redem-

52 2959 151 3030 pree,
172 2955 213 3017 de
233 2972 297 3034 qua
313 2955 397 3030 tuse,
409 2957 444 3018 in
460 2957 694 3021 dissertatione
710 2961 749 3021 68
761 2959 870 3020 actum

60 3055 128 3114 est.
156 3053 285 3130 Nempe
306 3054 431 3132 iniquis
449 3055 492 3116 iis
512 3055 716 3132 temporibus
737 3057 820 3119 vitia
839 3057 873 3118 et

60 3150 212 3210 crimina
223 3150 323 3212 latius
336 3152 436 3214 etiarn
448 3169 546 3230 quam
556 3156 670 3215 nostro
681 3169 752 3216 aevo
764 3153 872 3215 abun-

61 3247 212 3310 dabant:
226 3248 324 3326 atque
339 3249 411 3311 haec
423 3249 538 3312 eadem
549 3266 707 3328 perversa
719 3251 791 3314 lues
804 3267 870 3314 non

61 3360 147 3406 raro
164 3345 301 3408 afflabat
314 3347 404 3423 ipsos
419 3363 531 3410 rerum
546 3349 709 3422 dominos,
726 3350 872 3427 impera-

62 3441 172 3514 tores,
188 3457 296 3517 reges,
311 3457 351 3504 ac
364 3444 543 3520 principes,
560 3444 681 3521 quibus
696 3447 872 3522 propterea

62 3539 308 3613 poenitentibus
328 3541 498 3601 canonicae
517 3556 634 3616 poenae,
655 3543 735 3603 tunc
749 3543 871 3602 mirum

64 3633 100 3694 in
112 3633 420 3710 modumvigentes,
434 3651 453 3696 a
466 3636 571 3698 sacris
581 3637 739 3698 Ecclesia
750 3637 871 3699 minis-

62 3729 127 3792 tris
152 3730 394 3792 indicebantur.
412 3732 512 3793 Nulla
534 3732 601 3793 alia
620 3733 693 3794 erat
711 3733 872 3796 evadendi

60 3825 284 3905 JeJ'uniorum,
299 3827 504 3906 aliarumque
516 3829 742 3906 expiationum
754 3845 872 3893 sacra-

66 3939 144 3984 rum
158 3939 244 3984 onus
265 3925 471 4002 principibus
483 3926 576 3998 viris,
601 3943 701 4005 quam
721 3943 794 4006 quae
811 3945 873 4006 po-

68 4020 162 4096 pulo,
177 4019 307 4082 scilicet
323 4021 533 4099 eleemosyna
548 4022 583 4084 in
606 4040 782 4101 pauperes,
801 4025 871 4088 sive

69 4115 257 4178 oblationes
284 4118 495 4193 praediorum,
523 4120 654 4198 aliaque
682 4121 871 4199 huJ'usmodi

70 4212 157 4274 dona
181 4213 287 4275 sacris
309 4214 391 4276 locis
417 4216 515 4292 atque
542 4217 702 4294 collegiis.
731 4219 871 4280 Multum

68 4309 183 4370 tamen
207 4309 368 4372 intererat
393 4312 481 4374 inter
498 4313 590 4390 vulgi
614 4330 654 4375 ac
670 4330 788 4391 regum
810 4330 870 4377 re-

72 4405 279 4482 demptiones
301 4427 308 4467 :
336 4407 466 4470 minora
487 4410 575 4471 enim
596 4427 656 4487 pro
682 4412 872 4476 conditione

73 4501 243 4564 hominum
259 4520 299 4566 ac
313 4505 505 4568 divitiarum
523 4507 744 4584 exigebantur
762 4525 783 4570 a
806 4525 870 4588 po-

73 4600 161 4674 puio,
201 4603 329 4678 majora
355 4618 435 4664 vero
469 4620 490 4665 a
529 4606 643 4681 populi
669 4606 870 4680 rectoribus;

73 4698 142 4757 turn
159 4699 246 4775 quod
264 4699 401 4774 gravius
414 4701 500 4777 apud
514 4704 618 4762 Deum
629 4702 728 4778 pendi
743 4703 873 4766 soleant

76 4795 247 4870 complura
271 4795 458 4873 principum
487 4797 645 4875 crimina3
670 4799 741 4860 tum
771 4799 872 4861 etiam

76 4892 160 4965 quod
184 4891 451 4969 magnificentius
473 4910 553 4970 erga
578 4898 681 4956 Deum
707 4898 872 4972 agendum

77 4988 125 5050 est
137 4989 220 5049 viris
235 4989 435 5066 potentibus,
452 4993 485 5052 et
498 4993 590 5054 tanta
604 4991 765 5054 bonorum
776 4995 871 5072 copia

77 5085 297 5156 affluentibus,
309 5103 408 5164 quarn
420 5088 611 5150 hominibus
621 5089 771 5166 privatis.
785 5092 870 5153 Exi-

78 5196 173 5254 guum
195 5183 283 5245 enim
305 5185 462 5262 pauperis
482 5186 603 5248 donum
623 5186 768 5249 oblatum
790 5191 868 5261 Deo,

78 5281 198 5352 grande
213 5280 378 5342 interdurn
394 5282 458 5344 sit:
475 5284 510 5345 at
521 5284 645 5358 divitie,
662 5285 728 5347 imo
743 5286 870 5365 princi-

80 5375 128 5450 pis
144 5376 276 5450 oblatio,
305 5378 333 5438 si
352 5380 482 5441 modica
506 5381 558 5453 sit,
580 5382 664 5444 nihil
681 5383 784 5446 terme
803 5385 868 5460 est;

82 5473 231 5552 nulloque
252 5491 326 5537 cum
362 5476 517 5540 donantis
549 5479 756 5543 incommodo
784 5497 869 5544 con-

78 5570 201 5644 juncta,
240 5573 348 5649 potius
381 5575 421 5635 ad
451 5574 624 5639 avaritiam
648 5579 867 5656 prodendam,

714 271 840 334 LlBER
861 267 1074 334 CENSUUM.

1666 266 1725 326 438

926 447 1024 508 quam
1039 429 1080 492 ad
1093 426 1303 490 redimendas
1316 427 1526 503 peccatorum
1537 439 1652 502 poenas
1664 440 1728 501 ap-

925 528 1056 589 tissima
1069 526 1129 588 est.
1147 523 1366 598 Quamobrem
1381 538 1587 585 consuevere
1599 523 1726 599 princi-

926 641 984 702 pes
1000 639 1039 685 ac
1060 623 1227 700 praecipue
1241 637 1337 698 reges
1357 621 1390 684 et
1411 621 1639 697 imperatores,
1659 635 1726 680 non

927 721 1052 799 praedia
1067 721 1174 782 solum
1196 721 1228 784 et
1250 719 1370 791 curtes,
1387 718 1487 797 idque
1502 733 1602 794 saepe,
1617 716 1726 778 eccle-

926 819 985 880 siis
1000 819 1122 880 offerre
1132 817 1230 895 atque
1244 817 1362 892 largiri
1377 832 1437 892 pro
1453 815 1628 878 criminum
1644 829 1725 874 suo-

926 933 1000 977 rum
1014 915 1224 988 remissione,
1244 914 1302 976 sed
1323 913 1462 976 castella
1483 913 1595 983 etiam,
1613 910 1723 983 urbes,

927 1015 1113 1086 comitatus,
1129 1013 1310 1080 marchias,
1323 1009 1472 1085 ducatus
1484 1011 1617 1090 aliaque
1627 1025 1726 1086 rega-

927 1111 973 1173 lia
983 1115 1076 1189 jura,
1092 1111 1233 1174 vetustis
1252 1109 1444 1172 muneribus
1460 1125 1545 1170 nova
1568 1108 1725 1170 addentes

926 1209 962 1270 in
979 1207 1060 1282 dies,
1075 1210 1133 1272 aut
1147 1208 1265 1270 saltem
1277 1209 1391 1270 vetera
1405 1207 1650 1270 confirmantes.

966 1309 1037 1369 Hoc
1047 1307 1147 1370 etiam
1160 1306 1256 1368 titulo
1265 1307 1387 1383 practer
1401 1305 1630 1377 exarchatum,
1640 1303 1726 1365 alias

927 1421 1057 1482 quoque
1069 1405 1223 1481 regiones
1237 1405 1357 1466 Sancto
1368 1405 1466 1465 Petro
1476 1402 1634 1465 obtulisse
1647 1416 1725 1464 ore·

926 1501 1026 1564 dendi
1059 1504 1136 1565 sunt
1159 1501 1320 1579 Pippinus
1343 1502 1377 1563 et
1404 1500 1542 1562 Carolus
1569 1501 1723 1575 Magnus,

927 1601 1131 1661 Francorum
1157 1614 1268 1675 reges3
1296 1597 1396 1674 idque
1424 1597 1566 1658 innuero
1593 1596 1726 1657 videtur

926 1697 998 1774 ipse
1017 1696 1205 1758 Hadrianus
1229 1697 1254 1768 I,
1280 1697 1383 1771 Papa,
1405 1694 1441 1755 in
1458 1693 1589 1771 epistol.
1614 1693 1664 1765 92,
1683 1691 1725 1756 ad

926 1793 1077 1855 eumdem
1115 1793 1291 1865 carolum,
1323 1791 1358 1853 in
1394 1791 1514 1853 Codice
1543 1790 1723 1863 carolino,

926 1891 1010 1968 part.
1025 1905 1061 1963 11,
1069 1891 1147 1952 tom.
1162 1892 1219 1952 ΙΙΙ.
1235 1893 1316 1952 Her.
1334 1890 1489 1952 Italicae.
1504 1887 1554 1950 lbi
1565 1888 1725 1965 decapua

926 1987 1043 2049 scribit
1057 1986 1339 2062 pontifexemet
1353 1987 1451 2048 heato
1462 1985 1572 2048 Petro
1585 1985 1727 2060 Aposto-

927 2086 1043 2147 torrem
1064 2087 1216 2160 winetre
1238 2098 1305 2160 pro
1321 2085 1479 2146 mercede
1504 2085 1634 2144 aetenae
1652 2097 1726 2144 oes-

927 2183 1010 2254 trae,
1039 2183 1142 2256 etque
1175 2181 1390 2256 sempiterno
1421 2183 1608 2252 memoria,
1646 2195 1725 2242 curn

925 2279 1050 2342 ceteris
1068 2279 1264 2340 civitatibus
1286 2278 1463 2340 obtulistis.
1476 2277 1633 2340 Eamdem
1645 2293 1725 2354 pee-

926 2375 1075 2437 catorum
1094 2374 1318 2452 expiationem
1335 2390 1404 2451 prae
1428 2373 1545 2444 oculis,
1570 2374 1607 2436 ut
1632 2375 1722 2450 puto,

926 2471 1073 2534 habuere
1087 2472 1190 2534 ceteri
1211 2472 1378 2549 principes
1399 2471 1433 2534 et
1450 2487 1559 2547 reges,
1576 2471 1633 2550 qui
1652 2475 1723 2534 Ro-

926 2585 1033 2632 manae
1047 2569 1203 2632 Ecclesiae
1218 2570 1276 2632 aut
1291 2569 1378 2632 dono
1394 2568 1566 2642 dederunt,
1583 2569 1641 2631 aut
1662 2569 1725 2630 tri-

925 2666 1057 2730 butaria
1069 2666 1252 2729 effecerunt
1269 2681 1375 2743 regna
1394 2683 1454 2728 sua
1466 2667 1535 2728 sive
1548 2666 1722 2743 principa-

925 2763 989 2836 tus,
1008 2765 1066 2827 aut
1079 2763 1190 2826 urbes.
1213 2765 1251 2824 In
1277 2779 1418 2842 quorum
1441 2779 1580 2825 numero
1595 2764 1725 2826 constat

926 2861 1005 2922 olim
1033 2860 1137 2923 tuisse
1161 2877 1264 2938 regna
1292 2861 1481 2938 Hispaniae,
1511 2861 1722 2938 Arragoniae,

925 2958 1117 3031 Lusitaniae,
1136 2958 1296 3032 Poloniae,
1317 2959 1444 3032 Daniae,
1460 2958 1641 3029 Bohemiae,
1654 2960 1724 3020 An-

925 3055 1013 3132 gliae,
1028 3055 1207 3128 Hiberniae,
1221 3056 1414 3133 Hungariae,
1435 3056 1469 3118 et
1482 3056 1561 3128 alia,
1576 3073 1649 3134 quae
1666 3055 1723 3116 diu

925 3152 1165 3230 quodammodo
1184 3154 1220 3216 in
1237 3156 1314 3231 jure
1337 3154 1451 3216 Sancti
1472 3152 1574 3226 Petri,
1595 3153 1653 3216 aut
1673 3153 1725 3215 ei-

925 3251 998 3312 dem
1011 3253 1169 3314 Romanae
1175 3252 1332 3314 Ecclesiae
1342 3267 1478 3314 censum
1490 3267 1647 3324 annuum,
1655 3251 1724 3312 tes-

924 3348 990 3409 tem
1009 3349 1202 3426 temporalis
1226 3347 1454 3426 subjectionis,
1478 3349 1720 3426 persolverunt.

927 3444 990 3506 Sed
1006 3444 1213 3521 potissimum
1228 3445 1350 3506 saeculo
1362 3446 1511 3521 vulgaris
1525 3461 1603 3507 aerae
1618 3445 1724 3508 unde-

926 3542 1023 3614 cimo,
1039 3541 1230 3619 hujusmodi
1245 3541 1470 3604 oblationibus
1481 3543 1579 3605 aucta
1594 3544 1645 3604 est
1661 3546 1725 3605 Ro·

926 3653 1101 3699 manorum
1117 3639 1314 3700 Pontificum
1327 3637 1474 3715 potentia
1486 3640 1585 3716 atque
1597 3642 1723 3717 majes-

925 3736 988 3797 tas.
1005 3737 1042 3796 In
1053 3735 1094 3796 iis
1105 3735 1193 3796 enim
1208 3735 1439 3813 perquirendis
1451 3752 1491 3798 ae
1505 3737 1723 3812 procurandis

926 3831 1104 3895 sollicitum
1129 3848 1165 3893 se
1189 3849 1258 3910 prae
1282 3832 1402 3894 ceteris
1423 3833 1565 3909 praebuit
1583 3849 1723 3911 magnus

927 3929 982 3990 ille
995 3930 1178 3992 Pontificiae
1196 3930 1367 4007 dignitatis
1385 3932 1533 3993 assertor
1547 3932 1581 3994 et
1598 3949 1724 4009 propu-

925 4027 1044 4103 gnator
1058 4027 1236 4103 Gregorius
1254 4027 1425 4105 septimus
1433 4028 1481 4090 uti
1494 4044 1538 4089 ex
1552 4031 1625 4106 eJ’us
1640 4029 1724 4105 epis·

925 4124 983 4186 tol.
998 4126 1029 4196 3,
1042 4123 1100 4185 lib.
1117 4126 1162 4186 IX
1173 4125 1274 4201 patet,
1290 4125 1325 4186 in
1339 4141 1403 4204 qua
1418 4127 1608 4204 episcopum
1624 4127 1725 4188 Pata-

925 4222 1073 4283 viensern
1094 4223 1221 4294 monet,
1244 4223 1281 4284 ut
1300 4223 1535 4300 Welphonem,
1559 4225 1724 4302 Bajoarias

926 4319 1724 4400 ducem,a1i0squedermaniaeprincipes,quanta

925 4415 1041 4492 possit,
1062 4430 1143 4476 cura
1160 4414 1295 4479 inducat
1312 4416 1355 4478 ad
1375 4416 1600 4495 subjiciendas
1613 4419 1723 4480 terras

926 4528 1004 4574 suas
1017 4514 1138 4574 Sancto
1151 4514 1251 4574 Petro
1259 4529 1327 4589 pro
1338 4529 1484 4577 suorum
1500 4517 1725 4591 peccatorum

925 4609 1144 4672 absolutione.
1167 4612 1215 4670 En
1237 4613 1309 4687 eJus
1330 4611 1455 4672 verba:
1471 4629 1489 4672 v
1505 4613 1541 4673 Si
1560 4615 1724 4674 Henricus

925 4706 1010 4768 torte
1039 4705 1302 4782 Longobardiam
1329 4708 1517 4781 intraverit,
1543 4709 1724 4770 admonere

926 4805 1025 4866 etiam
1043 4805 1088 4874 te,
1109 4803 1281 4865 carissime
1304 4803 1419 4876 trater,
1439 4805 1591 4866 volumus
1607 4806 1723 4868 ducem

925 4901 1156 4978 welphonem,
1173 4899 1209 4961 ut
1228 4900 1421 4962 fidelitatem
1434 4901 1531 4963 beato
1551 4903 1649 4965 Petro
1667 4902 1723 4964 sa-

926 4999 1001 5071 ciat,
1020 4998 1107 5059 sicut
1121 5013 1229 5059 cetam
1242 4998 1454 5074 imperatrice
1468 5001 1595 5074 hgnete
1610 5003 1643 5062 et
1657 5001 1725 5078 epi-

926 5111 1024 5173 scopo
1040 5097 1198 5166 Cumano,
1218 5111 1347 5156 mecum
1371 5095 1547 5173 disposuit,
1565 5113 1723 5161 concesso

925 5193 988 5254 sibi
1003 5192 1224 5270 postmortem
1237 5193 1342 5269 patris
1354 5195 1426 5270 eJ'us
1437 5192 1610 5256 beneficio.
1627 5196 1724 5259 Illum

924 5290 1013 5353 enim
1027 5290 1131 5352 totum
1146 5289 1180 5350 in
1195 5290 1322 5366 gremio
1337 5289 1426 5352 beati
1444 5291 1535 5352 Petri
1552 5292 1724 5356 desidera-

924 5405 997 5450 mus
1008 5387 1183 5459 collocare,
1195 5389 1229 5449 et
1238 5387 1278 5448 ad
1292 5391 1365 5465 ejus
1379 5388 1551 5450 servitium
1567 5393 1725 5468 speciali-

923 5487 975 5548 ter
991 5500 1185 5562 provocare.
1213 5487 1317 5556 Quam
1336 5485 1541 5548 voluntatem
1566 5488 1595 5549 si
1611 5489 1647 5550 in
1669 5506 1720 5564 eo,

923 5583 975 5644 vel
999 5583 1098 5645 etiam
1119 5581 1154 5642 in
1173 5581 1250 5643 aliis
1278 5583 1465 5660 potentibus
1493 5585 1585 5658 viris,
1610 5602 1723 5650 amore
