4084 6428
322 331 379 392 εει
786 333 1508 400 nononn1norsnn-sean0uas.
1919 333 1977 394 otc

324 489 681 572 tunquamipoisiact.
693 507 730 566 u,
740 491 784 576 1),
798 494 895 568 idest,
905 496 1025 558 radioli
1034 495 1125 573 ignei
1178 486 1978 574 iem.Postpotestatemnecessariaestroluntas
2029 450 2030 484 ¹

323 588 359 650 in
379 589 513 650 modum
532 589 734 667 linguarum,
755 591 939 655 insidentes
959 595 1124 671 capitibus
1178 593 1262 656 hene
1277 593 1448 672 operandi,
1463 592 1541 671 quia
1556 607 1673 653 servus
1685 591 1898 653 damnatura
1914 593 1980 652 Do·

324 701 451 748 eorum.
470 687 553 758 Quid
572 688 791 765 intelligimus
808 706 868 767 per
888 692 1035 767 linguam
1054 691 1119 754 nisi
1175 692 1276 764 mino,
1291 691 1367 768 quia
1381 707 1447 753 non
1462 691 1534 753 vult
1546 689 1678 767 operari
1692 689 1732 750 de
1744 689 1873 750 talento
1887 704 1979 750 com-

325 783 630 860 sapientiamiQuid
638 787 825 863 perignem,
835 789 1121 850 nisichariiatemi
1175 788 1289 850 misso.

323 882 371 942 De
392 881 556 958 sapientia
577 883 699 944 dicitur
721 884 756 944 in
777 885 966 948 Proverbiis
991 908 999 946 c
1022 889 1121 960 Aqua
1216 888 1262 947 De
1274 885 1381 962 primo
1396 885 1529 961 legitur,
1553 883 1651 962 quod,
1669 887 1750 947 lesu
1764 883 1934 960 baptizato
1949 885 1981 944 et

320 980 497 1054 monendo
506 982 610 1040 verbo
618 995 665 1042 ee
672 995 733 1042 ore
740 985 820 1054 viri,
833 985 866 1044 et
876 984 1014 1044 torrens
1023 988 1121 1045 imm·
1176 983 1303 1055 0rante,
1316 982 1466 1059 apertum
1475 984 1527 1044 θεῖ
1536 982 1668 1053 coelum,
1680 981 1895 1043 etdescendit
1907 980 1981 1057 Spi-

326 1077 413 1136 dons
434 1078 513 1150 sous
537 1079 719 1151 sapientae
748 1079 858 1154 (Pron.
880 1095 976 1152 xviri,
999 1080 1045 1162 4).
1075 1083 1121 1141 De
1175 1080 1259 1143 ritus
1276 1081 1415 1142 Sanctus
1434 1080 1469 1140 in
1488 1079 1597 1156 ipsum
1617 1078 1782 1156 corporali
1798 1079 1924 1156 specie,
1939 1079 1981 1138 si·

326 1171 489 1235 charitate
499 1173 548 1235 ait
562 1174 721 1236 Dominus
734 1175 769 1237 in
781 1177 962 1254 Evangelio
977 1199 984 1238 :
1000 1181 1122 1255 iguem
1176 1179 1232 1240 cui
1245 1176 1408 1249 columba,
1421 1177 1454 1238 et
1464 1191 1531 1238 vox
1544 1175 1653 1238 Patris
1666 1175 1830 1238 intonuit:
1847 1179 1885 1238 Η
1886 1179 1916 1236 ic
1929 1177 1980 1236 esi

326 1271 407 1332 veui
429 1271 569 1332 mittere
583 1273 781 1347 interram,
802 1275 931 1349 etquid
948 1279 1032 1348 ooio,
1054 1279 1124 1337 nisi
1177 1275 1677 1349 rutusowusuuectmmouo
1688 1277 1775 1336 mibi
1788 1277 1873 1336 tene
1886 1287 1981 1334 cooa-

325 1366 365 1428 ui
378 1369 521 1432 ardeuil
531 1367 624 1448 (Luc.
638 1386 698 1444 xn,
708 1370 772 1450 49).
790 1373 1029 1435 intervirtutes
1042 1373 1124 1434 cha·
1174 1375 1288 1448 pucut
1303 1369 1435 1450 (Matth.
1450 1386 1534 1443 xvn,
1552 1370 1598 1450 5).
1620 1373 1667 1432 De
1684 1370 1829 1434 secundo
1842 1371 1978 1446 legitur,

327 1464 412 1526 ritas
426 1466 478 1528 est
495 1467 675 1546 praecipua,
692 1470 725 1531 et
743 1470 832 1532 inter
845 1472 933 1535 dona
948 1473 1059 1549 prima
1073 1470 1125 1534 est
1178 1469 1264 1547 quod
1279 1486 1354 1531 cum
1366 1471 1463 1532 lesus
1477 1469 1618 1531 dixisset
1631 1467 1810 1546 Apostolis,
1828 1484 1906 1543 puae
1921 1483 1981 1530 oo-

328 1562 503 1638 sapientia.
521 1565 673 1630 Charitas
688 1567 776 1630 enim
793 1569 949 1632 informat
963 1570 1076 1642 vitam,
1091 1569 1125 1630 ei
1178 1571 1239 1640 bis,
1261 1566 1461 1636 insufflavit,
1484 1567 1518 1628 et
1538 1566 1586 1628 ait
1606 1587 1613 1626 ε
1636 1566 1981 1640 Accipersmruum

328 1659 492 1734 sapientia
504 1660 661 1726 informat
675 1664 869 1727 doctrinam.
885 1670 964 1739 Quae
978 1666 1044 1729 duo
1061 1667 1124 1729 de·
1178 1665 1353 1736 Sanctum,
1369 1679 1517 1738 quorum
1530 1664 1739 1726 remiseritis
1751 1663 1907 1738 peccata,
1923 1679 1982 1725 re-

329 1754 410 1817 bent
423 1771 496 1817 esse
512 1757 547 1818 in
562 1761 790 1834 praedicatore,
809 1764 926 1826 utnon
942 1765 1047 1827 solum
1064 1765 1126 1827 do-
1178 1763 1368 1824 miiiuutur
1381 1765 1441 1834 eis,
1459 1762 1493 1824 et
1503 1775 1652 1836 pecorum
1669 1763 1901 1833 retinueritis,
1918 1777 1979 1822 re-

330 1853 404 1914 ceat
422 1853 535 1926 uerbo,
559 1857 615 1917 sed
635 1859 797 1936 exemplo.
820 1861 902 1932 Quia
918 1879 984 1924 non
1003 1861 1125 1924 suflicit
1180 1861 1274 1921 teuto
1287 1861 1369 1922 suut
1384 1859 1494 1938 (Joan.
1510 1875 1568 1931 xx,
1582 1856 1645 1931 23).
1663 1861 1709 1920 Ι)θ
1724 1859 1826 1921 tertio
1837 1875 1921 1920 vero
1932 1860 1981 1920 le-

330 1950 543 2028 praedicatori
571 1953 694 2018 hahere
718 1958 906 2035 exemplum
935 1959 1023 2032 vitae,
1051 1959 1125 2021 sine
1179 1957 1283 2032 gitur,
1312 1957 1398 2035 quod
1422 1973 1441 2017 c
1464 1957 1571 2019 laetus
1593 1957 1647 2018 est
1667 1957 1804 2033 repente
1827 1956 1869 2018 de
1893 1957 1979 2018 cralo

330 2047 433 2110 verbo
446 2048 616 2123 doctrinm,
633 2053 711 2130 quia
727 2071 828 2116 unum
846 2057 917 2118 sine
933 2056 1039 2119 altero
1053 2074 1127 2120 mo-
1179 2069 1325 2127 «sonus,
1344 2056 1513 2132 tamquam
1533 2055 1742 2116 advenientis
1759 2054 1900 2131 spiritus
1918 2071 1980 2115 ne—

330 2144 439 2207 dicum
451 2147 548 2210 valet.
562 2149 685 2213 Ardeat
698 2152 801 2228 igitur
819 2153 906 2230 ignis
921 2155 955 2215 in
968 2155 1079 2228 corde,
1091 2157 1126 2218 ut
1179 2152 1387 2225 chementis,
1409 2153 1443 2214 et
1466 2152 1606 2230 replerit
1628 2151 1731 2214 totam
1750 2152 1901 2222 domum,
1925 2151 1982 2212 uhi

330 2241 444 2320 lingua
466 2261 612 2322 congrue
631 2247 795 2312 doceaiin
809 2267 878 2314 ore.
898 2254 983 2314 Nam
1002 2267 1125 2331 pecca·
1179 2251 1309 2312 «erant
1329 2250 1492 2313 sedentes.
1515 2251 1554 2311 nt
1575 2250 1803 2327 apparuerunt
1822 2249 1892 2310 illis
1912 2249 1981 2309 dis-

330 2340 397 2402 tori
410 2341 496 2405 dixit
509 2346 616 2406 Deus:
631 2349 745 2414 Quare
760 2349 798 2410 iu
811 2352 1127 2423 enarresjusittios
1180 2348 1342 2426 «penite
1358 2348 1493 2424 lingum,
1513 2347 1681 2425 tamquam
1705 2347 1804 2423 ignis,
1830 2346 1980 2423 seditque

331 2453 440 2512 meos,
462 2443 495 2502 et
506 2447 657 2506 assumis
674 2445 918 2510 testamentum
934 2463 1050 2510 remutet
1060 2463 1127 2524 per
1180 2461 1314 2523 «super
1328 2445 1476 2522 singulos
1487 2461 1613 2507 eorum.
1625 2462 1643 2505 ε
1654 2445 1766 2506 Prima
1777 2443 1892 2505 missio
1905 2444 1982 2521 Spi-

332 2551 372 2600 οε
387 2539 506 2600 tuumi
520 2538 590 2619 (Ps.
606 2544 656 2616 49,
671 2541 736 2623 16.)
1181 2544 1265 2605 ritus
1278 2542 1392 2605 Sancti
1414 2541 1503 2606 facia
1526 2545 1577 2605 est
1598 2543 1632 2603 in
1644 2541 1820 2619 baptismo,
1834 2540 1980 2602 secunda

373 2636 517 2712 Spiritus
542 2642 682 2702 Sanctus
704 2657 783 2718 ergo
807 2643 932 2706 effmus
956 2646 1128 2722 estsuper
1181 2641 1217 2704 in
1242 2641 1499 2714 resurrectione,
1523 2639 1623 2702 tertia
1649 2640 1686 2700 in
1714 2640 1919 2702 Pentecoste.
1942 2641 1979 2699 In

307 2732 507 2826 'Apostolos
522 2735 557 2796 in
574 2737 682 2814 igneis
694 2739 829 2816 linguis,
840 2742 876 2802 in
886 2757 951 2820 quo
960 2743 1128 2820 figuraha-
1182 2741 1289 2818 prima
1320 2739 1479 2802 missione
1513 2737 1626 2801 audita
1659 2737 1710 2800 est
1736 2752 1803 2798 vox
1830 2737 1940 2797 Patris
1970 2753 1978 2796 :

333 2829 399 2902 tur,
416 2833 494 2907 quia
510 2834 652 2910 Spiritus
670 2839 811 2901 Sanctus
825 2856 909 2917 quos
928 2841 1125 2918 repleverat,
1181 2839 1276 2900 «llic
1297 2838 1347 2901 θεῖ
1362 2837 1467 2898 Filius
1485 2852 1579 2899 meus
1597 2835 1738 2898 dilectus
1761 2834 1796 2895 in
1818 2849 1883 2911 quo
1899 2834 1980 2894 mihi

332 2923 413 2990 fecit
426 2930 581 2993 ardentes
595 2934 631 2994 in
644 2934 817 3012 charitate,
834 2939 867 3000 et
886 2938 1077 3015 eloquentes
1092 2939 1126 2999 in
1182 2953 1200 2997 ε
1214 2936 1298 2998 hene
1308 2935 1504 3013 complacui.
1516 2951 1535 2996 u
1548 2936 1585 2995 In
1598 2933 1743 2994 secunda
1756 2932 1916 2994 missione
1926 2949 1981 2992 au·

333 3039 501 3103 sermone;
524 3029 605 3092 iacit
622 3033 776 3096 ardentes
794 3035 830 3096 in
850 3034 1032 3111 eharitate3
1049 3037 1127 3113 quid
1181 3034 1286 3096 ditum
1302 3035 1351 3096 θεῖ
1366 3033 1505 3096 verbum
1522 3031 1622 3093 Filii:
1637 3029 1981 3108 ‹decipiteSpiriium

333 3122 384 3183 est
407 3123 553 3186 charitas
567 3127 634 3187 nisi
655 3131 771 3190 amori
784 3133 831 3192 De
847 3148 913 3209 qua
928 3133 1125 3210 Apostolus:
1182 3148 1200 3192 ε
1217 3132 1383 3193 Sanctum.
1399 3133 1544 3202 Quorum
1557 3128 1755 3192 remiseritis
1767 3128 1915 3205 peccata,
1927 3143 1983 3188 re-

332 3222 425 3282 Deus
440 3223 594 3284 chorites
607 3226 658 3286 esi
680 3223 709 3305 (Ι
727 3229 823 3289 Joan.
840 3230 894 3301 lv,
912 3228 975 3310 16).
993 3233 1033 3292 Εῖ
1047 3230 1128 3292 alihi
1182 3229 1391 3291 «mittuntur
1402 3229 1464 3290 eis.
1480 3245 1498 3289 a
1514 3230 1551 3290 ln
1565 3225 1664 3290 teriia
1676 3226 1835 3287 missione
1849 3225 1982 3288 auditus

332 3319 441 3380 idern:
458 3321 618 3382 Charitas
631 3326 696 3384 Dei
706 3325 834 3399 diffusa
853 3327 906 3388 esi
920 3331 957 3388 iu
970 3331 1129 3392 coraibus
1183 3325 1233 3387 est
1247 3341 1348 3386 sonus
1364 3324 1518 3402 Spiritus,
1530 3323 1619 3402 quia,
1635 3323 1771 3385 «iactus
1784 3323 1834 3384 esi
1846 3323 1982 3398 repente

331 3416 463 3478 uostris
478 3433 544 3492 per
557 3421 728 3494 Spiritum
747 3424 924 3498 Sanctum,
940 3423 1006 3500 'qui
1027 3427 1129 3490 dotus
1183 3423 1257 3485 «de
1271 3421 1354 3485 coelo
1372 3438 1475 3484 sonus
1492 3422 1661 3499 tamquam
1680 3420 1888 3483 advenientis
1916 3420 1983 3498 spi-

333 3515 386 3576 est
396 3519 493 3578 uobis
507 3513 617 3596 (Rom.
633 3535 666 3591 v,
681 3518 727 3600 5).
745 3521 839 3584 Facit
847 3522 947 3584 etiam
962 3523 1128 3602 eloquen·
1183 3523 1302 3584 «ritus
1324 3521 1540 3584 vehementis.
1566 3536 1585 3580 a
1606 3521 1644 3580 ln
1667 3520 1730 3580 hac
1751 3534 1831 3594 ergo
1855 3517 1981 3595 triplici

333 3611 384 3672 tes
397 3612 433 3674 in
457 3629 621 3688 sermone,
647 3617 737 3694 quia,
758 3633 832 3680 cum
849 3620 999 3697 Apostoli
1018 3622 1130 3683 essent
1183 3619 1342 3680 missione
1352 3617 1464 3680 audita
1478 3619 1600 3679 estrox
1611 3615 1876 3690 Patris,verhum
1889 3615 1979 3688 Filii,

332 3707 456 3782 idiotae,
473 3710 581 3774 subito
591 3717 931 3792 acceperuntomnem
942 3719 1126 3794 scientiam,
1183 3718 1217 3779 et
1237 3732 1338 3779 sonus
1362 3715 1521 3793 Spiritus,
1547 3715 1583 3778 ut
1604 3730 1663 3791 per
1686 3713 1749 3775 hoc
1773 3713 1979 3784 ostendatur,

333 3807 367 3870 et
376 3807 522 3870 omnium
534 3810 723 3886 linguarum
735 3814 899 3876 notitiam.
910 3815 1004 3878 Unde
1018 3817 1056 3879 in
1064 3821 1130 3879 Ac-
1183 3815 1270 3893 quod
1283 3814 1468 3876 Paraclitus
1482 3814 1546 3875 iste
1557 3814 1678 3874 missus
1689 3813 1741 3874 est
1748 3811 1979 3888 spiritualiter,

332 3903 421 3966 tibus
429 3907 680 3982 Apostolorum:
696 3913 906 3989 «Coeperunt
919 3914 1010 3992 loqui
1025 3914 1129 3976 variis
1184 3927 1251 3975 non
1278 3911 1425 3974 soluma
1454 3912 1554 3973 Patre
1575 3911 1608 3972 et
1632 3910 1728 3982 Filio,
1754 3909 1812 3970 sed
1836 3909 1939 3970 eiiam
1962 3923 1981 3968 a

335 4001 470 4080 linguis,
485 4007 583 4082 prout
598 4008 742 4084 Spiritus
756 4012 896 4073 Sanctus
907 4010 1006 4075 dabat
1017 4013 1128 4090 eloqui
1184 4011 1305 4087 seipso,
1322 4009 1399 4086 quia
1414 4009 1557 4070 indivisa
1575 4008 1652 4071 sunt
1663 4023 1764 4084 opera
1777 4005 1961 4068 Trinitatis.

334 4099 413 4162 illis.
430 4100 546 4179 »(bct.
563 4119 599 4176 n,
622 4104 668 4184 4.)
682 4106 774 4169 Unde
786 4108 821 4168 in
837 4110 1016 4186 Evangelio
1031 4113 1130 4173 :Nou
1224 4107 1320 4168 Indie
1328 4106 1439 4168 autem
1447 4107 1569 4168 nostrae
1577 4103 1843 4176 resurrectionis,
1852 4103 1982 4180 quando

333 4202 428 4260 enim
439 4195 500 4260 uos
512 4200 606 4272 estis,
623 4206 681 4276 qui
696 4208 884 4278 loquimini,
899 4209 961 4268 sed
982 4209 1130 4282 spiritam
1184 4204 1365 4266 secundum
1376 4203 1509 4275 lsaiam,
1524 4202 1712 4266 effundetur
1724 4217 1825 4280 super
1835 4217 1897 4263 nos
1909 4201 1982 4278 Spi-

332 4296 456 4358 Pairis
470 4298 589 4369 uestri,
601 4303 659 4373 qui
674 4303 825 4375 equitio
839 4306 876 4364 iu
887 4305 981 4365 eoois
997 4302 1127 4383 (Matth.
1184 4304 1268 4366 ritus
1279 4303 1319 4364 de
1329 4302 1473 4374 excelso,
1483 4299 1982 4378 Spiritusapparebitsuperom·

334 4407 369 4464 Σ,
385 4390 452 4471 20)-
1184 4400 1358 4462 neshonos
1369 4399 1405 4460 in
1416 4397 1523 4475 igneis
1538 4398 1673 4474 linguis,
1685 4397 1764 4475 quia
1780 4395 1859 4458 honi
1872 4395 1982 4457 lauda-

374 4491 563 4554 Notandum
578 4494 629 4556 θεῖ
639 4495 761 4568 autem,
774 4496 860 4573 quod
872 4497 1017 4575 Spiritus
1031 4501 1131 4562 Sanc·
1184 4497 1415 4559 huntDeumin
1424 4495 1578 4574 perlectis
1589 4494 1775 4557 actionibus
1785 4493 1979 4570 gratiarum.

336 4589 389 4650 ius
413 4590 448 4650 in
464 4591 589 4668 triplici
617 4592 728 4670 specie
751 4593 872 4670 legitur
899 4611 972 4658 esse
996 4598 1127 4658 missus.
1185 4598 1269 4658 Nam
1295 4594 1403 4671 ignem
1429 4595 1553 4670 lingua
1580 4591 1760 4654 secundum
1783 4591 1980 4668 anagogiam

334 4687 460 4760 Primo,
488 4689 655 4764 uidelicet,
685 4691 720 4751 in
741 4692 904 4765 columba,
926 4693 1071 4756 secundo
1094 4695 1129 4756 in
1184 4693 1375 4770 significant
1399 4691 1516 4754 laudes
1542 4691 1733 4752 sanctorum
1754 4690 1788 4751 et
1807 4688 1980 4751 honorum.

334 4783 426 4856 datu,
452 4785 549 4848 tertio
564 4788 675 4850 autem
692 4788 727 4848 in
743 4789 830 4865 igne.
850 4791 996 4852 Necesse
1011 4791 1075 4853 luit
1094 4793 1130 4855 ut
1185 4791 1328 4870 Spiritus
1340 4788 1642 4851 administratorius
1658 4788 1709 4849 est
1722 4785 1861 4864 quilibet
1881 4802 1982 4862 ange·

334 4881 409 4945 istis
421 4883 527 4946 trihus
544 4885 650 4947 modis
667 4886 854 4949 mitteretur
867 4888 1011 4965 Spiritus
1025 4875 1136 4950 Sanc-³
1183 4890 1236 4952 lus
1250 4889 1366 4960 honus,
1384 4887 1441 4966 qui
1455 4887 1597 4948 mittitur
1611 4885 1646 4947 in
1661 4883 1885 4946 ministerium
1901 4900 1980 4946 nos-

333 4980 388 5042 tus
411 4981 612 5044 hominibus.
643 4985 680 5045 In
705 4984 856 5046 columba
883 4985 972 5046 enim
996 4989 1131 5050 notatur
1184 4991 1245 5050 trae
1261 4987 1388 5049 salutis.
1413 4984 1507 5066 Unde
1521 4983 1699 5061 Apostolus
1714 4982 1794 5045 dicit
1812 4982 1853 5044 de
1875 4999 1980 5058 ange-

333 5077 476 5152 honiias,
490 5081 527 5142 in
548 5081 629 5142 datu
652 5081 811 5158 potestas,
827 5082 861 5144 in
876 5083 954 5159 igne
970 5084 1129 5160 operandi
1185 5086 1226 5146 lis
1248 5107 1255 5146 :
1282 5088 1406 5147 οῖηηθε
1424 5083 1507 5145 suut
1523 5081 1818 5143 administratorii
1838 5081 1981 5155 spirtius

333 5177 499 5240 uoluntas.
520 5178 633 5240 Primo
648 5195 785 5242 neeesse
798 5181 859 5252 est,
874 5181 911 5242 ut
927 5181 1015 5244 adsit
1033 5181 1131 5243 honi·
1186 5187 1222 5245 iu
1242 5183 1476 5244 mireisierium
1490 5183 1590 5242 missi
1599 5180 1747 5255 propter
1760 5193 1828 5250 eos,
1845 5181 1904 5252 qui
1916 5183 1982 5240 bm-

333 5276 397 5349 tas,
421 5280 598 5354 antequam
625 5276 721 5338 detur
751 5279 913 5356 potestas,
939 5279 1018 5357 quia
1050 5279 1131 5342 dicit
1184 5281 1369 5344 reditaiem
1382 5279 1657 5354 coptuutsaiuiis
1672 5274 1823 5355 (Hebri,
1837 5275 1901 5353 14).
1915 5277 1982 5337 Om-

333 5374 609 5437 Ecclesiasticus:
629 5378 707 5438 Noli
721 5391 880 5450 quaerere
906 5378 986 5450 iteri
1003 5381 1128 5450 judee,
1185 5395 1244 5442 nes
1270 5377 1381 5452 angeli
1410 5377 1488 5436 sunt
1522 5374 1659 5452 spiritus
1688 5373 1980 5442 administratorii,

332 5475 404 5534 uisi
414 5477 528 5547 possis
547 5473 678 5534 virtute
692 5476 892 5548 irrumpere
906 5479 943 5536 iu
959 5477 1129 5549 iniquita-
1185 5476 1281 5548 idest,
1294 5473 1581 5546 administrantes;
1596 5471 1673 5548 quia
1684 5470 1921 5533 administrant
1933 5487 1982 5531 no

337 5569 387 5630 ies
403 5569 517 5649 (Eccli.
536 5587 595 5643 vn,
611 5573 654 5652 6).
675 5572 775 5642 Quasi
795 5572 919 5635 diceret
935 5594 942 5632 :
956 5573 1025 5633 noli
1040 5573 1131 5636 acci·
1184 5575 1235 5636 bis
1248 5573 1397 5635 diuinam
1411 5570 1566 5647 gratiam,
1582 5569 1635 5632 vel
1652 5563 1871 5630 iluminando
1887 5569 1980 5630 corda

335 5681 413 5746 pere
430 5667 625 5744 potestatem
649 5669 715 5730 nisi
738 5671 831 5749 prius
854 5669 978 5732 babeas
998 5670 1131 5736 bonita-
1185 5673 1311 5744 nostra,
1336 5669 1388 5733 vel
1410 5667 1625 5732 eustodiendo
1646 5681 1706 5728 nos
1726 5681 1746 5728 a
1765 5665 1940 5745 periculis;
1957 5665 1981 5727 ei
