4084 6428
322 281 383 341 sie
783 257 960 342 nesciui
980 280 1027 340 111
1047 279 1196 342 ornas.
1212 305 1251 324 -
1266 277 1499 342 srsuouas.
1911 275 1978 337 see

323 441 411 500 Deus
426 453 528 516 opera
539 453 611 502 sua.
625 439 665 503 ut
679 454 739 501 sex
753 438 824 502 dies
844 440 920 501 sunt
935 438 1114 501 secundum
1169 438 1244 511 soll,
1259 437 1336 516 qnia
1349 437 1500 498 Christus
1513 436 1587 498 erat
1599 434 1717 498 tertius
1730 435 1787 512 qui
1802 435 1878 496 erat
1894 450 1975 496 cum

322 538 455 613 Legem,
467 536 502 596 in
514 536 633 614 quibus
643 536 722 598 licet
734 536 877 615 operari.
894 536 1025 613 Septem
1035 550 1114 598 vero
1169 536 1229 607 eis,
1253 536 1339 596 sicut
1357 534 1479 597 dicitur
1498 534 1535 594 in
1553 533 1752 609 Evangelio:
1775 533 1844 594 Isti
1862 535 1976 592 disei-

322 635 364 696 ad
383 633 532 711 requiem
551 634 727 710 pertinent,
754 635 832 711 quia
852 634 923 695 dies
943 633 1113 711 septimus,
1166 637 1240 708 parii
1256 634 1377 694 euutes
1396 636 1441 694 ud
1456 631 1633 694 castellum
1647 634 1829 702 limnaeus,
1852 635 1975 703 toqtae-

323 731 360 793 ut
373 731 420 793 ait
441 731 584 808 Moyses,
608 731 678 792 dies
693 731 909 793 recreationis
933 731 994 792 est.
1022 729 1115 792 Unde
1170 730 1296 790 dautur
1308 733 1353 790 ud
1371 717 1519 792 iuutceui'
1537 731 1579 790 de
1603 732 1657 790 liis
1672 743 1749 802 quae
1766 719 1974 789 aeciderunt

322 829 360 890 in
381 828 500 890 Genesi
515 844 523 884 :
538 829 584 890 Ei
598 830 767 903 requievit
787 830 880 890 Deus
894 831 948 890 die
971 828 1116 902 septimo
1170 827 1204 888 ei
1217 827 1311 902 facia
1324 827 1427 890 eraut
1446 829 1487 888 de
1500 830 1585 888 Iesu
1594 823 1689 903 (Luc.
1705 839 1802 897 mv,
1817 822 1888 903 14).

323 929 365 990 ab
377 929 472 988 muui
485 940 589 1000 opere
609 929 698 999 quod
710 927 876 1000 pairarat
893 923 988 1004 (Gen.
1008 939 1045 996 11,
1068 922 1113 1002 2).
1210 925 1250 985 ut
1261 940 1322 984 nos
1337 923 1502 995 similiter,
1516 939 1637 1000 corpus
1645 925 1678 985 et
1688 923 1840 999 spiritus,
1852 937 1974 982 eamim

324 1023 467 1086 Octavus
485 1022 538 1084 vel
553 1021 638 1096 oct0,
655 1022 696 1084 ad
717 1022 994 1084 resurrectionem
1008 1021 1116 1098 perti·
1171 1020 1213 1082 ad
1234 1020 1408 1082 castellnm
1432 1022 1598 1094 Emmaus,
1619 1019 1719 1094 idest,
1739 1019 1780 1080 ad
1796 1018 1971 1103 caelestem

321 1120 416 1193 tinet,
437 1119 514 1198 quia
533 1122 652 1182 octava
671 1118 725 1182 die
741 1120 927 1182 resurrexit
944 1119 1116 1197 primoge-
1170 1117 1323 1197 patriam,
1337 1133 1405 1180 non
1418 1117 1589 1194 gressibus
1601 1117 1733 1194 pedum,
1747 1116 1806 1178 sed
1819 1114 1973 1177 moribus

321 1217 412 1279 nitus
427 1217 642 1279 mortuorum.
1169 1215 1332 1279 bonorum
1347 1231 1495 1292 operum.
1516 1217 1555 1276 tu
1578 1214 1632 1275 his
1661 1215 1771 1276 autem
1793 1211 1973 1289 discipulis

363 1314 422 1376 Isti
437 1329 515 1392 ergo
529 1312 684 1392 discipuli
703 1329 765 1375 sex
784 1313 942 1374 milliaria
957 1328 1032 1374 cum
1046 1314 1117 1374 Do·
1171 1313 1299 1376 invenit
1313 1311 1464 1374 Christus
1478 1312 1544 1374 tria
1563 1311 1671 1373 mala:
1687 1310 1862 1374 tristitiam
1876 1309 1975 1370 ride-

322 1411 413 1474 mino
428 1411 655 1484 cucurrerant,
670 1412 748 1489 quia
758 1413 830 1490 ejus
843 1407 1115 1488 operaviderant,
1156 1410 1259 1482 'licet
1276 1409 1450 1472 stultitiam
1465 1412 1498 1471 et
1511 1408 1752 1470 infidelitatem.
1767 1406 1971 1478 Tristitiam,

321 1510 356 1570 at
369 1523 444 1570 eum
458 1510 551 1570 sexto
568 1509 622 1570 die
641 1525 774 1585 passum
789 1507 823 1570 et
835 1509 1000 1570 mortuum
1015 1505 1117 1568 fuisse
1171 1507 1258 1569 sicut
1276 1507 1435 1568 Dominus
1450 1506 1531 1568 dicit
1549 1506 1618 1568 eis:
1645 1509 1708 1572 Qui
1723 1505 1806 1568 suut
1829 1508 1868 1566 lii
1894 1519 1974 1565 ser-

322 1605 525 1682 eredebant;
545 1597 685 1682 septimo
706 1621 786 1667 vero
801 1621 876 1666 cum
895 1605 1010 1667 eodem
1034 1618 1116 1680 per·
1170 1619 1288 1666 moues
1313 1619 1397 1679 quos
1419 1606 1584 1680 confertis
1607 1607 1652 1665 ud
1676 1605 1825 1664 inuicem
1849 1604 1974 1664 ombu-

321 1703 491 1774 rexerant,
514 1703 592 1778 quia
615 1717 691 1762 eum
711 1703 747 1762 in
768 1702 915 1779 requiem
938 1701 1116 1778 sepulturae
1170 1701 1280 1762 iuuies
1294 1701 1329 1762 ei
1349 1701 1432 1762 estis
1446 1700 1565 1762 tristes
1583 1697 1679 1779 (lbid.
1696 1697 1768 1778 13)1
1783 1697 1972 1759 stultitiam

323 1797 461 1886 sabbato
500 1796 685 1875 depositum
724 1796 922 1860 didicebant.
959 1798 1117 1861 Octavum
1172 1798 1204 1859 et
1214 1796 1441 1858 infidelitatem
1453 1797 1539 1860 sicut
1550 1797 1709 1858 Dominus
1718 1797 1903 1872 increpans
1914 1810 1973 1854 eos

324 1910 405 1957 vero
420 1895 613 1956 milliarium
626 1911 693 1956 nou
708 1893 934 1972 perfecerant:
952 1895 1009 1956 sed
1021 1895 1117 1970 quasi
1171 1892 1275 1956 dixit:
1292 1895 1423 1957 Osiuiti
1434 1895 1468 1956 ei
1482 1895 1575 1956 turdi
1587 1897 1688 1955 corde
1698 1895 1743 1954 ud
1756 1895 1973 1954 credendum

323 1993 495 2054 dimidium
510 1993 699 2069 attigerant,
717 1993 795 2069 quia
809 2008 885 2054 eum
905 1993 1116 2054 resurrectu-
1171 1993 1208 2051 iu
1219 1995 1467 2067 omnibusque
1477 1990 1859 2066 wcutisuuipropltetoe
1870 1986 1970 2066 (ibid.

324 2107 399 2152 rum
417 2089 621 2151 dubitabant.
638 2089 731 2152 Unde
745 2091 841 2167 quasi
855 2089 1042 2151 diffidentes
1063 2089 1117 2150 di·
1170 2087 1242 2168 25)l
1264 2089 1386 2151 Contra
1399 2089 1473 2151 haec
1491 2089 1556 2151 tria
1578 2088 1666 2149 mele
1684 2087 1841 2165 opposuit
1855 2087 1971 2147 Domi-

323 2186 460 2250 cebant:
476 2188 675 2250 Nosuutem
688 2189 912 2262 sperabamus
926 2189 1013 2262 quod
1028 2187 1118 2252 esset
1171 2201 1233 2247 nus
1261 2186 1327 2248 tria
1353 2186 1462 2248 hona:
1482 2187 1597 2249 contra
1617 2185 1789 2248 tristitiam
1814 2184 1972 2262 opposuit

323 2285 570 2360 redempturus
583 2287 694 2346 lsrael
715 2281 810 2363 (Luc.
834 2299 928 2356 xxiv,
953 2282 1019 2364 21).
1053 2283 1117 2344 Sed
1171 2283 1443 2356 consolationem,
1468 2299 1567 2361 quam
1586 2281 1775 2344 habuerunt
1796 2282 1970 2360 discipuli,

323 2397 424 2458 quum
446 2381 606 2458 usquead
627 2381 800 2442 castellum
822 2381 1029 2460 perveniunt,
1046 2395 1118 2442 me-
1172 2379 1303 2456 quando
1318 2379 1544 2456 cognoverunt
1564 2395 1640 2440 eum
1655 2368 1698 2440 'in
1720 2378 1889 2440 fractione
1912 2394 1973 2454 pa-

323 2479 478 2540 dietatem
513 2478 622 2539 octavi
656 2478 816 2550 milliarii,
840 2478 926 2556 quod
958 2476 1114 2550 restabat,
1171 2477 1243 2552 uis,
1260 2479 1375 2539 contra
1395 2477 1570 2539 stultitiam
1593 2476 1747 2554 opposuit
1767 2476 1970 2547 doctrinam,

324 2577 509 2653 complent;
537 2576 616 2653 quia
641 2575 677 2636 iu
700 2575 862 2637 fractione
885 2576 980 2652 panis
1004 2589 1118 2636 resur·
1171 2574 1249 2650 quia
1264 2575 1383 2636 stultus
1397 2573 1565 2636 docendus
1578 2573 1638 2636 est.
1654 2575 1694 2636 ut
1707 2573 1770 2635 hoc
1778 2572 1861 2635 fecit
1869 2589 1969 2650 quum

321 2673 452 2734 rexisse
464 2673 638 2735 Dominum
658 2673 895 2748 cognoverunt.
908 2674 947 2734 Ut
960 2672 1032 2734 haec
1043 2672 1118 2749 post
1170 2671 1368 2747 incipiense
1383 2673 1497 2747 Moyse
1511 2672 1545 2732 et
1559 2670 1711 2742 omnibus
1723 2670 1902 2748 prophetis
1912 2671 1968 2730 in-

322 2770 497 2846 sexaginta
512 2769 630 2842 stadia,
645 2769 723 2848 quia
735 2770 769 2830 in
785 2771 879 2831 sexta
892 2769 1005 2831 mundi
1020 2769 1117 2830 aetate
1170 2767 1414 2845 terpretabatur
1436 2767 1504 2828 illis
1528 2768 1564 2829 in
1595 2767 1747 2830 omnibus
1776 2767 1968 2844 scripturis,

321 2867 358 2928 in
382 2881 483 2928 carne
511 2866 665 2944 apparuit
688 2867 770 2944 ipse,
796 2868 829 2928 et
849 2868 923 2944 post
944 2866 1116 2944 septimam
1171 2882 1245 2942 quae
1260 2865 1300 2926 de
1315 2865 1386 2942 ipso
1402 2866 1507 2926 erant.
1527 2865 1648 2927 Contra
1662 2864 1898 2926 infidelitatem
1912 2880 1972 2940 op-

322 2963 454 3025 aeiatem
470 2963 644 3039 apparebit
652 2964 753 3039 justis
768 2963 801 3024 et
817 2963 1057 3040 peccatoribus,
1081 2962 1119 3023 ut
1170 2962 1282 3040 posuit
1306 2963 1578 3040 increpationem,
1604 2962 1718 3023 dicens
1742 2964 1791 3024 :0
1813 2963 1914 3024 stulti
1938 2961 1970 3022 ei

322 3058 439 3119 reddat
453 3058 633 3134 unicuique
647 3059 827 3119 secundum
843 3075 943 3135 opera
956 3075 1028 3120 sua.
1172 3061 1265 3122 turdi
1296 3063 1399 3122 corde
1426 3063 1471 3122 ad
1496 3063 1738 3121 credeuduuu!
1764 3063 1894 3122 Nortiae
1921 3062 1971 3119 sic

362 3153 545 3216 collocutio
563 3153 812 3229 discipulorum,
835 3156 922 3216 sicut
936 3155 1115 3233 proposui·
1170 3157 1323 3230 oportuit
1336 3157 1411 3232 pau
1435 3158 1611 3219 caustum
1634 3157 1668 3217 et
1694 3158 1745 3218 ito
1766 3158 1908 3218 intrare
1935 3160 1970 3216 tn

321 3265 411 3323 mus,
442 3250 564 3311 nostrae
594 3249 698 3312 servit
726 3250 948 3312 instructioni.
990 3255 1027 3314 ln
1053 3253 1116 3314 hoc
1169 3252 1746 3333 piorumsuum(nuc.xx1v,25)i

321 3346 411 3409 enim
438 3347 590 3424 exemplo
625 3347 749 3408 scimus
780 3348 866 3425 quod
892 3349 1052 3411 Dominus
1080 3365 1117 3410 se
1209 3349 1334 3411 Euntes
1347 3350 1460 3428 itaque
1474 3351 1630 3426 discipuli
1646 3349 1781 3422 Christi,
1793 3349 1892 3422 idest,
1910 3351 1966 3427 qui

322 3444 509 3506 amantibus
522 3443 617 3505 nobis
634 3445 732 3524 etpie
749 3446 789 3508 de
803 3447 876 3523 ipso
894 3447 1116 3525 colloquenti·
1170 3446 1354 3509 doctrinam
1382 3447 1505 3509 Christi
1529 3447 1730 3525 sequuntur,
1755 3463 1822 3508 non
1847 3447 1968 3508 debent

320 3542 382 3603 hus
417 3541 562 3605 ostendit
604 3542 769 3620 seipsum,
807 3543 894 3606 sicut
931 3543 1011 3608 fecit
1041 3545 1115 3608 istis
1170 3547 1242 3622 ejus
1265 3544 1352 3606 facta
1368 3544 1500 3607 silentio
1513 3545 1637 3621 tegere,
1660 3545 1716 3606 sed
1732 3560 1866 3621 semper
1878 3545 1967 3621 loqui

320 3639 459 3702 duobus.
472 3639 634 3716 Discipuli
646 3639 769 3702 Christi
782 3640 817 3701 in
831 3643 933 3702 sacra
944 3642 1116 3718 Scriptura
1170 3642 1210 3703 de
1223 3642 1361 3719 hisquae
1376 3641 1463 3703 facta
1478 3644 1555 3703 sunt
1562 3642 1602 3704 de
1614 3645 1632 3704 J
1635 3658 1706 3714 esu,
1723 3641 1877 3704 dicentes
1891 3658 1966 3702 cum

320 3737 432 3800 multis
459 3737 565 3798 modis
588 3737 830 3814 intelliguntur.
860 3738 923 3800 Sed
956 3738 1041 3802 nihil
1073 3740 1114 3801 ad
1170 3738 1357 3818 Propheta:
1384 3742 1529 3816 Semper
1547 3745 1623 3802 tuus
1637 3743 1712 3812 ejus
1735 3743 1772 3801 iu
1798 3753 1861 3800 ore
1889 3754 1967 3800 meo

319 3850 479 3912 praesens.
497 3837 566 3896 Duo
582 3833 735 3910 discipuli
748 3834 871 3895 Christi
887 3834 964 3896 sunt
978 3837 1116 3913 spiritus
1171 3834 1240 3915 (Ps.
1251 3837 1301 3907 33,
1317 3834 1364 3914 2),
1378 3835 1415 3898 ut
1429 3839 1532 3896 Deum
1545 3852 1580 3896 se
1595 3836 1719 3897 habere
1733 3835 1769 3896 in
1788 3836 1890 3898 corde
1903 3836 1965 3896 de-

319 3933 353 3994 et
366 3947 495 4008 corpus.
517 3931 576 3992 Isti
595 3931 672 3992 sunt
691 3930 763 3992 veri
786 3930 952 4008 discipuli,
975 3933 1032 4009 qui
1056 3949 1114 3994 se·
1169 3933 1363 4004 monstrent,
1390 3934 1426 3994 in
1452 3949 1562 4011 opere,
1588 3934 1670 3995 etin
1692 3949 1770 3994 ore:
1791 3933 1827 3993 in
1852 3934 1966 4002 corde,

321 4033 468 4106 quuntur
491 4029 699 4103 Magistrum.
730 4027 790 4090 isti
817 4028 972 4108 discipuli
996 4029 1116 4093 debent
1168 4046 1228 4106 per
1249 4030 1458 4093 dilectionem
1482 4031 1541 4093 Dei
1565 4032 1598 4092 et
1614 4031 1777 4108 proximi:
1799 4031 1836 4092 in
1851 4047 1963 4108 opere,

278 4199 282 4204 ¹
320 4125 492 4186 ambulare
506 4123 549 4185 ad
571 4124 744 4186 castellum
763 4127 931 4198 Emmaus,
951 4125 1049 4199 idest,
1072 4129 1114 4189 ad
1168 4127 1494 4206 perambulationem
1509 4127 1544 4188 in
1557 4128 1801 4202 castellum31n
1816 4143 1887 4200 ore,
1906 4143 1966 4204 per

321 4221 488 4282 coelestem
516 4220 669 4296 patriam.
697 4221 744 4281 De
774 4220 847 4282 istis
876 4221 958 4284 dicit
987 4224 1113 4285 David:
1169 4240 1284 4286 eorum
1305 4226 1529 4287 narrationem
1556 4241 1630 4303 quae
1653 4226 1694 4288 de
1719 4225 1851 4286 Christo
1875 4225 1965 4286 facta

319 4318 421 4378 Beati
435 4315 648 4377 imutucuiuti
660 4319 697 4377 iu
709 4319 767 4378 eiu
781 4314 852 4395 (Ps.
869 4319 937 4391 100,
954 4317 1000 4397 6),
1016 4319 1112 4396 idest,
1169 4323 1256 4384 sunt.
1267 4323 1308 4384 Et
1321 4322 1433 4385 taliter
1446 4339 1482 4384 se
1494 4323 1692 4385 habentibus
1706 4323 1844 4400 apparet
1854 4322 1965 4384 Chris-

320 4415 356 4474 in
371 4413 493 4474 mundo
506 4412 581 4484 isto,
596 4411 659 4486 uel,
681 4413 716 4473 in
730 4413 786 4474 via
803 4430 868 4491 qua
892 4415 1056 4479 tendimus
1067 4417 1114 4496 {ad
1168 4418 1221 4480 tus
1241 4420 1394 4496 etjungn
1408 4435 1444 4481 se
1455 4419 1535 4492 illis,
1552 4422 1585 4483 θῖ
1598 4421 1690 4482 vadit
1709 4420 1860 4492 cumeis,
1878 4420 1965 4480 sicut

320 4513 478 4574 aeternam
506 4509 659 4588 patriam.
686 4510 780 4571 Unde
811 4512 1007 4589 Apostolus:
1036 4518 1115 4578 Nou
1170 4514 1407 4592 scriptumest:
1422 4518 1966 4580 litiutubiiaboiuiiltsetiuuru-

318 4611 481 4672 nubemus
492 4611 546 4670 11θ
556 4610 756 4670 meneutam
770 4610 958 4686 ciuitatem,
979 4615 1040 4674 sed
1058 4616 1116 4689 su-
1169 4612 1564 4694 hulodo(llCor.v1,16).

321 4707 439 4768 furum
453 4707 662 4780 inquirimus
674 4702 789 4784 (Hebr.
802 4722 877 4780 xm,
890 4707 954 4788 10).
1211 4710 1387 4771 Sciendum
1410 4711 1462 4774 est
1483 4712 1568 4790 quod
1585 4711 1692 4775 tribus
1712 4710 1819 4774 modis
1845 4726 1965 4788 pecca-

362 4803 504 4880 Spiritus
512 4801 608 4864 debet
618 4801 787 4865 ambulare
795 4805 975 4880 voluntate,
983 4809 1116 4872 sedcor·
1168 4823 1254 4880 mus,
1281 4808 1492 4884 cogitatione,
1522 4809 1699 4882 locutione,
1727 4810 1761 4871 et
1788 4825 1901 4885 opere.
1927 4811 1964 4869 ln

321 4917 383 4979 pus
403 4900 605 4978 operatione.
622 4900 714 4962 Sicut
724 4901 804 4963 dicit
814 4905 1008 4980 Apostolus:
1024 4909 1116 4970 Dum
1169 4904 1267 4966 corde
1282 4907 1359 4967 sunt
1370 4907 1520 4968 carnalia
1541 4911 1575 4970 et
1591 4907 1768 4970 saecularia
1783 4907 1961 4978 desideria,

321 5000 456 5071 tempus
470 4999 643 5070 babemus,
658 5013 843 5071 operemur
857 5004 981 5064 bouum
990 5007 1035 5065 ud
1046 5019 1116 5066 out·
1169 5001 1264 5074 idest,
1279 5019 1373 5066 amor
1383 5005 1494 5066 carnis
1508 5007 1541 5068 et
1555 5021 1648 5067 amor
1663 5005 1794 5080 saeculi,
1809 5004 1964 5066 similiter

320 5111 393 5169 ues,
421 5098 577 5157 maxime
598 5097 716 5158 aufem
736 5100 781 5158 ud
806 5101 1007 5162 domesticos
1034 5103 1114 5175 {idei
1168 5099 1204 5161 in
1224 5115 1282 5162 ore
1299 5103 1349 5164 est
1366 5103 1498 5178 gemina
1519 5103 1677 5176 vetustas,
1701 5104 1908 5178 arrogantia,
1931 5102 1965 5164 et

320 5193 407 5274 (Gal.
423 5208 468 5266 v1,
487 5190 551 5270 10).
570 5192 732 5269 Discipuli
756 5194 880 5257 Christi
904 5213 971 5258 non
995 5197 1116 5263 dehent
1169 5197 1380 5275 derogantia3
1397 5199 1476 5262 item
1490 5201 1623 5276 gemina
1634 5202 1685 5263 est
1693 5201 1728 5261 in
1742 5216 1857 5278 opere,
1866 5199 1964 5276 flagi-

321 5292 385 5354 soli
399 5289 589 5363 ambulare,
606 5289 684 5368 quia
699 5291 858 5368 scriptum
875 5296 941 5356 est:
968 5299 1024 5357 Vre
1039 5302 1112 5371 soii,
1169 5295 1215 5359 tio
1230 5297 1263 5357 et
1276 5295 1434 5359 facinore.
1452 5301 1532 5360 Haec
1550 5299 1662 5360 omnia
1682 5300 1759 5361 sunt
1778 5298 1889 5374 imago
1904 5313 1965 5359 ue-

320 5393 401 5465 quie
423 5404 502 5450 curu
525 5390 696 5463 ceciderit,
719 5404 788 5451 uou
810 5392 909 5453 iubet
935 5398 1115 5456 subleuari·
1168 5394 1249 5455 teris
1259 5393 1413 5468 hominis,
1428 5397 1462 5458 et
1472 5395 1544 5459 haec
1557 5397 1668 5459 omnia
1681 5396 1874 5458 renovanda
1887 5397 1965 5457 sunt

322 5488 401 5549 teau.
426 5486 522 5548 Solus
546 5487 597 5547 est
612 5483 668 5548 ille
683 5503 757 5582 cum
773 5503 837 5564 quo
852 5505 918 5551 non
934 5492 984 5552 est
1001 5491 1115 5555 Chris-
1169 5490 1203 5552 in
1216 5491 1322 5554 nobis.
1337 5493 1448 5555 Sinon
1459 5493 1547 5558 esset
1558 5495 1705 5557 vetustas
1717 5495 1752 5555 in
1768 5493 1881 5566 corde,
1897 5510 1962 5555 non

321 5583 476 5646 insisti
508 5583 574 5646 duo
595 5583 750 5662 discipuli
776 5585 898 5648 Christi
926 5605 992 5650 non
1018 5594 1113 5654 erant
1169 5589 1294 5653 diceret
1332 5592 1536 5670 Apostolus:
1569 5593 1797 5665 Reuovumtui
1835 5594 1962 5668 spiritu
