<?xml version="1.0" encoding="UTF-8"?>
<!DOCTYPE html PUBLIC "-//W3C//DTD XHTML 1.0 Transitional//EN"
    "http://www.w3.org/TR/xhtml1/DTD/xhtml1-transitional.dtd">
<html xmlns="http://www.w3.org/1999/xhtml" xml:lang="en" lang="en">
 <head>
  <title>
</title>
<meta http-equiv="Content-Type" content="text/html;charset=utf-8" />
  <meta name='ocr-system' content='tesseract 3.04.00' />
  <meta name='ocr-capabilities' content='ocr_page ocr_carea ocr_par ocr_line ocrx_word'/>
</head>
<body>
  <div class='ocr_page' id='page_1' title='image "./mediiaevibiblio05bottgoog_0212.png"; bbox 0 0 4090 6426; ppageno 0'>
   <div class='ocr_carea' id='block_1_1' title="bbox 97 265 1743 341">
    <p class='ocr_par' dir='ltr' id='par_1_1' title="bbox 97 265 1743 341">
     <span class='ocr_line' id='line_1_1' title="bbox 97 265 1743 341; baseline -0.008 -3"><span class='ocrx_word' id='word_1_1' title='bbox 97 275 159 338; x_wconf 66' lang='lat'>315</span> <span class='ocrx_word' id='word_1_2' title='bbox 582 266 738 341; x_wconf 82' lang='lat' dir='ltr'><strong>QUINTA</strong></span> <span class='ocrx_word' id='word_1_3' title='bbox 760 265 1021 328; x_wconf 78' lang='lat' dir='ltr'><strong>COMPILATIO.</strong></span> <span class='ocrx_word' id='word_1_4' title='bbox 1046 267 1123 328; x_wconf 86' lang='lat' dir='ltr'>LlB.</span> <span class='ocrx_word' id='word_1_5' title='bbox 1147 269 1201 330; x_wconf 80' lang='lat' dir='ltr'>lv.</span> <span class='ocrx_word' id='word_1_6' title='bbox 1684 277 1743 340; x_wconf 75' lang='grc'>346</span> 
     </span>
    </p>
   </div>
   <div class='ocr_carea' id='block_1_2' title="bbox 99 424 1803 3231">
    <p class='ocr_par' dir='ltr' id='par_1_2' title="bbox 99 424 1803 2644">
     <span class='ocr_line' id='line_1_2' title="bbox 100 424 1740 515; baseline 0.002 -22"><span class='ocrx_word' id='word_1_7' title='bbox 100 433 228 500; x_wconf 82' lang='lat' dir='ltr'>dantes,</span> <span class='ocrx_word' id='word_1_8' title='bbox 243 429 281 491; x_wconf 90' lang='lat' dir='ltr'>ut</span> <span class='ocrx_word' id='word_1_9' title='bbox 295 427 372 506; x_wconf 91' lang='lat' dir='ltr'>quia</span> <span class='ocrx_word' id='word_1_10' title='bbox 385 443 485 504; x_wconf 89' lang='lat' dir='ltr'>super</span> <span class='ocrx_word' id='word_1_11' title='bbox 497 425 560 488; x_wconf 88' lang='lat' dir='ltr'>hoc</span> <span class='ocrx_word' id='word_1_12' title='bbox 575 427 708 503; x_wconf 91' lang='lat' dir='ltr'>propter</span> <span class='ocrx_word' id='word_1_13' title='bbox 722 424 893 486; x_wconf 85' lang='lat' dir='ltr'>raritatem</span> <span class='ocrx_word' id='word_1_14' title='bbox 950 425 1180 488; x_wconf 81' lang='lat' dir='ltr'>admirationis</span> <span class='ocrx_word' id='word_1_15' title='bbox 1193 427 1364 500; x_wconf 90' lang='lat' dir='ltr'>habentes,</span> <span class='ocrx_word' id='word_1_16' title='bbox 1377 445 1420 490; x_wconf 85' lang='lat' dir='ltr'>ex</span> <span class='ocrx_word' id='word_1_17' title='bbox 1431 445 1480 502; x_wconf 90' lang='lat' dir='ltr'>eo,</span> <span class='ocrx_word' id='word_1_18' title='bbox 1496 432 1574 507; x_wconf 90' lang='lat' dir='ltr'>qnia</span> <span class='ocrx_word' id='word_1_19' title='bbox 1583 448 1682 510; x_wconf 89' lang='lat' dir='ltr'>quum</span> <span class='ocrx_word' id='word_1_20' title='bbox 1693 433 1740 515; x_wconf 85' lang='lat' dir='ltr'>(b)</span> 
     </span>
     <span class='ocr_line' id='line_1_3' title="bbox 99 521 1743 605; baseline 0.002 -14"><span class='ocrx_word' id='word_1_21' title='bbox 99 529 336 605; x_wconf 89' lang='lat' dir='ltr'>magistrorum</span> <span class='ocrx_word' id='word_1_22' title='bbox 358 540 394 585; x_wconf 84' lang='lat' dir='ltr'>se</span> <span class='ocrx_word' id='word_1_23' title='bbox 408 525 544 602; x_wconf 76' lang='lat' dir='ltr'>possent</span> <span class='ocrx_word' id='word_1_24' title='bbox 557 521 697 584; x_wconf 80' lang='lat' dir='ltr'>forsitan</span> <span class='ocrx_word' id='word_1_25' title='bbox 711 522 815 599; x_wconf 80' lang='lat' dir='ltr'>aliqui</span> <span class='ocrx_word' id='word_1_26' title='bbox 830 535 894 582; x_wconf 82' lang='lat' dir='ltr'>ex·</span> <span class='ocrx_word' id='word_1_27' title='bbox 950 522 985 582; x_wconf 90' lang='lat' dir='ltr'>in</span> <span class='ocrx_word' id='word_1_28' title='bbox 999 523 1158 585; x_wconf 83' lang='lat' dir='ltr'>Toletano</span> <span class='ocrx_word' id='word_1_29' title='bbox 1179 525 1320 587; x_wconf 90' lang='lat' dir='ltr'>concilio</span> <span class='ocrx_word' id='word_1_30' title='bbox 1343 527 1501 588; x_wconf 85' lang='lat' dir='ltr'>statutum</span> <span class='ocrx_word' id='word_1_31' title='bbox 1525 527 1634 602; x_wconf 88' lang='lat' dir='ltr'>fuerit,</span> <span class='ocrx_word' id='word_1_32' title='bbox 1662 534 1695 594; x_wconf 93' lang='lat' dir='ltr'>et</span> <span class='ocrx_word' id='word_1_33' title='bbox 1708 533 1743 594; x_wconf 91' lang='lat' dir='ltr'>iu</span> 
     </span>
     <span class='ocr_line' id='line_1_4' title="bbox 99 617 1744 699; baseline 0.001 -10"><span class='ocrx_word' id='word_1_34' title='bbox 99 641 234 699; x_wconf 79' lang='lat' dir='ltr'>cusare3</span> <span class='ocrx_word' id='word_1_35' title='bbox 251 623 292 685; x_wconf 93' lang='lat' dir='ltr'>ab</span> <span class='ocrx_word' id='word_1_36' title='bbox 304 622 520 683; x_wconf 90' lang='lat' dir='ltr'>ecclesiarum</span> <span class='ocrx_word' id='word_1_37' title='bbox 534 619 681 696; x_wconf 89' lang='lat' dir='ltr'>praelatis</span> <span class='ocrx_word' id='word_1_38' title='bbox 696 617 730 681; x_wconf 90' lang='lat' dir='ltr'>et</span> <span class='ocrx_word' id='word_1_39' title='bbox 742 618 895 695; x_wconf 90' lang='lat' dir='ltr'>capitulis</span> <span class='ocrx_word' id='word_1_40' title='bbox 950 621 1098 696; x_wconf 81' lang='lat' dir='ltr'>generali</span> <span class='ocrx_word' id='word_1_41' title='bbox 1111 621 1317 698; x_wconf 85' lang='lat' dir='ltr'>postmodum</span> <span class='ocrx_word' id='word_1_42' title='bbox 1332 621 1537 699; x_wconf 83' lang='lat' dir='ltr'>innovatum,</span> <span class='ocrx_word' id='word_1_43' title='bbox 1560 642 1602 688; x_wconf 91' lang='lat' dir='ltr'>ne</span> <span class='ocrx_word' id='word_1_44' title='bbox 1621 627 1744 692; x_wconf 84' lang='lat' dir='ltr'>Christi</span> 
     </span>
     <span class='ocr_line' id='line_1_5' title="bbox 100 715 1743 799; baseline 0.001 -14"><span class='ocrx_word' id='word_1_45' title='bbox 100 724 143 785; x_wconf 92' lang='lat' dir='ltr'>ad</span> <span class='ocrx_word' id='word_1_46' title='bbox 171 721 348 796; x_wconf 81' lang='lat' dir='ltr'>theologie</span> <span class='ocrx_word' id='word_1_47' title='bbox 372 717 588 796; x_wconf 80' lang='lat' dir='ltr'>professionis</span> <span class='ocrx_word' id='word_1_48' title='bbox 616 716 761 776; x_wconf 88' lang='lat' dir='ltr'>studium</span> <span class='ocrx_word' id='word_1_49' title='bbox 792 715 895 792; x_wconf 85' lang='lat' dir='ltr'>aliqui</span> <span class='ocrx_word' id='word_1_50' title='bbox 950 717 1161 794; x_wconf 89' lang='lat' dir='ltr'>blasphemus</span> <span class='ocrx_word' id='word_1_51' title='bbox 1198 719 1339 795; x_wconf 91' lang='lat' dir='ltr'>publicis</span> <span class='ocrx_word' id='word_1_52' title='bbox 1376 721 1493 784; x_wconf 84' lang='lat' dir='ltr'>officiis</span> <span class='ocrx_word' id='word_1_53' title='bbox 1535 724 1743 799; x_wconf 79' lang='lat' dir='ltr'>praeferatur,</span> 
     </span>
     <span class='ocr_line' id='line_1_6' title="bbox 100 813 1744 892; baseline 0.001 -10"><span class='ocrx_word' id='word_1_54' title='bbox 100 817 262 885; x_wconf 84' lang='lat' dir='ltr'>docibiles</span> <span class='ocrx_word' id='word_1_55' title='bbox 282 815 498 887; x_wconf 86' lang='lat' dir='ltr'>destinentur,</span> <span class='ocrx_word' id='word_1_56' title='bbox 527 815 583 892; x_wconf 92' lang='lat' dir='ltr'>qui</span> <span class='ocrx_word' id='word_1_57' title='bbox 599 829 699 892; x_wconf 87' lang='lat' dir='ltr'>quum</span> <span class='ocrx_word' id='word_1_58' title='bbox 721 814 808 874; x_wconf 89' lang='lat' dir='ltr'>docti</span> <span class='ocrx_word' id='word_1_59' title='bbox 823 813 897 874; x_wconf 87' lang='lat' dir='ltr'>lue·</span> <span class='ocrx_word' id='word_1_60' title='bbox 951 831 1051 890; x_wconf 87' lang='lat' dir='ltr'>quum</span> <span class='ocrx_word' id='word_1_61' title='bbox 1079 815 1218 876; x_wconf 90' lang='lat' dir='ltr'>nimium</span> <span class='ocrx_word' id='word_1_62' title='bbox 1242 817 1286 877; x_wconf 90' lang='lat' dir='ltr'>sit</span> <span class='ocrx_word' id='word_1_63' title='bbox 1313 817 1503 892; x_wconf 88' lang='lat' dir='ltr'>absurdum,</span> <span class='ocrx_word' id='word_1_64' title='bbox 1534 821 1571 882; x_wconf 91' lang='lat' dir='ltr'>ut</span> <span class='ocrx_word' id='word_1_65' title='bbox 1596 821 1681 882; x_wconf 83' lang='lat' dir='ltr'>tales</span> <span class='ocrx_word' id='word_1_66' title='bbox 1708 824 1744 884; x_wconf 92' lang='lat' dir='ltr'>in</span> 
     </span>
     <span class='ocr_line' id='line_1_7' title="bbox 99 909 1743 994; baseline 0.002 -15"><span class='ocrx_word' id='word_1_67' title='bbox 99 918 169 979; x_wconf 87' lang='lat' dir='ltr'>rint</span> <span class='ocrx_word' id='word_1_68' title='bbox 182 918 217 978; x_wconf 93' lang='lat' dir='ltr'>in</span> <span class='ocrx_word' id='word_1_69' title='bbox 232 916 292 976; x_wconf 91' lang='lat' dir='ltr'>Dei</span> <span class='ocrx_word' id='word_1_70' title='bbox 306 912 454 975; x_wconf 86' lang='lat' dir='ltr'>Ecclesia</span> <span class='ocrx_word' id='word_1_71' title='bbox 475 912 566 974; x_wconf 86' lang='lat' dir='ltr'>velut</span> <span class='ocrx_word' id='word_1_72' title='bbox 584 910 740 988; x_wconf 91' lang='lat' dir='ltr'>splendor</span> <span class='ocrx_word' id='word_1_73' title='bbox 749 909 896 986; x_wconf 87' lang='lat' dir='ltr'>fulgeant</span> <span class='ocrx_word' id='word_1_74' title='bbox 951 911 1151 974; x_wconf 88' lang='lat' dir='ltr'>christianos</span> <span class='ocrx_word' id='word_1_75' title='bbox 1174 913 1241 974; x_wconf 84' lang='lat' dir='ltr'>vim</span> <span class='ocrx_word' id='word_1_76' title='bbox 1263 917 1442 977; x_wconf 80' lang='lat' dir='ltr'>exerceant</span> <span class='ocrx_word' id='word_1_77' title='bbox 1462 918 1649 994; x_wconf 82' lang='lat' dir='ltr'>potestatis3</span> <span class='ocrx_word' id='word_1_78' title='bbox 1672 936 1743 991; x_wconf 80' lang='lat' dir='ltr'>vos,</span> 
     </span>
     <span class='ocr_line' id='line_1_8' title="bbox 100 1005 1746 1086; baseline 0.002 -10"><span class='ocrx_word' id='word_1_79' title='bbox 100 1013 312 1083; x_wconf 88' lang='lat' dir='ltr'>firmamenti,</span> <span class='ocrx_word' id='word_1_80' title='bbox 341 1027 384 1071; x_wconf 80' lang='lat' dir='ltr'>ex</span> <span class='ocrx_word' id='word_1_81' title='bbox 411 1009 530 1086; x_wconf 91' lang='lat' dir='ltr'>quihus</span> <span class='ocrx_word' id='word_1_82' title='bbox 566 1008 773 1086; x_wconf 89' lang='lat' dir='ltr'>postmodum</span> <span class='ocrx_word' id='word_1_83' title='bbox 802 1005 919 1084; x_wconf 73' lang='lat' dir='ltr'>copia.</span> <span class='ocrx_word' id='word_1_84' title='bbox 952 1011 988 1071; x_wconf 87' lang='lat' dir='ltr'>ui</span> <span class='ocrx_word' id='word_1_85' title='bbox 1001 1010 1226 1071; x_wconf 79' lang='lat' dir='ltr'>intelleximus</span> <span class='ocrx_word' id='word_1_86' title='bbox 1246 1013 1498 1076; x_wconf 87' lang='lat' dir='ltr'>conniventibus</span> <span class='ocrx_word' id='word_1_87' title='bbox 1520 1016 1624 1077; x_wconf 92' lang='lat' dir='ltr'>oculis</span> <span class='ocrx_word' id='word_1_88' title='bbox 1644 1019 1746 1079; x_wconf 91' lang='lat' dir='ltr'>susti·</span> 
     </span>
     <span class='ocr_line' id='line_1_9' title="bbox 101 1104 1746 1190; baseline 0.002 -17"><span class='ocrx_word' id='word_1_89' title='bbox 101 1111 208 1190; x_wconf 87' lang='lat' dir='ltr'>possit</span> <span class='ocrx_word' id='word_1_90' title='bbox 221 1109 338 1172; x_wconf 90' lang='lat' dir='ltr'>haberi</span> <span class='ocrx_word' id='word_1_91' title='bbox 353 1107 534 1178; x_wconf 89' lang='lat' dir='ltr'>doctorum,</span> <span class='ocrx_word' id='word_1_92' title='bbox 552 1107 609 1183; x_wconf 90' lang='lat' dir='ltr'>qui</span> <span class='ocrx_word' id='word_1_93' title='bbox 629 1105 721 1167; x_wconf 87' lang='lat' dir='ltr'>volut</span> <span class='ocrx_word' id='word_1_94' title='bbox 743 1104 847 1165; x_wconf 88' lang='lat' dir='ltr'>stellae</span> <span class='ocrx_word' id='word_1_95' title='bbox 861 1104 897 1164; x_wconf 93' lang='lat' dir='ltr'>in</span> <span class='ocrx_word' id='word_1_96' title='bbox 951 1107 1038 1168; x_wconf 89' lang='lat' dir='ltr'>netis</span> <span class='ocrx_word' id='word_1_97' title='bbox 1061 1123 1120 1184; x_wconf 89' lang='lat' dir='ltr'>per</span> <span class='ocrx_word' id='word_1_98' title='bbox 1142 1109 1272 1185; x_wconf 83' lang='lat' dir='ltr'>judaeos</span> <span class='ocrx_word' id='word_1_99' title='bbox 1296 1112 1393 1188; x_wconf 90' lang='lat' dir='ltr'>atque</span> <span class='ocrx_word' id='word_1_100' title='bbox 1415 1127 1562 1189; x_wconf 86' lang='lat' dir='ltr'>paganos</span> <span class='ocrx_word' id='word_1_101' title='bbox 1588 1115 1746 1176; x_wconf 87' lang='lat' dir='ltr'>statutum</span> 
     </span>
     <span class='ocr_line' id='line_1_10' title="bbox 101 1202 1746 1288; baseline 0.002 -17"><span class='ocrx_word' id='word_1_102' title='bbox 101 1209 279 1288; x_wconf 88' lang='lat' dir='ltr'>perpetuas</span> <span class='ocrx_word' id='word_1_103' title='bbox 295 1204 496 1268; x_wconf 85' lang='lat' dir='ltr'>aeternitates</span> <span class='ocrx_word' id='word_1_104' title='bbox 510 1203 659 1264; x_wconf 88' lang='lat' dir='ltr'>mansuri</span> <span class='ocrx_word' id='word_1_105' title='bbox 680 1202 897 1280; x_wconf 87' lang='lat' dir='ltr'>adjustitiam</span> <span class='ocrx_word' id='word_1_106' title='bbox 952 1203 1144 1282; x_wconf 86' lang='lat' dir='ltr'>hujusmodi</span> <span class='ocrx_word' id='word_1_107' title='bbox 1167 1207 1299 1280; x_wconf 86' lang='lat' dir='ltr'>violari,</span> <span class='ocrx_word' id='word_1_108' title='bbox 1325 1224 1513 1286; x_wconf 86' lang='lat' dir='ltr'>quanquam</span> <span class='ocrx_word' id='word_1_109' title='bbox 1546 1211 1678 1288; x_wconf 90' lang='lat' dir='ltr'>publice</span> <span class='ocrx_word' id='word_1_110' title='bbox 1709 1214 1746 1274; x_wconf 91' lang='lat' dir='ltr'>in</span> 
     </span>
     <span class='ocr_line' id='line_1_11' title="bbox 100 1299 1747 1382; baseline 0.002 -14"><span class='ocrx_word' id='word_1_111' title='bbox 100 1306 238 1368; x_wconf 82' lang='lat' dir='ltr'>valeant</span> <span class='ocrx_word' id='word_1_112' title='bbox 249 1304 410 1382; x_wconf 90' lang='lat' dir='ltr'>plurimos</span> <span class='ocrx_word' id='word_1_113' title='bbox 425 1301 573 1376; x_wconf 88' lang='lat' dir='ltr'>erudire;</span> <span class='ocrx_word' id='word_1_114' title='bbox 590 1300 709 1378; x_wconf 90' lang='lat' dir='ltr'>quihus</span> <span class='ocrx_word' id='word_1_115' title='bbox 728 1299 756 1360; x_wconf 92' lang='lat' dir='ltr'>si</span> <span class='ocrx_word' id='word_1_116' title='bbox 771 1299 898 1377; x_wconf 90' lang='lat' dir='ltr'>proprii</span> <span class='ocrx_word' id='word_1_117' title='bbox 952 1301 1088 1378; x_wconf 87' lang='lat' dir='ltr'>synodis</span> <span class='ocrx_word' id='word_1_118' title='bbox 1102 1303 1222 1364; x_wconf 81' lang='lat' dir='ltr'>restris</span> <span class='ocrx_word' id='word_1_119' title='bbox 1246 1304 1450 1380; x_wconf 88' lang='lat' dir='ltr'>protuleritis</span> <span class='ocrx_word' id='word_1_120' title='bbox 1474 1310 1747 1371; x_wconf 83' lang='lat' dir='ltr'>excommunica-</span> 
     </span>
     <span class='ocr_line' id='line_1_12' title="bbox 102 1395 1747 1483; baseline 0.002 -18"><span class='ocrx_word' id='word_1_121' title='bbox 102 1403 283 1483; x_wconf 83' lang='lat' dir='ltr'>prorentus</span> <span class='ocrx_word' id='word_1_122' title='bbox 298 1399 455 1461; x_wconf 83' lang='lat' dir='ltr'>Ecclesiae</span> <span class='ocrx_word' id='word_1_123' title='bbox 471 1414 538 1459; x_wconf 91' lang='lat' dir='ltr'>non</span> <span class='ocrx_word' id='word_1_124' title='bbox 553 1398 732 1469; x_wconf 88' lang='lat' dir='ltr'>sufiiciunt,</span> <span class='ocrx_word' id='word_1_125' title='bbox 749 1395 899 1474; x_wconf 85' lang='lat' dir='ltr'>praedicti</span> <span class='ocrx_word' id='word_1_126' title='bbox 951 1399 1054 1461; x_wconf 89' lang='lat' dir='ltr'>tionis</span> <span class='ocrx_word' id='word_1_127' title='bbox 1082 1401 1280 1462; x_wconf 88' lang='lat' dir='ltr'>sententiam</span> <span class='ocrx_word' id='word_1_128' title='bbox 1309 1401 1345 1462; x_wconf 90' lang='lat' dir='ltr'>in</span> <span class='ocrx_word' id='word_1_129' title='bbox 1377 1419 1502 1478; x_wconf 90' lang='lat' dir='ltr'>omnes,</span> <span class='ocrx_word' id='word_1_130' title='bbox 1533 1407 1589 1483; x_wconf 90' lang='lat' dir='ltr'>qui</span> <span class='ocrx_word' id='word_1_131' title='bbox 1622 1407 1747 1470; x_wconf 86' lang='lat' dir='ltr'>eisdem</span> 
     </span>
     <span class='ocr_line' id='line_1_13' title="bbox 102 1493 1748 1573; baseline 0 -9"><span class='ocrx_word' id='word_1_132' title='bbox 102 1498 295 1564; x_wconf 89' lang='lat' dir='ltr'>necessaria</span> <span class='ocrx_word' id='word_1_133' title='bbox 309 1494 561 1559; x_wconf 87' lang='lat' dir='ltr'>subministrent</span> <span class='ocrx_word' id='word_1_134' title='bbox 576 1517 584 1555; x_wconf 76' lang='grc' dir='ltr'>ε</span> <span class='ocrx_word' id='word_1_135' title='bbox 600 1495 756 1556; x_wconf 87' lang='lat' dir='ltr'>docentes</span> <span class='ocrx_word' id='word_1_136' title='bbox 770 1508 849 1555; x_wconf 85' lang='lat' dir='ltr'>rero</span> <span class='ocrx_word' id='word_1_137' title='bbox 863 1493 899 1554; x_wconf 92' lang='lat' dir='ltr'>in</span> <span class='ocrx_word' id='word_1_138' title='bbox 954 1495 1072 1556; x_wconf 91' lang='lat' dir='ltr'>ofiiciis</span> <span class='ocrx_word' id='word_1_139' title='bbox 1093 1497 1300 1573; x_wconf 82' lang='lat' dir='ltr'>praeficerent</span> <span class='ocrx_word' id='word_1_140' title='bbox 1324 1497 1475 1560; x_wconf 86' lang='lat' dir='ltr'>infideles</span> <span class='ocrx_word' id='word_1_141' title='bbox 1492 1521 1500 1560; x_wconf 89' lang='lat'><strong>:</strong></span> <span class='ocrx_word' id='word_1_142' title='bbox 1516 1502 1549 1562; x_wconf 90' lang='lat' dir='ltr'>et</span> <span class='ocrx_word' id='word_1_143' title='bbox 1571 1502 1659 1562; x_wconf 92' lang='lat' dir='ltr'>idem</span> <span class='ocrx_word' id='word_1_144' title='bbox 1685 1518 1748 1564; x_wconf 83' lang='lat' dir='ltr'>rex</span> 
     </span>
     <span class='ocr_line' id='line_1_14' title="bbox 102 1591 1748 1675; baseline 0.001 -15"><span class='ocrx_word' id='word_1_145' title='bbox 102 1598 291 1673; x_wconf 87' lang='lat' dir='ltr'>theologica</span> <span class='ocrx_word' id='word_1_146' title='bbox 303 1593 471 1666; x_wconf 85' lang='lat' dir='ltr'>facultate,</span> <span class='ocrx_word' id='word_1_147' title='bbox 487 1593 566 1654; x_wconf 91' lang='lat' dir='ltr'>dum</span> <span class='ocrx_word' id='word_1_148' title='bbox 578 1593 613 1654; x_wconf 90' lang='lat' dir='ltr'>in</span> <span class='ocrx_word' id='word_1_149' title='bbox 633 1591 757 1654; x_wconf 90' lang='lat' dir='ltr'>scholis</span> <span class='ocrx_word' id='word_1_150' title='bbox 778 1591 901 1652; x_wconf 89' lang='lat' dir='ltr'>docue-</span> <span class='ocrx_word' id='word_1_151' title='bbox 954 1592 1050 1654; x_wconf 92' lang='lat' dir='ltr'>nohis</span> <span class='ocrx_word' id='word_1_152' title='bbox 1060 1593 1256 1670; x_wconf 89' lang='lat' dir='ltr'>jamdudum</span> <span class='ocrx_word' id='word_1_153' title='bbox 1282 1594 1444 1658; x_wconf 83' lang='lat' dir='ltr'>direxerit</span> <span class='ocrx_word' id='word_1_154' title='bbox 1467 1597 1590 1675; x_wconf 90' lang='lat' dir='ltr'>scripta</span> <span class='ocrx_word' id='word_1_155' title='bbox 1614 1615 1685 1672; x_wconf 88' lang='lat' dir='ltr'>sua,</span> <span class='ocrx_word' id='word_1_156' title='bbox 1710 1601 1748 1662; x_wconf 90' lang='lat' dir='ltr'>in</span> 
     </span>
     <span class='ocr_line' id='line_1_15' title="bbox 103 1689 1748 1768; baseline 0.001 -10"><span class='ocrx_word' id='word_1_157' title='bbox 103 1695 182 1768; x_wconf 88' lang='lat' dir='ltr'>rint,</span> <span class='ocrx_word' id='word_1_158' title='bbox 200 1695 233 1756; x_wconf 92' lang='lat' dir='ltr'>et</span> <span class='ocrx_word' id='word_1_159' title='bbox 244 1693 413 1756; x_wconf 88' lang='lat' dir='ltr'>studentes</span> <span class='ocrx_word' id='word_1_160' title='bbox 428 1692 463 1752; x_wconf 91' lang='lat' dir='ltr'>in</span> <span class='ocrx_word' id='word_1_161' title='bbox 475 1690 559 1768; x_wconf 89' lang='lat' dir='ltr'>ipsa,</span> <span class='ocrx_word' id='word_1_162' title='bbox 575 1689 705 1766; x_wconf 89' lang='lat' dir='ltr'>integro</span> <span class='ocrx_word' id='word_1_163' title='bbox 719 1704 780 1765; x_wconf 90' lang='lat' dir='ltr'>per</span> <span class='ocrx_word' id='word_1_164' title='bbox 794 1703 899 1749; x_wconf 90' lang='lat' dir='ltr'>annos</span> <span class='ocrx_word' id='word_1_165' title='bbox 954 1689 1073 1766; x_wconf 91' lang='lat' dir='ltr'>quihus</span> <span class='ocrx_word' id='word_1_166' title='bbox 1089 1690 1162 1765; x_wconf 89' lang='lat' dir='ltr'>lege</span> <span class='ocrx_word' id='word_1_167' title='bbox 1177 1691 1336 1767; x_wconf 90' lang='lat' dir='ltr'>perpetuo</span> <span class='ocrx_word' id='word_1_168' title='bbox 1358 1692 1518 1756; x_wconf 90' lang='lat' dir='ltr'>duratura</span> <span class='ocrx_word' id='word_1_169' title='bbox 1540 1711 1576 1756; x_wconf 90' lang='lat' dir='ltr'>so</span> <span class='ocrx_word' id='word_1_170' title='bbox 1591 1696 1748 1759; x_wconf 90' lang='lat' dir='ltr'>statuisse</span> 
     </span>
     <span class='ocr_line' id='line_1_16' title="bbox 104 1785 1803 1871; baseline 0.002 -18"><span class='ocrx_word' id='word_1_171' title='bbox 104 1794 251 1870; x_wconf 90' lang='lat' dir='ltr'>quinquo</span> <span class='ocrx_word' id='word_1_172' title='bbox 266 1788 452 1868; x_wconf 88' lang='lat' dir='ltr'>percipiant</span> <span class='ocrx_word' id='word_1_173' title='bbox 464 1788 505 1848; x_wconf 91' lang='lat' dir='ltr'>de</span> <span class='ocrx_word' id='word_1_174' title='bbox 524 1787 660 1848; x_wconf 90' lang='lat' dir='ltr'>licentia</span> <span class='ocrx_word' id='word_1_175' title='bbox 685 1785 780 1846; x_wconf 86' lang='lat' dir='ltr'>Sedis</span> <span class='ocrx_word' id='word_1_176' title='bbox 793 1788 901 1862; x_wconf 80' lang='lat' dir='ltr'>Apos—</span> <span class='ocrx_word' id='word_1_177' title='bbox 955 1786 1094 1859; x_wconf 89' lang='lat' dir='ltr'>dicehat,</span> <span class='ocrx_word' id='word_1_178' title='bbox 1112 1802 1153 1848; x_wconf 88' lang='lat' dir='ltr'>ne</span> <span class='ocrx_word' id='word_1_179' title='bbox 1163 1787 1199 1848; x_wconf 93' lang='lat' dir='ltr'>in</span> <span class='ocrx_word' id='word_1_180' title='bbox 1211 1803 1313 1864; x_wconf 85' lang='lat' dir='ltr'>regno</span> <span class='ocrx_word' id='word_1_181' title='bbox 1328 1791 1508 1866; x_wconf 84' lang='lat' dir='ltr'>Hungariae</span> <span class='ocrx_word' id='word_1_182' title='bbox 1521 1792 1588 1853; x_wconf 91' lang='lat' dir='ltr'>ullo</span> <span class='ocrx_word' id='word_1_183' title='bbox 1601 1809 1748 1871; x_wconf 89' lang='lat' dir='ltr'>unquam</span> <span class='ocrx_word' id='word_1_184' title='bbox 1796 1858 1803 1865; x_wconf 71' lang='grc'><strong><em>,</em></strong></span> 
     </span>
     <span class='ocr_line' id='line_1_17' title="bbox 103 1881 1749 1967; baseline 0 -15"><span class='ocrx_word' id='word_1_185' title='bbox 103 1887 398 1966; x_wconf 84' lang='lat' dir='ltr'>tolicaeprorentus</span> <span class='ocrx_word' id='word_1_186' title='bbox 408 1883 672 1963; x_wconf 90' lang='lat' dir='ltr'>praebendarum,</span> <span class='ocrx_word' id='word_1_187' title='bbox 684 1882 717 1944; x_wconf 92' lang='lat' dir='ltr'>et</span> <span class='ocrx_word' id='word_1_188' title='bbox 726 1881 902 1944; x_wconf 90' lang='lat' dir='ltr'>beneflcio·</span> <span class='ocrx_word' id='word_1_189' title='bbox 955 1899 1026 1955; x_wconf 91' lang='lat' dir='ltr'>suo,</span> <span class='ocrx_word' id='word_1_190' title='bbox 1056 1884 1109 1945; x_wconf 83' lang='lat' dir='ltr'>vel</span> <span class='ocrx_word' id='word_1_191' title='bbox 1132 1883 1291 1946; x_wconf 90' lang='lat' dir='ltr'>heredum</span> <span class='ocrx_word' id='word_1_192' title='bbox 1320 1901 1455 1948; x_wconf 90' lang='lat' dir='ltr'>suorum</span> <span class='ocrx_word' id='word_1_193' title='bbox 1490 1889 1637 1967; x_wconf 88' lang='lat' dir='ltr'>tompore</span> <span class='ocrx_word' id='word_1_194' title='bbox 1663 1892 1749 1952; x_wconf 88' lang='lat' dir='ltr'>tales</span> 
     </span>
     <span class='ocr_line' id='line_1_18' title="bbox 103 1977 1751 2061; baseline 0 -13"><span class='ocrx_word' id='word_1_195' title='bbox 103 2003 178 2049; x_wconf 90' lang='lat' dir='ltr'>rum</span> <span class='ocrx_word' id='word_1_196' title='bbox 195 2001 342 2057; x_wconf 90' lang='lat' dir='ltr'>suorum,</span> <span class='ocrx_word' id='word_1_197' title='bbox 358 1999 424 2045; x_wconf 92' lang='lat' dir='ltr'>non</span> <span class='ocrx_word' id='word_1_198' title='bbox 444 1982 594 2044; x_wconf 89' lang='lat' dir='ltr'>obstante</span> <span class='ocrx_word' id='word_1_199' title='bbox 608 1981 721 2058; x_wconf 91' lang='lat' dir='ltr'>aliqua</span> <span class='ocrx_word' id='word_1_200' title='bbox 733 1977 900 2041; x_wconf 75' lang='lat' dir='ltr'>coenaria</span> <span class='ocrx_word' id='word_1_201' title='bbox 955 1980 1181 2058; x_wconf 86' lang='lat' dir='ltr'>praeficiantur</span> <span class='ocrx_word' id='word_1_202' title='bbox 1196 1981 1314 2043; x_wconf 84' lang='lat' dir='ltr'>officiis</span> <span class='ocrx_word' id='word_1_203' title='bbox 1329 1984 1539 2061; x_wconf 88' lang='lat' dir='ltr'>supradictis.</span> <span class='ocrx_word' id='word_1_204' title='bbox 1554 1987 1751 2049; x_wconf 83' lang='lat' dir='ltr'>Audivimus</span> 
     </span>
     <span class='ocr_line' id='line_1_19' title="bbox 105 2077 1751 2158; baseline 0 -12"><span class='ocrx_word' id='word_1_205' title='bbox 105 2083 344 2146; x_wconf 91' lang='lat' dir='ltr'>consuetudine</span> <span class='ocrx_word' id='word_1_206' title='bbox 371 2080 425 2142; x_wconf 86' lang='lat' dir='ltr'>rel</span> <span class='ocrx_word' id='word_1_207' title='bbox 457 2079 599 2152; x_wconf 89' lang='lat' dir='ltr'>statuto,</span> <span class='ocrx_word' id='word_1_208' title='bbox 635 2094 735 2158; x_wconf 89' lang='lat' dir='ltr'>quum</span> <span class='ocrx_word' id='word_1_209' title='bbox 763 2077 900 2139; x_wconf 86' lang='lat' dir='ltr'>denario</span> <span class='ocrx_word' id='word_1_210' title='bbox 955 2079 1092 2154; x_wconf 89' lang='lat' dir='ltr'>insuper</span> <span class='ocrx_word' id='word_1_211' title='bbox 1106 2078 1193 2154; x_wconf 92' lang='lat' dir='ltr'>quod</span> <span class='ocrx_word' id='word_1_212' title='bbox 1210 2081 1368 2140; x_wconf 86' lang='lat' dir='ltr'>Saraceni</span> <span class='ocrx_word' id='word_1_213' title='bbox 1381 2097 1441 2157; x_wconf 92' lang='lat' dir='ltr'>per</span> <span class='ocrx_word' id='word_1_214' title='bbox 1453 2080 1751 2146; x_wconf 88' lang='lat' dir='ltr'>dissimulationem</span> 
     </span>
     <span class='ocr_line' id='line_1_20' title="bbox 105 2173 1750 2254; baseline 0.001 -11"><span class='ocrx_word' id='word_1_215' title='bbox 105 2181 256 2243; x_wconf 88' lang='lat' dir='ltr'>fraudari</span> <span class='ocrx_word' id='word_1_216' title='bbox 270 2195 338 2241; x_wconf 92' lang='lat' dir='ltr'>non</span> <span class='ocrx_word' id='word_1_217' title='bbox 352 2177 493 2240; x_wconf 89' lang='lat' dir='ltr'>debeant</span> <span class='ocrx_word' id='word_1_218' title='bbox 506 2178 542 2238; x_wconf 92' lang='lat' dir='ltr'>in</span> <span class='ocrx_word' id='word_1_219' title='bbox 562 2177 661 2238; x_wconf 82' lang='lat' dir='ltr'>uinea</span> <span class='ocrx_word' id='word_1_220' title='bbox 675 2175 807 2238; x_wconf 86' lang='lat' dir='ltr'>Domini</span> <span class='ocrx_word' id='word_1_221' title='bbox 822 2190 903 2252; x_wconf 91' lang='lat' dir='ltr'>ope-</span> <span class='ocrx_word' id='word_1_222' title='bbox 955 2175 1100 2236; x_wconf 78' lang='lat' dir='ltr'>vestram</span> <span class='ocrx_word' id='word_1_223' title='bbox 1112 2173 1157 2254; x_wconf 86' lang='lat' dir='ltr'>(a)</span> <span class='ocrx_word' id='word_1_224' title='bbox 1169 2175 1272 2236; x_wconf 91' lang='lat' dir='ltr'>multa</span> <span class='ocrx_word' id='word_1_225' title='bbox 1286 2177 1321 2236; x_wconf 91' lang='lat' dir='ltr'>in</span> <span class='ocrx_word' id='word_1_226' title='bbox 1334 2177 1610 2253; x_wconf 83' lang='lat' dir='ltr'>partibusvestris</span> <span class='ocrx_word' id='word_1_227' title='bbox 1626 2179 1750 2244; x_wconf 87' lang='lat' dir='ltr'>hahent</span> 
     </span>
     <span class='ocr_line' id='line_1_21' title="bbox 106 2271 1753 2352; baseline 0 -11"><span class='ocrx_word' id='word_1_228' title='bbox 106 2279 231 2342; x_wconf 89' lang='lat' dir='ltr'>rantes.</span> <span class='ocrx_word' id='word_1_229' title='bbox 247 2281 317 2339; x_wconf 85' lang='lat' dir='ltr'>Hoc</span> <span class='ocrx_word' id='word_1_230' title='bbox 332 2276 442 2338; x_wconf 88' lang='lat' dir='ltr'>autem</span> <span class='ocrx_word' id='word_1_231' title='bbox 457 2275 654 2338; x_wconf 88' lang='lat' dir='ltr'>inconcusse</span> <span class='ocrx_word' id='word_1_232' title='bbox 671 2273 825 2335; x_wconf 82' lang='lat' dir='ltr'>volumus</span> <span class='ocrx_word' id='word_1_233' title='bbox 840 2271 902 2332; x_wconf 93' lang='lat' dir='ltr'>oh·</span> <span class='ocrx_word' id='word_1_234' title='bbox 956 2271 1123 2347; x_wconf 88' lang='lat' dir='ltr'>mancipia</span> <span class='ocrx_word' id='word_1_235' title='bbox 1158 2271 1352 2345; x_wconf 90' lang='lat' dir='ltr'>christiana,</span> <span class='ocrx_word' id='word_1_236' title='bbox 1397 2290 1470 2351; x_wconf 88' lang='lat' dir='ltr'>quae</span> <span class='ocrx_word' id='word_1_237' title='bbox 1507 2291 1608 2352; x_wconf 90' lang='lat' dir='ltr'>quum</span> <span class='ocrx_word' id='word_1_238' title='bbox 1640 2279 1753 2342; x_wconf 88' lang='lat' dir='ltr'>emant</span> 
     </span>
     <span class='ocr_line' id='line_1_22' title="bbox 107 2367 1753 2450; baseline -0.001 -12"><span class='ocrx_word' id='word_1_239' title='bbox 107 2375 247 2448; x_wconf 88' lang='lat' dir='ltr'>servari,</span> <span class='ocrx_word' id='word_1_240' title='bbox 265 2373 405 2437; x_wconf 88' lang='lat' dir='ltr'>firmiter</span> <span class='ocrx_word' id='word_1_241' title='bbox 428 2372 642 2450; x_wconf 88' lang='lat' dir='ltr'>disponentes</span> <span class='ocrx_word' id='word_1_242' title='bbox 666 2369 751 2448; x_wconf 90' lang='lat' dir='ltr'>quod</span> <span class='ocrx_word' id='word_1_243' title='bbox 779 2367 829 2448; x_wconf 86' lang='lat' dir='ltr'>(a)</span> <span class='ocrx_word' id='word_1_244' title='bbox 852 2367 903 2428; x_wconf 86' lang='lat' dir='ltr'>fe·</span> <span class='ocrx_word' id='word_1_245' title='bbox 957 2367 1072 2440; x_wconf 90' lang='lat' dir='ltr'>libere,</span> <span class='ocrx_word' id='word_1_246' title='bbox 1090 2368 1220 2444; x_wconf 88' lang='lat' dir='ltr'>quando</span> <span class='ocrx_word' id='word_1_247' title='bbox 1240 2370 1356 2431; x_wconf 85' lang='lat' dir='ltr'>volunt</span> <span class='ocrx_word' id='word_1_248' title='bbox 1370 2387 1429 2447; x_wconf 90' lang='lat' dir='ltr'>pro</span> <span class='ocrx_word' id='word_1_249' title='bbox 1453 2372 1593 2434; x_wconf 90' lang='lat' dir='ltr'>arbitrio</span> <span class='ocrx_word' id='word_1_250' title='bbox 1608 2389 1668 2435; x_wconf 91' lang='lat' dir='ltr'>suo</span> <span class='ocrx_word' id='word_1_251' title='bbox 1691 2375 1753 2436; x_wconf 92' lang='lat' dir='ltr'>do-</span> 
     </span>
     <span class='ocr_line' id='line_1_23' title="bbox 107 2465 1752 2550; baseline -0.002 -14"><span class='ocrx_word' id='word_1_252' title='bbox 107 2475 232 2536; x_wconf 89' lang='lat' dir='ltr'>riamus</span> <span class='ocrx_word' id='word_1_253' title='bbox 245 2487 342 2550; x_wconf 90' lang='lat' dir='ltr'>poena</span> <span class='ocrx_word' id='word_1_254' title='bbox 357 2471 466 2532; x_wconf 89' lang='lat' dir='ltr'>debita</span> <span class='ocrx_word' id='word_1_255' title='bbox 478 2471 744 2546; x_wconf 84' lang='lat' dir='ltr'>transgressores</span> <span class='ocrx_word' id='word_1_256' title='bbox 758 2465 817 2546; x_wconf 84' lang='lat'>(2).</span> <span class='ocrx_word' id='word_1_257' title='bbox 957 2465 1273 2539; x_wconf 89' lang='lat' dir='ltr'>minantureisdem,</span> <span class='ocrx_word' id='word_1_258' title='bbox 1290 2467 1471 2529; x_wconf 88' lang='lat' dir='ltr'>secundum</span> <span class='ocrx_word' id='word_1_259' title='bbox 1490 2468 1591 2530; x_wconf 90' lang='lat' dir='ltr'>ritum</span> <span class='ocrx_word' id='word_1_260' title='bbox 1602 2471 1752 2548; x_wconf 91' lang='lat' dir='ltr'>ipsorum</span> 
     </span>
     <span class='ocr_line' id='line_1_24' title="bbox 162 2561 1754 2644; baseline 0.011 -29"><span class='ocrx_word' id='word_1_261' title='bbox 162 2561 168 2572; x_wconf 88' lang='grc'><em>·</em></span> <span class='ocrx_word' id='word_1_262' title='bbox 957 2577 998 2623; x_wconf 92' lang='lat' dir='ltr'>ea</span> <span class='ocrx_word' id='word_1_263' title='bbox 1009 2561 1123 2623; x_wconf 83' lang='lat' dir='ltr'>rivere</span> <span class='ocrx_word' id='word_1_264' title='bbox 1137 2564 1382 2640; x_wconf 87' lang='lat' dir='ltr'>compellentes.</span> <span class='ocrx_word' id='word_1_265' title='bbox 1399 2566 1577 2640; x_wconf 87' lang='lat' dir='ltr'>Praeterea,</span> <span class='ocrx_word' id='word_1_266' title='bbox 1595 2568 1681 2644; x_wconf 88' lang='lat' dir='ltr'>quod</span> <span class='ocrx_word' id='word_1_267' title='bbox 1703 2569 1754 2632; x_wconf 89' lang='lat' dir='ltr'>est</span> 
     </span>
    </p>

    <p class='ocr_par' dir='ltr' id='par_1_3' title="bbox 369 2659 1752 2736">
     <span class='ocr_line' id='line_1_25' title="bbox 369 2659 1752 2736; baseline 0.01 -23"><span class='ocrx_word' id='word_1_268' title='bbox 369 2727 370 2732; x_wconf 5' lang='grc' dir='ltr'>ἵ</span> <span class='ocrx_word' id='word_1_269' title='bbox 958 2659 1137 2736; x_wconf 90' lang='lat' dir='ltr'>plurimum</span> <span class='ocrx_word' id='word_1_270' title='bbox 1178 2659 1388 2734; x_wconf 75' lang='lat' dir='ltr'>miserabile,</span> <span class='ocrx_word' id='word_1_271' title='bbox 1437 2665 1589 2725; x_wconf 91' lang='lat' dir='ltr'>nonnulli</span> <span class='ocrx_word' id='word_1_272' title='bbox 1635 2665 1752 2728; x_wconf 90' lang='lat' dir='ltr'>rustici</span> 
     </span>
    </p>

    <p class='ocr_par' dir='ltr' id='par_1_4' title="bbox 350 2701 1752 2840">
     <span class='ocr_line' id='line_1_26' title="bbox 350 2701 1752 2840; baseline 0.01 -30"><span class='ocrx_word' id='word_1_273' title='bbox 350 2701 565 2790; x_wconf 73' lang='lat' dir='ltr'>TITULUS</span> <span class='ocrx_word' id='word_1_274' title='bbox 604 2701 667 2787; x_wconf 80' lang='grc' dir='ltr'>ῙΠ</span> <span class='ocrx_word' id='word_1_275' title='bbox 959 2755 1134 2817; x_wconf 80' lang='lat' dir='ltr'>christiani</span> <span class='ocrx_word' id='word_1_276' title='bbox 1155 2760 1270 2835; x_wconf 91' lang='lat' dir='ltr'>sponte</span> <span class='ocrx_word' id='word_1_277' title='bbox 1291 2775 1328 2820; x_wconf 91' lang='lat' dir='ltr'>se</span> <span class='ocrx_word' id='word_1_278' title='bbox 1341 2759 1578 2822; x_wconf 86' lang='lat' dir='ltr'>transferentes</span> <span class='ocrx_word' id='word_1_279' title='bbox 1593 2762 1634 2823; x_wconf 90' lang='lat' dir='ltr'>ad</span> <span class='ocrx_word' id='word_1_280' title='bbox 1647 2763 1752 2840; x_wconf 89' lang='lat' dir='ltr'>ipsos,</span> 
     </span>
    </p>

    <p class='ocr_par' dir='ltr' id='par_1_5' title="bbox 234 2853 1756 2947">
     <span class='ocr_line' id='line_1_27' title="bbox 234 2853 1756 2947; baseline 0.009 -40"><span class='ocrx_word' id='word_1_281' title='bbox 234 2887 277 2932; x_wconf 64' lang='lat' dir='ltr'>DE</span> <span class='ocrx_word' id='word_1_282' title='bbox 299 2885 423 2933; x_wconf 54' lang='grc' dir='ltr'>ΝΜ</span> <span class='ocrx_word' id='word_1_283' title='bbox 444 2885 488 2932; x_wconf 64' lang='lat' dir='ltr'>ET</span> <span class='ocrx_word' id='word_1_284' title='bbox 509 2883 692 2930; x_wconf 57' lang='lat' dir='ltr'>SARMENIS</span> <span class='ocrx_word' id='word_1_285' title='bbox 715 2863 774 2947; x_wconf 71' lang='lat'>(1),</span> <span class='ocrx_word' id='word_1_286' title='bbox 959 2853 1118 2915; x_wconf 89' lang='lat' dir='ltr'>eteorum</span> <span class='ocrx_word' id='word_1_287' title='bbox 1132 2854 1233 2916; x_wconf 90' lang='lat' dir='ltr'>ritum</span> <span class='ocrx_word' id='word_1_288' title='bbox 1246 2856 1421 2930; x_wconf 90' lang='lat' dir='ltr'>sectantes,</span> <span class='ocrx_word' id='word_1_289' title='bbox 1439 2859 1623 2920; x_wconf 85' lang='lat' dir='ltr'>Saracenos</span> <span class='ocrx_word' id='word_1_290' title='bbox 1644 2875 1756 2938; x_wconf 91' lang='lat' dir='ltr'>sepu-</span> 
     </span>
    </p>

    <p class='ocr_par' dir='ltr' id='par_1_6' title="bbox 958 2951 1756 3231">
     <span class='ocr_line' id='line_1_28' title="bbox 959 2951 1755 3034; baseline 0.011 -24"><span class='ocrx_word' id='word_1_291' title='bbox 959 2951 1045 3011; x_wconf 90' lang='lat' dir='ltr'>hlice</span> <span class='ocrx_word' id='word_1_292' title='bbox 1074 2951 1285 3025; x_wconf 87' lang='lat' dir='ltr'>confitentur,</span> <span class='ocrx_word' id='word_1_293' title='bbox 1309 2969 1352 3014; x_wconf 82' lang='lat' dir='ltr'>ex</span> <span class='ocrx_word' id='word_1_294' title='bbox 1374 2969 1413 3015; x_wconf 93' lang='lat' dir='ltr'>eo</span> <span class='ocrx_word' id='word_1_295' title='bbox 1442 2956 1519 3032; x_wconf 92' lang='lat' dir='ltr'>quia</span> <span class='ocrx_word' id='word_1_296' title='bbox 1542 2957 1578 3016; x_wconf 90' lang='lat' dir='ltr'>in</span> <span class='ocrx_word' id='word_1_297' title='bbox 1601 2955 1755 3034; x_wconf 90' lang='lat' dir='ltr'>plurimis</span> 
     </span>
     <span class='ocr_line' id='line_1_29' title="bbox 959 3048 1756 3131; baseline 0.013 -24"><span class='ocrx_word' id='word_1_298' title='bbox 959 3048 1068 3108; x_wconf 89' lang='lat' dir='ltr'>lenior</span> <span class='ocrx_word' id='word_1_299' title='bbox 1086 3051 1329 3110; x_wconf 88' lang='lat' dir='ltr'>Saracenorum</span> <span class='ocrx_word' id='word_1_300' title='bbox 1354 3052 1498 3114; x_wconf 90' lang='lat' dir='ltr'>conditio</span> <span class='ocrx_word' id='word_1_301' title='bbox 1527 3069 1625 3131; x_wconf 87' lang='lat' dir='ltr'>quam</span> <span class='ocrx_word' id='word_1_302' title='bbox 1647 3053 1756 3118; x_wconf 90' lang='lat' dir='ltr'>chris-</span> 
     </span>
     <span class='ocr_line' id='line_1_30' title="bbox 958 3145 1755 3231; baseline 0.01 -25"><span class='ocrx_word' id='word_1_303' title='bbox 958 3145 1125 3206; x_wconf 89' lang='lat' dir='ltr'>tianorum</span> <span class='ocrx_word' id='word_1_304' title='bbox 1136 3147 1262 3209; x_wconf 81' lang='lat' dir='ltr'>existit.</span> <span class='ocrx_word' id='word_1_305' title='bbox 1276 3149 1359 3220; x_wconf 91' lang='lat' dir='ltr'>Quia</span> <span class='ocrx_word' id='word_1_306' title='bbox 1369 3165 1448 3211; x_wconf 85' lang='lat' dir='ltr'>vero</span> <span class='ocrx_word' id='word_1_307' title='bbox 1461 3150 1641 3227; x_wconf 82' lang='lat' dir='ltr'>negligere,</span> <span class='ocrx_word' id='word_1_308' title='bbox 1654 3169 1755 3231; x_wconf 91' lang='lat' dir='ltr'>quum</span> 
     </span>
    </p>
   </div>
   <div class='ocr_carea' id='block_1_3' title="bbox 108 3019 905 3195">
    <p class='ocr_par' dir='ltr' id='par_1_7' title="bbox 108 3019 905 3195">
     <span class='ocr_line' id='line_1_31' title="bbox 108 3019 905 3094; baseline -0.008 -10"><span class='ocrx_word' id='word_1_309' title='bbox 108 3024 273 3085; x_wconf 81' lang='lat' dir='ltr'>omuibus</span> <span class='ocrx_word' id='word_1_310' title='bbox 301 3021 566 3094; x_wconf 77' lang='lat' dir='ltr'>archiepiscopis</span> <span class='ocrx_word' id='word_1_311' title='bbox 593 3019 627 3080; x_wconf 84' lang='lat' dir='ltr'>et</span> <span class='ocrx_word' id='word_1_312' title='bbox 652 3021 818 3093; x_wconf 83' lang='lat' dir='ltr'>episcopis</span> <span class='ocrx_word' id='word_1_313' title='bbox 839 3033 905 3094; x_wconf 80' lang='lat' dir='ltr'>per</span> 
     </span>
     <span class='ocr_line' id='line_1_32' title="bbox 218 3117 793 3195; baseline -0.009 -15"><span class='ocrx_word' id='word_1_314' title='bbox 218 3133 365 3195; x_wconf 76' lang='lat' dir='ltr'>requam</span> <span class='ocrx_word' id='word_1_315' title='bbox 378 3119 574 3192; x_wconf 77' lang='lat' dir='ltr'>Hurrqartoe</span> <span class='ocrx_word' id='word_1_316' title='bbox 588 3117 793 3178; x_wconf 80' lang='lat' dir='ltr'>constitutis.</span> 
     </span>
    </p>
   </div>
   <div class='ocr_carea' id='block_1_4' title="bbox 417 3243 1758 3418">
    <p class='ocr_par' dir='ltr' id='par_1_8' title="bbox 417 3243 1758 3418">
     <span class='ocr_line' id='line_1_33' title="bbox 417 3243 1756 3358; baseline -0.009 -34"><span class='ocrx_word' id='word_1_317' title='bbox 417 3294 554 3355; x_wconf 63' lang='lat' dir='ltr'>CAPUT</span> <span class='ocrx_word' id='word_1_318' title='bbox 575 3294 589 3354; x_wconf 72' lang='grc' dir='ltr'>Ι</span> <span class='ocrx_word' id='word_1_319' title='bbox 960 3243 1093 3320; x_wconf 90' lang='lat' dir='ltr'>possitis</span> <span class='ocrx_word' id='word_1_320' title='bbox 1102 3245 1297 3320; x_wconf 89' lang='lat' dir='ltr'>perturbare</span> <span class='ocrx_word' id='word_1_321' title='bbox 1308 3262 1494 3356; x_wconf 81' lang='lat' dir='ltr'>perversos,</span> <span class='ocrx_word' id='word_1_322' title='bbox 1508 3248 1593 3358; x_wconf 81' lang='lat' dir='ltr'>nihil</span> <span class='ocrx_word' id='word_1_323' title='bbox 1606 3251 1656 3312; x_wconf 90' lang='lat' dir='ltr'>est</span> <span class='ocrx_word' id='word_1_324' title='bbox 1665 3250 1756 3312; x_wconf 92' lang='lat' dir='ltr'>aliud</span> 
     </span>
     <span class='ocr_line' id='line_1_34' title="bbox 592 3337 1758 3418; baseline -0.009 -1"><span class='ocrx_word' id='word_1_325' title='bbox 592 3337 600 3352; x_wconf 72' lang='grc'>’</span> <span class='ocrx_word' id='word_1_326' title='bbox 961 3357 1058 3418; x_wconf 89' lang='lat' dir='ltr'>quam</span> <span class='ocrx_word' id='word_1_327' title='bbox 1073 3341 1196 3414; x_wconf 81' lang='lat' dir='ltr'>forare,</span> <span class='ocrx_word' id='word_1_328' title='bbox 1214 3358 1254 3403; x_wconf 91' lang='lat' dir='ltr'>ac</span> <span class='ocrx_word' id='word_1_329' title='bbox 1273 3345 1461 3406; x_wconf 81' lang='lat' dir='ltr'>consentire</span> <span class='ocrx_word' id='word_1_330' title='bbox 1485 3345 1617 3408; x_wconf 77' lang='lat' dir='ltr'>udatur</span> <span class='ocrx_word' id='word_1_331' title='bbox 1640 3362 1758 3409; x_wconf 89' lang='lat' dir='ltr'>erran-</span> 
     </span>
    </p>
   </div>
   <div class='ocr_carea' id='block_1_5' title="bbox 109 3437 1759 3615">
    <p class='ocr_par' dir='ltr' id='par_1_9' title="bbox 109 3437 1759 3615">
     <span class='ocr_line' id='line_1_35' title="bbox 153 3437 1759 3518; baseline 0 -12"><span class='ocrx_word' id='word_1_332' title='bbox 153 3445 332 3517; x_wconf 88' lang='lat' dir='ltr'>lntellecto,</span> <span class='ocrx_word' id='word_1_333' title='bbox 358 3445 392 3506; x_wconf 85' lang='lat' dir='ltr'>et</span> <span class='ocrx_word' id='word_1_334' title='bbox 415 3446 521 3518; x_wconf 78' lang='lat' dir='ltr'>iufra.</span> <span class='ocrx_word' id='word_1_335' title='bbox 546 3443 595 3504; x_wconf 81' lang='lat' dir='ltr'>Ad</span> <span class='ocrx_word' id='word_1_336' title='bbox 618 3442 691 3503; x_wconf 83' lang='lat' dir='ltr'>haec</span> <span class='ocrx_word' id='word_1_337' title='bbox 714 3442 755 3502; x_wconf 90' lang='lat' dir='ltr'>de</span> <span class='ocrx_word' id='word_1_338' title='bbox 774 3442 904 3503; x_wconf 88' lang='lat' dir='ltr'>disere·</span> <span class='ocrx_word' id='word_1_339' title='bbox 960 3439 1048 3500; x_wconf 89' lang='lat' dir='ltr'>tibus</span> <span class='ocrx_word' id='word_1_340' title='bbox 1064 3439 1120 3515; x_wconf 89' lang='lat' dir='ltr'>qui</span> <span class='ocrx_word' id='word_1_341' title='bbox 1134 3439 1226 3501; x_wconf 84' lang='lat' dir='ltr'>vitiis</span> <span class='ocrx_word' id='word_1_342' title='bbox 1241 3437 1274 3500; x_wconf 87' lang='lat' dir='ltr'>et</span> <span class='ocrx_word' id='word_1_343' title='bbox 1285 3441 1430 3516; x_wconf 85' lang='lat' dir='ltr'>peccatis</span> <span class='ocrx_word' id='word_1_344' title='bbox 1446 3457 1519 3518; x_wconf 81' lang='lat' dir='ltr'>quae</span> <span class='ocrx_word' id='word_1_345' title='bbox 1537 3441 1634 3504; x_wconf 89' lang='lat' dir='ltr'>dehet</span> <span class='ocrx_word' id='word_1_346' title='bbox 1651 3446 1759 3506; x_wconf 88' lang='lat' dir='ltr'>corri-</span> 
     </span>
     <span class='ocr_line' id='line_1_36' title="bbox 109 3535 1756 3615; baseline -0.001 -12"><span class='ocrx_word' id='word_1_347' title='bbox 109 3543 202 3604; x_wconf 89' lang='lat' dir='ltr'>tione</span> <span class='ocrx_word' id='word_1_348' title='bbox 223 3541 333 3603; x_wconf 88' lang='lat' dir='ltr'>vestra</span> <span class='ocrx_word' id='word_1_349' title='bbox 356 3540 529 3611; x_wconf 90' lang='lat' dir='ltr'>miramur,</span> <span class='ocrx_word' id='word_1_350' title='bbox 553 3554 686 3600; x_wconf 90' lang='lat' dir='ltr'>causam</span> <span class='ocrx_word' id='word_1_351' title='bbox 709 3538 823 3600; x_wconf 89' lang='lat' dir='ltr'>contra</span> <span class='ocrx_word' id='word_1_352' title='bbox 847 3554 907 3600; x_wconf 82' lang='lat' dir='ltr'>ros</span> <span class='ocrx_word' id='word_1_353' title='bbox 961 3549 1039 3611; x_wconf 90' lang='lat' dir='ltr'>gere</span> <span class='ocrx_word' id='word_1_354' title='bbox 1054 3551 1120 3594; x_wconf 91' lang='lat' dir='ltr'>non</span> <span class='ocrx_word' id='word_1_355' title='bbox 1136 3535 1296 3610; x_wconf 91' lang='lat' dir='ltr'>occurrit;</span> <span class='ocrx_word' id='word_1_356' title='bbox 1314 3536 1359 3597; x_wconf 89' lang='lat' dir='ltr'>ita</span> <span class='ocrx_word' id='word_1_357' title='bbox 1383 3537 1419 3596; x_wconf 91' lang='lat' dir='ltr'>in</span> <span class='ocrx_word' id='word_1_358' title='bbox 1437 3537 1502 3598; x_wconf 91' lang='lat' dir='ltr'>hoc</span> <span class='ocrx_word' id='word_1_359' title='bbox 1519 3538 1756 3615; x_wconf 85' lang='lat' dir='ltr'>negligentiam</span> 
     </span>
    </p>
   </div>
   <div class='ocr_carea' id='block_1_6' title="bbox 108 3767 1783 5670">
    <p class='ocr_par' dir='ltr' id='par_1_10' title="bbox 108 3767 1783 5670">
     <span class='ocr_line' id='line_1_37' title="bbox 108 3767 1759 3918; baseline -0.001 -12"><span class='ocrx_word' id='word_1_360' title='bbox 108 3775 907 3918; x_wconf 62' lang='lat' dir='ltr'>tftuafttdliltaltaalttfltaltl</span> <span class='ocrx_word' id='word_1_361' title='bbox 962 3767 1759 3918; x_wconf 60' lang='lat' dir='ltr'>„llsaltitattertull-,ituriae</span> 
     </span>
     <span class='ocr_line' id='line_1_38' title="bbox 109 3886 1758 4000; baseline -0.001 -23"><span class='ocrx_word' id='word_1_362' title='bbox 109 3935 145 3977; x_wconf 90' lang='lat' dir='ltr'>ca</span> <span class='ocrx_word' id='word_1_363' title='bbox 167 3919 205 3975; x_wconf 90' lang='lat' dir='ltr'>ite</span> <span class='ocrx_word' id='word_1_364' title='bbox 215 3886 907 3987; x_wconf 77' lang='lat' dir='ltr'>Honorius&#39;respia’ittamooneiliumhateranense</span> <span class='ocrx_word' id='word_1_365' title='bbox 962 3927 1058 3968; x_wconf 87' lang='lat' dir='ltr'>aarum</span> <span class='ocrx_word' id='word_1_366' title='bbox 1071 3911 1287 3993; x_wconf 78' lang='lat' dir='ltr'>sauguinesunt</span> <span class='ocrx_word' id='word_1_367' title='bbox 1298 3915 1443 3996; x_wconf 77' lang='lat' dir='ltr'>prognati,</span> <span class='ocrx_word' id='word_1_368' title='bbox 1462 3915 1637 3998; x_wconf 27' lang='lat' dir='ltr'>adupuhtr&#39;aos</span> <span class='ocrx_word' id='word_1_369' title='bbox 1653 3919 1758 4000; x_wconf 71' lang='lat' dir='ltr'>maau-</span> 
     </span>
     <span class='ocr_line' id='line_1_39' title="bbox 110 3935 1759 4074; baseline -0.002 -27"><span class='ocrx_word' id='word_1_370' title='bbox 110 3935 241 4047; x_wconf 50' lang='lat' dir='ltr'>hassitum</span> <span class='ocrx_word' id='word_1_371' title='bbox 261 3986 314 4046; x_wconf 89' lang='lat' dir='ltr'>sub</span> <span class='ocrx_word' id='word_1_372' title='bbox 330 3985 660 4066; x_wconf 78' lang='lat' dir='ltr'>mexendr0111,quam</span> <span class='ocrx_word' id='word_1_373' title='bbox 681 3986 837 4044; x_wconf 88' lang='lat' dir='ltr'>Concilium</span> <span class='ocrx_word' id='word_1_374' title='bbox 875 4001 904 4044; x_wconf 92' lang='lat' dir='ltr'>e·</span> <span class='ocrx_word' id='word_1_375' title='bbox 949 3986 1056 4064; x_wconf 82' lang='lat' dir='ltr'>‚tratur</span> <span class='ocrx_word' id='word_1_376' title='bbox 1074 3998 1109 4038; x_wconf 85' lang='lat' dir='ltr'>ua</span> <span class='ocrx_word' id='word_1_377' title='bbox 1131 3983 1330 4074; x_wconf 69' lang='lat' dir='ltr'>demutantur,</span> <span class='ocrx_word' id='word_1_378' title='bbox 1349 3991 1396 4066; x_wconf 37' lang='lat' dir='ltr'>&#39;art</span> <span class='ocrx_word' id='word_1_379' title='bbox 1424 3987 1599 4066; x_wconf 81' lang='lat' dir='ltr'>aoncrhurn:</span> <span class='ocrx_word' id='word_1_380' title='bbox 1626 3994 1654 4044; x_wconf 85' lang='lat' dir='ltr'>et</span> <span class='ocrx_word' id='word_1_381' title='bbox 1679 3991 1759 4074; x_wconf 72' lang='lat' dir='ltr'>rull</span> 
     </span>
     <span class='ocr_line' id='line_1_40' title="bbox 112 4002 1758 4138; baseline 0.001 -23"><span class='ocrx_word' id='word_1_382' title='bbox 112 4055 456 4116; x_wconf 85' lang='lat' dir='ltr'>nerslasuhlnnocentio</span> <span class='ocrx_word' id='word_1_383' title='bbox 471 4057 522 4120; x_wconf 88' lang='lat' dir='ltr'>lll,</span> <span class='ocrx_word' id='word_1_384' title='bbox 540 4062 626 4114; x_wconf 77' lang='lat' dir='ltr'>etiam</span> <span class='ocrx_word' id='word_1_385' title='bbox 640 4057 831 4114; x_wconf 83' lang='lat' dir='ltr'>haterauense</span> <span class='ocrx_word' id='word_1_386' title='bbox 846 4002 905 4114; x_wconf 51' lang='lat' dir='ltr'>ugic-</span> <span class='ocrx_word' id='word_1_387' title='bbox 962 4053 1063 4110; x_wconf 77' lang='lat' dir='ltr'>conell.</span> <span class='ocrx_word' id='word_1_388' title='bbox 1085 4052 1232 4135; x_wconf 81' lang='lat' dir='ltr'>Toletano,</span> <span class='ocrx_word' id='word_1_389' title='bbox 1264 4053 1393 4112; x_wconf 73' lang='lat' dir='ltr'>thrntrlae</span> <span class='ocrx_word' id='word_1_390' title='bbox 1416 4069 1494 4127; x_wconf 80' lang='lat' dir='ltr'>regis</span> <span class='ocrx_word' id='word_1_391' title='bbox 1518 4071 1593 4138; x_wconf 82' lang='lat' dir='ltr'>anno</span> <span class='ocrx_word' id='word_1_392' title='bbox 1610 4058 1623 4112; x_wconf 90' lang='lat' dir='ltr'>l</span> <span class='ocrx_word' id='word_1_393' title='bbox 1643 4055 1758 4129; x_wconf 79' lang='lat' dir='ltr'>Chusa,</span> 
     </span>
     <span class='ocr_line' id='line_1_41' title="bbox 111 4123 1760 4211; baseline -0.001 -24"><span class='ocrx_word' id='word_1_394' title='bbox 111 4139 185 4198; x_wconf 89' lang='lat' dir='ltr'>tum,</span> <span class='ocrx_word' id='word_1_395' title='bbox 201 4143 265 4201; x_wconf 74' lang='lat' dir='ltr'>quae</span> <span class='ocrx_word' id='word_1_396' title='bbox 284 4135 380 4184; x_wconf 86' lang='lat' dir='ltr'>tamen</span> <span class='ocrx_word' id='word_1_397' title='bbox 399 4127 547 4182; x_wconf 90' lang='lat' dir='ltr'>nominum</span> <span class='ocrx_word' id='word_1_398' title='bbox 566 4125 709 4184; x_wconf 89' lang='lat' dir='ltr'>distinctio</span> <span class='ocrx_word' id='word_1_399' title='bbox 723 4126 810 4200; x_wconf 88' lang='lat' dir='ltr'>vulgo</span> <span class='ocrx_word' id='word_1_400' title='bbox 827 4127 907 4184; x_wconf 91' lang='lat' dir='ltr'>adhi·</span> <span class='ocrx_word' id='word_1_401' title='bbox 962 4138 1031 4204; x_wconf 76' lang='lat' dir='ltr'>vero</span> <span class='ocrx_word' id='word_1_402' title='bbox 1045 4123 1107 4190; x_wconf 85' lang='grc'>636,</span> <span class='ocrx_word' id='word_1_403' title='bbox 1124 4131 1289 4205; x_wconf 81' lang='lat' dir='ltr'>sancitum:</span> <span class='ocrx_word' id='word_1_404' title='bbox 1305 4125 1349 4180; x_wconf 87' lang='lat' dir='ltr'>Ne</span> <span class='ocrx_word' id='word_1_405' title='bbox 1360 4127 1420 4207; x_wconf 69' lang='lat' dir='ltr'>Rea</span> <span class='ocrx_word' id='word_1_406' title='bbox 1433 4140 1518 4196; x_wconf 77' lang='lat' dir='ltr'>regno</span> <span class='ocrx_word' id='word_1_407' title='bbox 1532 4134 1760 4211; x_wconf 70' lang='lat' dir='ltr'>inauguraretur</span> 
     </span>
     <span class='ocr_line' id='line_1_42' title="bbox 111 4196 1759 4277; baseline 0.001 -21"><span class='ocrx_word' id='word_1_408' title='bbox 111 4201 196 4256; x_wconf 87' lang='lat' dir='ltr'>betur</span> <span class='ocrx_word' id='word_1_409' title='bbox 210 4205 240 4255; x_wconf 91' lang='lat' dir='ltr'>ut</span> <span class='ocrx_word' id='word_1_410' title='bbox 251 4198 307 4269; x_wconf 80' lang='lat' dir='ltr'>jam</span> <span class='ocrx_word' id='word_1_411' title='bbox 321 4198 428 4264; x_wconf 89' lang='lat' dir='ltr'>notavi,</span> <span class='ocrx_word' id='word_1_412' title='bbox 444 4203 475 4253; x_wconf 90' lang='lat' dir='ltr'>ut</span> <span class='ocrx_word' id='word_1_413' title='bbox 488 4201 600 4252; x_wconf 89' lang='lat' dir='ltr'>constat</span> <span class='ocrx_word' id='word_1_414' title='bbox 616 4211 652 4252; x_wconf 82' lang='lat' dir='ltr'>ex</span> <span class='ocrx_word' id='word_1_415' title='bbox 670 4211 733 4269; x_wconf 86' lang='lat' dir='ltr'>cap.</span> <span class='ocrx_word' id='word_1_416' title='bbox 759 4197 786 4265; x_wconf 79' lang='lat'>2,</span> <span class='ocrx_word' id='word_1_417' title='bbox 811 4213 907 4271; x_wconf 88' lang='lat' dir='ltr'>supra,</span> <span class='ocrx_word' id='word_1_418' title='bbox 960 4209 1130 4264; x_wconf 79' lang='lat' dir='ltr'>prrusquam</span> <span class='ocrx_word' id='word_1_419' title='bbox 1156 4198 1293 4264; x_wconf 80' lang='lat' dir='ltr'>conceptu</span> <span class='ocrx_word' id='word_1_420' title='bbox 1316 4196 1408 4252; x_wconf 78' lang='lat' dir='ltr'>aarum</span> <span class='ocrx_word' id='word_1_421' title='bbox 1431 4196 1594 4277; x_wconf 64' lang='lat' dir='ltr'>ladanum</span> <span class='ocrx_word' id='word_1_422' title='bbox 1625 4205 1701 4268; x_wconf 71' lang='lat' dir='ltr'>aaut</span> <span class='ocrx_word' id='word_1_423' title='bbox 1728 4214 1759 4257; x_wconf 85' lang='lat' dir='ltr'>se</span> 
     </span>
     <span class='ocr_line' id='line_1_43' title="bbox 110 4263 1783 4352; baseline -0.002 -26"><span class='ocrx_word' id='word_1_424' title='bbox 110 4269 290 4326; x_wconf 83' lang='lat' dir='ltr'>desimontu.</span> <span class='ocrx_word' id='word_1_425' title='bbox 308 4269 360 4324; x_wconf 91' lang='lat' dir='ltr'>llic</span> <span class='ocrx_word' id='word_1_426' title='bbox 375 4267 517 4324; x_wconf 88' lang='lat' dir='ltr'>Honorius</span> <span class='ocrx_word' id='word_1_427' title='bbox 550 4266 606 4322; x_wconf 92' lang='lat' dir='ltr'>uod</span> <span class='ocrx_word' id='word_1_428' title='bbox 625 4265 705 4324; x_wconf 87' lang='lat' dir='ltr'>hisce</span> <span class='ocrx_word' id='word_1_429' title='bbox 725 4269 854 4326; x_wconf 88' lang='lat' dir='ltr'>conciliis</span> <span class='ocrx_word' id='word_1_430' title='bbox 874 4268 909 4326; x_wconf 89' lang='lat' dir='ltr'>de</span> <span class='ocrx_word' id='word_1_431' title='bbox 962 4263 1180 4346; x_wconf 71' lang='lat' dir='ltr'>haudquaquam</span> <span class='ocrx_word' id='word_1_432' title='bbox 1194 4278 1271 4333; x_wconf 82' lang='lat' dir='ltr'>opem</span> <span class='ocrx_word' id='word_1_433' title='bbox 1285 4265 1570 4349; x_wconf 64' lang='lat' dir='ltr'>taturumguratuaf</span> <span class='ocrx_word' id='word_1_434' title='bbox 1585 4283 1623 4350; x_wconf 82' lang='lat' dir='ltr'>ac</span> <span class='ocrx_word' id='word_1_435' title='bbox 1640 4284 1676 4325; x_wconf 81' lang='lat' dir='ltr'>aa</span> <span class='ocrx_word' id='word_1_436' title='bbox 1690 4285 1783 4352; x_wconf 58' lang='lat' dir='ltr'>pern.</span> 
     </span>
     <span class='ocr_line' id='line_1_44' title="bbox 112 4281 1757 4419; baseline -0.001 -21"><span class='ocrx_word' id='word_1_437' title='bbox 112 4339 278 4398; x_wconf 86' lang='lat' dir='ltr'>doctoribus</span> <span class='ocrx_word' id='word_1_438' title='bbox 301 4336 443 4409; x_wconf 85' lang='lat' dir='ltr'>theologis</span> <span class='ocrx_word' id='word_1_439' title='bbox 466 4281 593 4393; x_wconf 53' lang='lat' dir='ltr'>nonffum</span> <span class='ocrx_word' id='word_1_440' title='bbox 606 4343 680 4394; x_wconf 88' lang='lat' dir='ltr'>-orat</span> <span class='ocrx_word' id='word_1_441' title='bbox 706 4337 789 4408; x_wconf 87' lang='lat' dir='ltr'>plene</span> <span class='ocrx_word' id='word_1_442' title='bbox 809 4338 907 4395; x_wconf 87' lang='lat' dir='ltr'>ohser-</span> <span class='ocrx_word' id='word_1_443' title='bbox 963 4336 1117 4415; x_wconf 67' lang='lat' dir='ltr'>euasurum</span> <span class='ocrx_word' id='word_1_444' title='bbox 1131 4333 1241 4404; x_wconf 76' lang='lat' dir='ltr'>quadan</span> <span class='ocrx_word' id='word_1_445' title='bbox 1259 4338 1290 4415; x_wconf 74' lang='lat' dir='ltr'>ut</span> <span class='ocrx_word' id='word_1_446' title='bbox 1304 4351 1486 4417; x_wconf 77' lang='lat' dir='ltr'>qumquama</span> <span class='ocrx_word' id='word_1_447' title='bbox 1507 4337 1643 4419; x_wconf 69' lang='lat' dir='ltr'>rebamur</span> <span class='ocrx_word' id='word_1_448' title='bbox 1658 4339 1757 4398; x_wconf 82' lang='lat' dir='ltr'>Gbru·</span> 
     </span>
     <span class='ocr_line' id='line_1_45' title="bbox 112 4404 1722 4492; baseline -0.001 -25"><span class='ocrx_word' id='word_1_449' title='bbox 112 4417 224 4476; x_wconf 81' lang='lat' dir='ltr'>vatum,</span> <span class='ocrx_word' id='word_1_450' title='bbox 240 4416 272 4466; x_wconf 91' lang='lat' dir='ltr'>ut</span> <span class='ocrx_word' id='word_1_451' title='bbox 287 4408 400 4464; x_wconf 87' lang='lat' dir='ltr'>interim</span> <span class='ocrx_word' id='word_1_452' title='bbox 429 4405 583 4479; x_wconf 76' lang='lat' dir='ltr'>theologie</span> <span class='ocrx_word' id='word_1_453' title='bbox 601 4405 725 4464; x_wconf 86' lang='lat' dir='ltr'>studium</span> <span class='ocrx_word' id='word_1_454' title='bbox 743 4416 909 4479; x_wconf 88' lang='lat' dir='ltr'>procuretur</span> <span class='ocrx_word' id='word_1_455' title='bbox 962 4409 1044 4460; x_wconf 79' lang='lat' dir='ltr'>traua</span> <span class='ocrx_word' id='word_1_456' title='bbox 1062 4404 1173 4460; x_wconf 79' lang='lat' dir='ltr'>alueus</span> <span class='ocrx_word' id='word_1_457' title='bbox 1189 4408 1248 4460; x_wconf 89' lang='lat' dir='ltr'>totu</span> <span class='ocrx_word' id='word_1_458' title='bbox 1261 4407 1493 4487; x_wconf 76' lang='lat' dir='ltr'>duroaeunpuae</span> <span class='ocrx_word' id='word_1_459' title='bbox 1506 4413 1594 4464; x_wconf 80' lang='lat' dir='ltr'>artam</span> <span class='ocrx_word' id='word_1_460' title='bbox 1607 4415 1722 4492; x_wconf 35' lang='lat' dir='ltr'>ageret..</span> 
     </span>
     <span class='ocr_line' id='line_1_46' title="bbox 112 4471 1760 4600; baseline -0.003 -63"><span class='ocrx_word' id='word_1_461' title='bbox 112 4479 273 4537; x_wconf 87' lang='lat' dir='ltr'>remedium</span> <span class='ocrx_word' id='word_1_462' title='bbox 289 4476 413 4544; x_wconf 88' lang='lat' dir='ltr'>adhibet,</span> <span class='ocrx_word' id='word_1_463' title='bbox 425 4491 530 4548; x_wconf 86' lang='lat' dir='ltr'>nempe</span> <span class='ocrx_word' id='word_1_464' title='bbox 549 4483 579 4533; x_wconf 92' lang='lat' dir='ltr'>ut</span> <span class='ocrx_word' id='word_1_465' title='bbox 591 4477 704 4550; x_wconf 83' lang='lat' dir='ltr'>integre</span> <span class='ocrx_word' id='word_1_466' title='bbox 716 4474 823 4537; x_wconf 88' lang='lat' dir='ltr'>fructus</span> <span class='ocrx_word' id='word_1_467' title='bbox 835 4495 907 4552; x_wconf 80' lang='lat' dir='ltr'>praa·</span> <span class='ocrx_word' id='word_1_468' title='bbox 997 4471 1038 4600; x_wconf 41' lang='lat' dir='ltr'>gc)</span> <span class='ocrx_word' id='word_1_469' title='bbox 1058 4474 1150 4532; x_wconf 80' lang='lat' dir='ltr'>Multa</span> <span class='ocrx_word' id='word_1_470' title='bbox 1167 4475 1266 4558; x_wconf 75' lang='lat' dir='ltr'>hahart</span> <span class='ocrx_word' id='word_1_471' title='bbox 1280 4490 1432 4557; x_wconf 73' lang='lat' dir='ltr'>nequaqam.</span> <span class='ocrx_word' id='word_1_472' title='bbox 1450 4479 1511 4534; x_wconf 90' lang='lat' dir='ltr'>lloc</span> <span class='ocrx_word' id='word_1_473' title='bbox 1535 4493 1567 4534; x_wconf 87' lang='lat' dir='ltr'>oo</span> <span class='ocrx_word' id='word_1_474' title='bbox 1592 4522 1598 4536; x_wconf 90' lang='lat'>.</span> <span class='ocrx_word' id='word_1_475' title='bbox 1616 4479 1760 4538; x_wconf 79' lang='lat' dir='ltr'>Honorius</span> 
     </span>
     <span class='ocr_line' id='line_1_47' title="bbox 112 4543 1759 4630; baseline -0.001 -23"><span class='ocrx_word' id='word_1_476' title='bbox 112 4550 271 4607; x_wconf 85' lang='lat' dir='ltr'>bandarum</span> <span class='ocrx_word' id='word_1_477' title='bbox 300 4562 415 4606; x_wconf 88' lang='lat' dir='ltr'>suarum</span> <span class='ocrx_word' id='word_1_478' title='bbox 439 4546 577 4630; x_wconf 86' lang='lat' dir='ltr'>recipiant</span> <span class='ocrx_word' id='word_1_479' title='bbox 600 4546 743 4616; x_wconf 86' lang='lat' dir='ltr'>absentes,</span> <span class='ocrx_word' id='word_1_480' title='bbox 770 4557 801 4606; x_wconf 93' lang='lat' dir='ltr'>ut</span> <span class='ocrx_word' id='word_1_481' title='bbox 823 4565 908 4622; x_wconf 90' lang='lat' dir='ltr'>supra</span> <span class='ocrx_word' id='word_1_482' title='bbox 964 4557 994 4600; x_wconf 80' lang='lat' dir='ltr'>re</span> <span class='ocrx_word' id='word_1_483' title='bbox 1007 4551 1094 4626; x_wconf 76' lang='lat' dir='ltr'>ertse</span> <span class='ocrx_word' id='word_1_484' title='bbox 1114 4559 1260 4616; x_wconf 83' lang='lat' dir='ltr'>aoceprssc</span> <span class='ocrx_word' id='word_1_485' title='bbox 1279 4543 1371 4602; x_wconf 81' lang='lat' dir='ltr'>edicta</span> <span class='ocrx_word' id='word_1_486' title='bbox 1399 4554 1498 4628; x_wconf 83' lang='lat' dir='ltr'>contra</span> <span class='ocrx_word' id='word_1_487' title='bbox 1515 4550 1556 4630; x_wconf 37' lang='lat' dir='ltr'>&#39;lu</span> <span class='ocrx_word' id='word_1_488' title='bbox 1578 4563 1664 4606; x_wconf 84' lang='lat' dir='ltr'>aeose</span> <span class='ocrx_word' id='word_1_489' title='bbox 1688 4565 1759 4624; x_wconf 86' lang='lat' dir='ltr'>rege</span> 
     </span>
     <span class='ocr_line' id='line_1_48' title="bbox 114 4615 1758 4744; baseline -0.001 -66"><span class='ocrx_word' id='word_1_490' title='bbox 114 4622 158 4678; x_wconf 84' lang='lat' dir='ltr'>tit.</span> <span class='ocrx_word' id='word_1_491' title='bbox 175 4621 207 4676; x_wconf 86' lang='lat' dir='ltr'>da</span> <span class='ocrx_word' id='word_1_492' title='bbox 220 4621 288 4676; x_wconf 83' lang='lat' dir='ltr'>clar.</span> <span class='ocrx_word' id='word_1_493' title='bbox 307 4635 364 4674; x_wconf 85' lang='lat' dir='ltr'>aaa</span> <span class='ocrx_word' id='word_1_494' title='bbox 378 4617 463 4674; x_wconf 79' lang='lat' dir='ltr'>resta.</span> <span class='ocrx_word' id='word_1_495' title='bbox 479 4617 654 4676; x_wconf 76' lang='lat' dir='ltr'>dictumest.</span> <span class='ocrx_word' id='word_1_496' title='bbox 964 4615 1128 4687; x_wconf 81' lang='lat' dir='ltr'>Hungunm,</span> <span class='ocrx_word' id='word_1_497' title='bbox 1145 4630 1231 4686; x_wconf 87' lang='lat' dir='ltr'>quern</span> <span class='ocrx_word' id='word_1_498' title='bbox 1252 4623 1410 4699; x_wconf 77' lang='lat' dir='ltr'>constater</span> <span class='ocrx_word' id='word_1_499' title='bbox 1423 4615 1540 4700; x_wconf 74' lang='lat' dir='ltr'>bistone</span> <span class='ocrx_word' id='word_1_500' title='bbox 1556 4621 1758 4744; x_wconf 44' lang='lat' dir='ltr'>hungarorum</span> 
     </span>
     <span class='ocr_line' id='line_1_49' title="bbox 152 4682 1756 4763; baseline 0 -17"><span class='ocrx_word' id='word_1_501' title='bbox 152 4689 194 4763; x_wconf 85' lang='lat' dir='ltr'>(a)</span> <span class='ocrx_word' id='word_1_502' title='bbox 214 4690 372 4746; x_wconf 83' lang='lat' dir='ltr'>Feriamus.</span> <span class='ocrx_word' id='word_1_503' title='bbox 395 4688 501 4757; x_wconf 66' lang='lat' dir='ltr'>ferire,</span> <span class='ocrx_word' id='word_1_504' title='bbox 524 4693 567 4744; x_wconf 90' lang='lat' dir='ltr'>est</span> <span class='ocrx_word' id='word_1_505' title='bbox 591 4687 637 4745; x_wconf 89' lang='lat' dir='ltr'>bio</span> <span class='ocrx_word' id='word_1_506' title='bbox 660 4690 910 4748; x_wconf 79' lang='lat' dir='ltr'>excommunicare</span> <span class='ocrx_word' id='word_1_507' title='bbox 964 4682 1051 4742; x_wconf 76' lang='lat' dir='ltr'>fuisse</span> <span class='ocrx_word' id='word_1_508' title='bbox 1065 4684 1229 4755; x_wconf 77' lang='lat' dir='ltr'>Andrean,</span> <span class='ocrx_word' id='word_1_509' title='bbox 1245 4693 1347 4742; x_wconf 87' lang='lat' dir='ltr'>etsrne</span> <span class='ocrx_word' id='word_1_510' title='bbox 1366 4685 1452 4742; x_wconf 80' lang='lat' dir='ltr'>dubio</span> <span class='ocrx_word' id='word_1_511' title='bbox 1472 4703 1586 4745; x_wconf 75' lang='lat' dir='ltr'>misisse</span> <span class='ocrx_word' id='word_1_512' title='bbox 1609 4703 1623 4744; x_wconf 91' lang='lat' dir='ltr'>a</span> <span class='ocrx_word' id='word_1_513' title='bbox 1660 4691 1756 4746; x_wconf 91' lang='lat' dir='ltr'>llono·</span> 
     </span>
     <span class='ocr_line' id='line_1_50' title="bbox 114 4755 1756 4888; baseline 0.001 -3"><span class='ocrx_word' id='word_1_514' title='bbox 114 4777 179 4843; x_wconf 57' lang='lat'>⁶³¹*</span> <span class='ocrx_word' id='word_1_515' title='bbox 196 4755 703 4885; x_wconf 50' lang='lat' dir='ltr'>a,ausvunsssndsub÷W</span> <span class='ocrx_word' id='word_1_516' title='bbox 717 4760 908 4886; x_wconf 57' lang='lat' dir='ltr'>‘&#39;f-&#39;‘miff&#39;</span> <span class='ocrx_word' id='word_1_517' title='bbox 964 4755 1684 4884; x_wconf 65' lang='lat' dir='ltr'>llllstatutl‘tlttl³lht⁰t,tlltl³lt</span> <span class='ocrx_word' id='word_1_518' title='bbox 1697 4767 1756 4888; x_wconf 79' lang='lat' dir='ltr'>⁸²1i‘</span> 
     </span>
     <span class='ocr_line' id='line_1_51' title="bbox 114 4833 1760 4981; baseline -0.002 -23"><span class='ocrx_word' id='word_1_519' title='bbox 114 4833 908 4972; x_wconf 40' lang='grc' dir='ltr'>ινὲειιιιιῗιςθῗιῖῗὲτιιιῃνῗθᾳξιοᾶεέῑῖῖιοιιὶιιοῑιθιᾶιιιῗσιξτιὶέρῗνΐ</span> <span class='ocrx_word' id='word_1_520' title='bbox 965 4895 1068 4978; x_wconf 81' lang='lat' dir='ltr'>quibus</span> <span class='ocrx_word' id='word_1_521' title='bbox 1088 4840 1309 4967; x_wconf 53' lang='lat' dir='ltr'>hec’praegipue</span> <span class='ocrx_word' id='word_1_522' title='bbox 1328 4841 1508 4978; x_wconf 39' lang='lat' dir='ltr'>eantquentur</span> <span class='ocrx_word' id='word_1_523' title='bbox 1529 4896 1564 4954; x_wconf 94' lang='lat' dir='ltr'>de</span> <span class='ocrx_word' id='word_1_524' title='bbox 1586 4869 1693 4981; x_wconf 47' lang='lat' dir='ltr'>quibus:</span> <span class='ocrx_word' id='word_1_525' title='bbox 1712 4872 1760 4956; x_wconf 75' lang='lat' dir='ltr'>hic</span> 
     </span>
     <span class='ocr_line' id='line_1_52' title="bbox 113 4967 1758 5050; baseline -0.001 -22"><span class='ocrx_word' id='word_1_526' title='bbox 113 4971 190 5028; x_wconf 83' lang='lat' dir='ltr'>tuati</span> <span class='ocrx_word' id='word_1_527' title='bbox 202 4974 347 5040; x_wconf 81' lang='lat' dir='ltr'>percutere</span> <span class='ocrx_word' id='word_1_528' title='bbox 370 4969 398 5024; x_wconf 89' lang='lat' dir='ltr'>in</span> <span class='ocrx_word' id='word_1_529' title='bbox 414 4982 478 5025; x_wconf 86' lang='lat' dir='ltr'>can.</span> <span class='ocrx_word' id='word_1_530' title='bbox 498 4968 631 5026; x_wconf 85' lang='lat' dir='ltr'>lconoil.</span> <span class='ocrx_word' id='word_1_531' title='bbox 647 4970 797 5041; x_wconf 84' lang='lat' dir='ltr'>llogunt.;</span> <span class='ocrx_word' id='word_1_532' title='bbox 818 4971 912 5028; x_wconf 79' lang='lat' dir='ltr'>celesti</span> <span class='ocrx_word' id='word_1_533' title='bbox 965 4981 981 5022; x_wconf 87' lang='lat' dir='ltr'>e</span> <span class='ocrx_word' id='word_1_534' title='bbox 1007 4973 1069 5022; x_wconf 83' lang='lat' dir='ltr'>rtur.</span> <span class='ocrx_word' id='word_1_535' title='bbox 1088 4967 1208 5047; x_wconf 78' lang='lat' dir='ltr'>Tantam</span> <span class='ocrx_word' id='word_1_536' title='bbox 1222 4971 1328 5045; x_wconf 70' lang='lat' dir='ltr'>verdem</span> <span class='ocrx_word' id='word_1_537' title='bbox 1340 4980 1495 5038; x_wconf 84' lang='lat' dir='ltr'>perorarem</span> <span class='ocrx_word' id='word_1_538' title='bbox 1509 4967 1664 5050; x_wconf 79' lang='lat' dir='ltr'>Hunganae</span> <span class='ocrx_word' id='word_1_539' title='bbox 1684 4967 1758 5026; x_wconf 86' lang='lat' dir='ltr'>rufe·</span> 
     </span>
     <span class='ocr_line' id='line_1_53' title="bbox 115 5035 1761 5114; baseline -0.001 -15"><span class='ocrx_word' id='word_1_540' title='bbox 115 5042 211 5114; x_wconf 73' lang='lat' dir='ltr'>eladio</span> <span class='ocrx_word' id='word_1_541' title='bbox 223 5039 252 5096; x_wconf 92' lang='lat' dir='ltr'>in</span> <span class='ocrx_word' id='word_1_542' title='bbox 266 5039 388 5096; x_wconf 83' lang='lat' dir='ltr'>concilio</span> <span class='ocrx_word' id='word_1_543' title='bbox 402 5039 506 5094; x_wconf 88' lang='lat' dir='ltr'>Toron.</span> <span class='ocrx_word' id='word_1_544' title='bbox 523 5039 550 5095; x_wconf 81' lang='lat'>2.</span> <span class='ocrx_word' id='word_1_545' title='bbox 965 5051 996 5092; x_wconf 90' lang='lat' dir='ltr'>re</span> <span class='ocrx_word' id='word_1_546' title='bbox 1017 5042 1066 5092; x_wconf 91' lang='lat' dir='ltr'>ant</span> <span class='ocrx_word' id='word_1_547' title='bbox 1088 5035 1186 5102; x_wconf 78' lang='lat' dir='ltr'>luder,</span> <span class='ocrx_word' id='word_1_548' title='bbox 1207 5042 1238 5091; x_wconf 94' lang='lat' dir='ltr'>ut</span> <span class='ocrx_word' id='word_1_549' title='bbox 1258 5049 1308 5092; x_wconf 90' lang='lat' dir='ltr'>eos</span> <span class='ocrx_word' id='word_1_550' title='bbox 1331 5035 1447 5092; x_wconf 89' lang='lat' dir='ltr'>tandem</span> <span class='ocrx_word' id='word_1_551' title='bbox 1473 5036 1634 5096; x_wconf 76' lang='lat' dir='ltr'>ludovicus</span> <span class='ocrx_word' id='word_1_552' title='bbox 1652 5053 1702 5095; x_wconf 85' lang='lat' dir='ltr'>rex</span> <span class='ocrx_word' id='word_1_553' title='bbox 1724 5037 1761 5097; x_wconf 87' lang='lat' dir='ltr'>ab</span> 
     </span>
     <span class='ocr_line' id='line_1_54' title="bbox 167 5104 1762 5189; baseline -0.001 -20"><span class='ocrx_word' id='word_1_554' title='bbox 167 5110 194 5185; x_wconf 77' lang='lat' dir='ltr'>f)</span> <span class='ocrx_word' id='word_1_555' title='bbox 214 5111 292 5169; x_wconf 83' lang='lat' dir='ltr'>Getta</span> <span class='ocrx_word' id='word_1_556' title='bbox 303 5107 443 5166; x_wconf 79' lang='lat' dir='ltr'>decretale</span> <span class='ocrx_word' id='word_1_557' title='bbox 457 5107 628 5166; x_wconf 87' lang='lat' dir='ltr'>d‘llonorius</span> <span class='ocrx_word' id='word_1_558' title='bbox 640 5108 766 5166; x_wconf 89' lang='lat' dir='ltr'>estl&#39;une</span> <span class='ocrx_word' id='word_1_559' title='bbox 779 5109 813 5166; x_wconf 91' lang='lat' dir='ltr'>de</span> <span class='ocrx_word' id='word_1_560' title='bbox 826 5110 912 5168; x_wconf 89' lang='lat' dir='ltr'>celles</span> <span class='ocrx_word' id='word_1_561' title='bbox 966 5107 1112 5189; x_wconf 75' lang='lat' dir='ltr'>Hungsria</span> <span class='ocrx_word' id='word_1_562' title='bbox 1125 5104 1245 5188; x_wconf 84' lang='lat' dir='ltr'>omniuo</span> <span class='ocrx_word' id='word_1_563' title='bbox 1259 5107 1397 5178; x_wconf 81' lang='lat' dir='ltr'>exegerit,</span> <span class='ocrx_word' id='word_1_564' title='bbox 1432 5107 1461 5189; x_wconf 86' lang='lat' dir='ltr'>ui</span> <span class='ocrx_word' id='word_1_565' title='bbox 1476 5107 1568 5164; x_wconf 86' lang='lat' dir='ltr'>exacti</span> <span class='ocrx_word' id='word_1_566' title='bbox 1578 5109 1721 5189; x_wconf 58' lang='lat' dir='ltr'>austriam</span> <span class='ocrx_word' id='word_1_567' title='bbox 1732 5117 1762 5167; x_wconf 92' lang='lat' dir='ltr'>et</span> 
     </span>
     <span class='ocr_line' id='line_1_55' title="bbox 116 5175 1762 5270; baseline 0 -32"><span class='ocrx_word' id='word_1_568' title='bbox 116 5197 165 5270; x_wconf 79' lang='lat' dir='ltr'>qur</span> <span class='ocrx_word' id='word_1_569' title='bbox 181 5185 315 5238; x_wconf 86' lang='lat' dir='ltr'>attestant</span> <span class='ocrx_word' id='word_1_570' title='bbox 333 5179 359 5236; x_wconf 92' lang='lat' dir='ltr'>le</span> <span class='ocrx_word' id='word_1_571' title='bbox 378 5177 438 5236; x_wconf 78' lang='lat' dir='ltr'>zela</span> <span class='ocrx_word' id='word_1_572' title='bbox 457 5177 507 5236; x_wconf 89' lang='lat' dir='ltr'>des</span> <span class='ocrx_word' id='word_1_573' title='bbox 530 5181 622 5251; x_wconf 86' lang='lat' dir='ltr'>Papes</span> <span class='ocrx_word' id='word_1_574' title='bbox 646 5194 717 5252; x_wconf 89' lang='lat' dir='ltr'>pour</span> <span class='ocrx_word' id='word_1_575' title='bbox 739 5180 766 5236; x_wconf 89' lang='lat' dir='ltr'>la</span> <span class='ocrx_word' id='word_1_576' title='bbox 785 5182 910 5239; x_wconf 84' lang='lat' dir='ltr'>seleuce.</span> <span class='ocrx_word' id='word_1_577' title='bbox 966 5179 1112 5258; x_wconf 81' lang='lat' dir='ltr'>Boemram</span> <span class='ocrx_word' id='word_1_578' title='bbox 1124 5175 1306 5258; x_wconf 78' lang='lat' dir='ltr'>inundarunt,</span> <span class='ocrx_word' id='word_1_579' title='bbox 1321 5184 1351 5233; x_wconf 89' lang='lat' dir='ltr'>ut</span> <span class='ocrx_word' id='word_1_580' title='bbox 1370 5192 1433 5260; x_wconf 37' lang='lat' dir='ltr'>san·</span> <span class='ocrx_word' id='word_1_581' title='bbox 1447 5184 1470 5260; x_wconf 80' lang='lat' dir='ltr'>rt</span> <span class='ocrx_word' id='word_1_582' title='bbox 1481 5178 1636 5248; x_wconf 86' lang='lat' dir='ltr'>Bonflnms,</span> <span class='ocrx_word' id='word_1_583' title='bbox 1653 5178 1762 5238; x_wconf 86' lang='lat' dir='ltr'>decade</span> 
     </span>
     <span class='ocr_line' id='line_1_56' title="bbox 116 5245 1759 5332; baseline -0.003 -20"><span class='ocrx_word' id='word_1_584' title='bbox 116 5257 193 5312; x_wconf 68' lang='lat' dir='ltr'>baux</span> <span class='ocrx_word' id='word_1_585' title='bbox 207 5251 266 5322; x_wconf 90' lang='lat' dir='ltr'>qui,</span> <span class='ocrx_word' id='word_1_586' title='bbox 287 5248 323 5306; x_wconf 92' lang='lat' dir='ltr'>de</span> <span class='ocrx_word' id='word_1_587' title='bbox 335 5263 387 5306; x_wconf 91' lang='lat' dir='ltr'>nos</span> <span class='ocrx_word' id='word_1_588' title='bbox 399 5249 487 5320; x_wconf 86' lang='lat' dir='ltr'>jours,</span> <span class='ocrx_word' id='word_1_589' title='bbox 509 5247 664 5308; x_wconf 89' lang='lat' dir='ltr'>re&#39;alament</span> <span class='ocrx_word' id='word_1_590' title='bbox 684 5250 711 5306; x_wconf 91' lang='lat' dir='ltr'>le</span> <span class='ocrx_word' id='word_1_591' title='bbox 733 5249 862 5308; x_wconf 78' lang='lat' dir='ltr'>benefice</span> <span class='ocrx_word' id='word_1_592' title='bbox 877 5251 912 5309; x_wconf 91' lang='lat' dir='ltr'>de</span> <span class='ocrx_word' id='word_1_593' title='bbox 967 5249 994 5314; x_wconf 75' lang='lat'>²,</span> <span class='ocrx_word' id='word_1_594' title='bbox 1009 5246 1059 5328; x_wconf 82' lang='lat' dir='ltr'>hh.</span> <span class='ocrx_word' id='word_1_595' title='bbox 1079 5245 1345 5328; x_wconf 65' lang='lat' dir='ltr'>mindonensem</span> <span class='ocrx_word' id='word_1_596' title='bbox 1370 5246 1528 5329; x_wconf 56' lang='lat' dir='ltr'>christiana</span> <span class='ocrx_word' id='word_1_597' title='bbox 1553 5247 1659 5332; x_wconf 82' lang='lat' dir='ltr'>hahere</span> <span class='ocrx_word' id='word_1_598' title='bbox 1678 5264 1759 5308; x_wconf 86' lang='lat' dir='ltr'>man·</span> 
     </span>
     <span class='ocr_line' id='line_1_57' title="bbox 116 5315 1763 5443; baseline 0.001 -65"><span class='ocrx_word' id='word_1_599' title='bbox 116 5321 288 5380; x_wconf 80' lang='lat' dir='ltr'>l&#39;education</span> <span class='ocrx_word' id='word_1_600' title='bbox 304 5319 442 5390; x_wconf 68' lang='lat' dir='ltr'>integrata</span> <span class='ocrx_word' id='word_1_601' title='bbox 477 5320 588 5388; x_wconf 77' lang='lat' dir='ltr'>rafulla,</span> <span class='ocrx_word' id='word_1_602' title='bbox 604 5320 703 5377; x_wconf 90' lang='lat' dir='ltr'>oflerte</span> <span class='ocrx_word' id='word_1_603' title='bbox 721 5317 737 5377; x_wconf 80' lang='lat' dir='ltr'>b</span> <span class='ocrx_word' id='word_1_604' title='bbox 758 5327 817 5378; x_wconf 89' lang='lat' dir='ltr'>tout</span> <span class='ocrx_word' id='word_1_605' title='bbox 838 5322 914 5395; x_wconf 73' lang='lat' dir='ltr'>suiet</span> <span class='ocrx_word' id='word_1_606' title='bbox 967 5317 1040 5443; x_wconf 53' lang='lat' dir='ltr'>aikua</span> <span class='ocrx_word' id='word_1_607' title='bbox 1053 5315 1186 5398; x_wconf 80' lang='lat' dir='ltr'>omnihus</span> <span class='ocrx_word' id='word_1_608' title='bbox 1197 5316 1309 5399; x_wconf 75' lang='lat' dir='ltr'>legibus</span> <span class='ocrx_word' id='word_1_609' title='bbox 1322 5323 1440 5374; x_wconf 79' lang='lat' dir='ltr'>vetitum</span> <span class='ocrx_word' id='word_1_610' title='bbox 1454 5325 1507 5387; x_wconf 90' lang='lat' dir='ltr'>est,</span> <span class='ocrx_word' id='word_1_611' title='bbox 1524 5319 1544 5375; x_wconf 92' lang='lat' dir='ltr'>l.</span> <span class='ocrx_word' id='word_1_612' title='bbox 1564 5334 1659 5388; x_wconf 79' lang='lat' dir='ltr'>unica,</span> <span class='ocrx_word' id='word_1_613' title='bbox 1675 5321 1705 5379; x_wconf 85' lang='lat' dir='ltr'>C.</span> <span class='ocrx_word' id='word_1_614' title='bbox 1727 5335 1763 5404; x_wconf 76' lang='lat' dir='ltr'>ue</span> 
     </span>
     <span class='ocr_line' id='line_1_58' title="bbox 116 5333 1763 5470; baseline -0.001 -20"><span class='ocrx_word' id='word_1_615' title='bbox 116 5409 153 5450; x_wconf 90' lang='lat' dir='ltr'>en</span> <span class='ocrx_word' id='word_1_616' title='bbox 167 5391 224 5451; x_wconf 78' lang='lat' dir='ltr'>atat</span> <span class='ocrx_word' id='word_1_617' title='bbox 239 5390 303 5447; x_wconf 91' lang='lat' dir='ltr'>d’en</span> <span class='ocrx_word' id='word_1_618' title='bbox 316 5391 383 5447; x_wconf 89' lang='lat' dir='ltr'>tirer</span> <span class='ocrx_word' id='word_1_619' title='bbox 397 5333 487 5461; x_wconf 54' lang='lat' dir='ltr'>profft,</span> <span class='ocrx_word' id='word_1_620' title='bbox 504 5388 582 5448; x_wconf 89' lang='lat' dir='ltr'>n‘ont</span> <span class='ocrx_word' id='word_1_621' title='bbox 593 5389 655 5448; x_wconf 88' lang='lat' dir='ltr'>rien</span> <span class='ocrx_word' id='word_1_622' title='bbox 665 5387 781 5456; x_wconf 79' lang='lat' dir='ltr'>invente</span> <span class='ocrx_word' id='word_1_623' title='bbox 794 5391 841 5464; x_wconf 91' lang='lat' dir='ltr'>qui</span> <span class='ocrx_word' id='word_1_624' title='bbox 857 5393 914 5450; x_wconf 88' lang='lat' dir='ltr'>soit</span> <span class='ocrx_word' id='word_1_625' title='bbox 968 5389 989 5444; x_wconf 84' lang='lat' dir='ltr'><strong><em>G</em></strong></span> <span class='ocrx_word' id='word_1_626' title='bbox 1010 5391 1286 5470; x_wconf 63' lang='lat' dir='ltr'>astronomorum,</span> <span class='ocrx_word' id='word_1_627' title='bbox 1300 5388 1373 5470; x_wconf 71' lang='lat' dir='ltr'>lllov.</span> <span class='ocrx_word' id='word_1_628' title='bbox 1388 5387 1449 5456; x_wconf 79' lang='lat' dir='ltr'>ill,</span> <span class='ocrx_word' id='word_1_629' title='bbox 1474 5402 1538 5461; x_wconf 87' lang='lat' dir='ltr'>cap.</span> <span class='ocrx_word' id='word_1_630' title='bbox 1561 5389 1588 5458; x_wconf 80' lang='lat'>2,</span> <span class='ocrx_word' id='word_1_631' title='bbox 1613 5397 1641 5448; x_wconf 85' lang='lat' dir='ltr'>et</span> <span class='ocrx_word' id='word_1_632' title='bbox 1662 5389 1697 5448; x_wconf 89' lang='lat' dir='ltr'>de</span> <span class='ocrx_word' id='word_1_633' title='bbox 1717 5389 1763 5448; x_wconf 83' lang='lat' dir='ltr'>hrs</span> 
     </span>
     <span class='ocr_line' id='line_1_59' title="bbox 117 5457 1764 5530; baseline -0.001 -10"><span class='ocrx_word' id='word_1_634' title='bbox 117 5476 249 5520; x_wconf 88' lang='lat' dir='ltr'>nouveau</span> <span class='ocrx_word' id='word_1_635' title='bbox 276 5475 314 5518; x_wconf 94' lang='lat' dir='ltr'>on</span> <span class='ocrx_word' id='word_1_636' title='bbox 333 5461 360 5516; x_wconf 92' lang='lat' dir='ltr'>lo</span> <span class='ocrx_word' id='word_1_637' title='bbox 376 5460 443 5517; x_wconf 88' lang='lat' dir='ltr'>voit.</span> <span class='ocrx_word' id='word_1_638' title='bbox 987 5458 1073 5515; x_wconf 88' lang='lat' dir='ltr'>lunes</span> <span class='ocrx_word' id='word_1_639' title='bbox 1082 5471 1109 5512; x_wconf 83' lang='grc' dir='ltr'>ιιι</span> <span class='ocrx_word' id='word_1_640' title='bbox 1118 5457 1231 5530; x_wconf 76' lang='lat' dir='ltr'>legibus</span> <span class='ocrx_word' id='word_1_641' title='bbox 1241 5457 1479 5530; x_wconf 78' lang='lat' dir='ltr'>wisigothorum,</span> <span class='ocrx_word' id='word_1_642' title='bbox 1489 5474 1608 5530; x_wconf 86' lang='lat' dir='ltr'>querum</span> <span class='ocrx_word' id='word_1_643' title='bbox 1618 5467 1764 5519; x_wconf 87' lang='lat' dir='ltr'>auctorem</span> 
     </span>
     <span class='ocr_line' id='line_1_60' title="bbox 154 5473 1765 5614; baseline -0.002 -23"><span class='ocrx_word' id='word_1_644' title='bbox 154 5533 195 5605; x_wconf 79' lang='lat'>(2)</span> <span class='ocrx_word' id='word_1_645' title='bbox 215 5505 260 5591; x_wconf 78' lang='lat' dir='ltr'>Ce⁷</span> <span class='ocrx_word' id='word_1_646' title='bbox 272 5531 335 5588; x_wconf 88' lang='lat' dir='ltr'>titre</span> <span class='ocrx_word' id='word_1_647' title='bbox 347 5537 389 5587; x_wconf 90' lang='lat' dir='ltr'>est</span> <span class='ocrx_word' id='word_1_648' title='bbox 404 5529 470 5588; x_wconf 79' lang='lat' dir='ltr'>letit</span> <span class='ocrx_word' id='word_1_649' title='bbox 485 5527 520 5586; x_wconf 91' lang='lat' dir='ltr'>dc</span> <span class='ocrx_word' id='word_1_650' title='bbox 537 5529 563 5586; x_wconf 91' lang='lat' dir='ltr'>la</span> <span class='ocrx_word' id='word_1_651' title='bbox 586 5531 752 5603; x_wconf 83' lang='lat' dir='ltr'>Compitatio</span> <span class='ocrx_word' id='word_1_652' title='bbox 769 5533 866 5603; x_wconf 88' lang='lat' dir='ltr'>primu</span> <span class='ocrx_word' id='word_1_653' title='bbox 885 5539 914 5590; x_wconf 86' lang='lat' dir='ltr'>et</span> <span class='ocrx_word' id='word_1_654' title='bbox 968 5473 1202 5587; x_wconf 62' lang='lat' dir='ltr'>Ehindasuintum</span> <span class='ocrx_word' id='word_1_655' title='bbox 1216 5527 1330 5610; x_wconf 81' lang='lat' dir='ltr'>quidam</span> <span class='ocrx_word' id='word_1_656' title='bbox 1349 5543 1413 5610; x_wconf 84' lang='lat' dir='ltr'>esse</span> <span class='ocrx_word' id='word_1_657' title='bbox 1430 5529 1643 5614; x_wconf 69' lang='lat' dir='ltr'>existimarunt,</span> <span class='ocrx_word' id='word_1_658' title='bbox 1662 5533 1765 5591; x_wconf 83' lang='lat' dir='ltr'>melius</span> 
     </span>
     <span class='ocr_line' id='line_1_61' title="bbox 116 5597 1762 5670; baseline -0.001 -9"><span class='ocrx_word' id='word_1_659' title='bbox 116 5605 143 5662; x_wconf 92' lang='lat' dir='ltr'>lc</span> <span class='ocrx_word' id='word_1_660' title='bbox 156 5606 187 5661; x_wconf 73' lang='lat'>60</span> <span class='ocrx_word' id='word_1_661' title='bbox 202 5601 254 5660; x_wconf 90' lang='lat' dir='ltr'>dos</span> <span class='ocrx_word' id='word_1_662' title='bbox 268 5601 376 5658; x_wconf 73' lang='lat' dir='ltr'>lifardi.</span> <span class='ocrx_word' id='word_1_663' title='bbox 389 5600 589 5670; x_wconf 79' lang='lat' dir='ltr'>Gra&#39;gorieaum</span> <span class='ocrx_word' id='word_1_664' title='bbox 969 5613 1055 5670; x_wconf 91' lang='lat' dir='ltr'>quam</span> <span class='ocrx_word' id='word_1_665' title='bbox 1067 5597 1235 5668; x_wconf 88' lang='lat' dir='ltr'>Wemharn;</span> <span class='ocrx_word' id='word_1_666' title='bbox 1253 5599 1300 5654; x_wconf 86' lang='lat' dir='ltr'>rlle</span> <span class='ocrx_word' id='word_1_667' title='bbox 1309 5613 1386 5655; x_wconf 81' lang='lat' dir='ltr'>enlm</span> <span class='ocrx_word' id='word_1_668' title='bbox 1399 5607 1574 5658; x_wconf 77' lang='lat' dir='ltr'>mentionem</span> <span class='ocrx_word' id='word_1_669' title='bbox 1591 5600 1657 5660; x_wconf 81' lang='lat' dir='ltr'>laert</span> <span class='ocrx_word' id='word_1_670' title='bbox 1672 5603 1762 5660; x_wconf 80' lang='lat' dir='ltr'>ltere·</span> 
     </span>
    </p>
   </div>
   <div class='ocr_carea' id='block_1_7' title="bbox 0 0 2074 6420">
    <p class='ocr_par' dir='ltr' id='par_1_11' title="bbox 0 0 2074 6420">
     <span class='ocr_line' id='line_1_62' title="bbox 0 0 2074 6420; baseline 0 0"><span class='ocrx_word' id='word_1_671' title='bbox 0 0 2074 6420; x_wconf 95' lang='lat' dir='ltr'> </span> 
     </span>
    </p>
   </div>
  </div>
 </body>
</html>
