4078 6442
52 225 138 286 625
533 301 539 313 ·
770 227 823 288 DE
842 226 1041 288 ADVENTU
1064 227 1104 286 11.
1697 227 1759 288 626

51 382 166 445 Vivo
198 401 278 463 ego
302 401 400 464 quem
419 385 542 465 putatis
561 384 710 448 detinere
729 384 766 446 in
785 385 903 458 morte,
959 387 1146 464 respectum
1165 384 1363 464 percipiunt,
1382 383 1440 446 sed
1462 376 1654 448 tentationis
1668 386 1757 454 tem-

55 488 101 550 et
126 489 228 553 ideo
251 492 330 554 nolo
347 493 487 555 mortem
511 492 705 570 peccatoris.
725 494 809 554 Ecce
833 507 906 554 ma·
959 501 1040 562 Dore
1065 484 1128 547 11⁰0
1152 484 1262 562 ipsum
1287 483 1373 562 (1¹10d
1400 482 1588 560 00111Ρῦ110ῒὶ
1613 483 1757 558 fuerant,

56 603 144 662 gna
163 589 387 652 exhortatio.
407 591 467 652 Vis
481 590 598 652 audire
623 589 783 667 Spiritum
801 592 907 652 Sano-
960 581 1212 656 obliviscuntur,
1228 581 1341 659 sicque
1366 580 1407 644 ad
1431 582 1652 658 perpetranda
1676 599 1757 660 pec-

57 685 149 746 tam
186 689 459 750 consolanteml
479 691 589 750 Ecce:
618 689 736 750 Venite
762 691 808 750 ad
830 703 903 760 me,
959 679 1034 741 tata
1048 679 1249 752 redemite
1262 678 1375 741 Sihaec
1388 678 1524 742 minime
1538 677 1757 756 111311ῐὶ11κ11ὶῖἸ

58 786 137 857 qut
169 787 356 848 naaman
374 787 409 848 et
429 787 567 849 morou
589 787 684 848 estis.
702 783 833 864 (Mattn.
855 801 902 858 xr,
961 777 1024 838 sed
1044 777 1101 856 qui
1123 793 1201 840 vere
1215 777 1257 839 ad
1272 776 1500 856 poemtontiam
1524 793 1758 854 compungun-

58 875 146 958 28).
959 876 1024 948 tur,
1041 877 1074 938 et
1092 875 1249 939 mandata
1278 875 1337 938 Dei
1366 874 1555 938 custodiunt
1581 875 1618 938 in
1643 891 1758 937 eorum

111 979 161 1037 In
185 977 310 1055 primo
331 977 475 1042 adventu
495 978 588 1042 venit
605 979 764 1042 Dominus
785 977 903 1050 dulcis,
960 972 1126 1046 cordibus,
1136 973 1296 1036 Dominus
1305 973 1397 1036 vonit
1406 975 1439 1036 et
1449 974 1655 1036 mansionem
1665 972 1757 1047 iacit,

62 1077 311 1151 mansuetus,
325 1077 489 1154 benignus
501 1077 536 1140 et
548 1076 696 1139 humilis.
719 1079 794 1140 Non
814 1075 906 1138 venit
959 1071 1037 1150 quia
1050 1071 1099 1134 sic
1113 1087 1171 1134 eos
1185 1071 1370 1134 divinitatis
1384 1087 1479 1134 amor
1490 1071 1652 1150 penetrat,
1666 1074 1703 1135 ut
1716 1071 1758 1134 ab

57 1173 270 1249 judicare,
296 1175 354 1237 sed
374 1175 536 1254 judicari,
562 1176 641 1255 quia
666 1176 703 1237 ut
727 1175 800 1253 ipse
823 1173 903 1236 ait:
959 1169 1023 1232 hoc
1045 1185 1159 1234 amore
1183 1169 1377 1234 tentationis
1401 1169 1549 1247 tempore
1573 1186 1640 1232 non
1662 1185 1759 1232 rece-

70 1272 194 1333 Venit
218 1275 338 1336 Filius
362 1277 511 1337 bominis
533 1288 692 1349 quarere
713 1274 749 1336 ct
767 1278 905 1334 sunone
960 1267 1049 1332 dant.

64 1372 176 1442 quod
206 1373 378 1446 perierat
405 1369 499 1452 (Luc.
530 1388 602 1446 x1x,
634 1370 700 1452 10).
724 1374 806 1433 'ires
829 1369 907 1432 sunt
999 1367 1062 1428 Hie
1087 1382 1218 1444 quoque
1243 1365 1404 1428 adventus
1432 1365 1483 1428 est
1514 1364 1550 1427 in
1579 1366 1756 1444 sapientia,

65 1466 250 1529 visiones
273 1468 396 1530 Christi
418 1491 426 1530 ε
450 1472 487 1532 ln
507 1469 641 1543 mundo,
661 1470 697 1531 in
714 1469 853 1548 judicio,
869 1468 905 1528 in
960 1464 1038 1541 quia
1064 1463 1196 1542 quando
1224 1463 1383 1526 Dominus
1411 1463 1525 1527 visitat
1551 1464 1759 1541 peccatorem
1861 1535 1865 1542 ¹

71 1579 212 1640 regno.
247 1568 288 1628 In
319 1567 428 1644 prima
462 1568 617 1646 apparuit
648 1568 841 1630 mansuetus
872 1565 906 1628 et
959 1578 1020 1640 per
1047 1561 1214 1624 internam
1244 1560 1540 1638 compunctionem,
1564 1565 1642 1624 tunc
1675 1577 1757 1639 pec-

73 1662 272 1725 arnabilis.
300 1666 337 1725 ln
370 1665 516 1728 secunda
543 1665 717 1744 apparebit
737 1666 847 1744 justus
872 1664 906 1728 et
959 1661 1063 1733 nator,
1075 1660 1132 1738 qui
1144 1661 1237 1738 prius
1249 1659 1358 1722 iuerat
1372 1659 1491 1722 stultus
1503 1675 1563 1736 per
1572 1659 1756 1738 peccatum,

72 1761 277 1823 terribilis.
292 1764 329 1824 ln
340 1763 449 1836 tertia,
464 1762 629 1841 gloriosus
640 1764 674 1825 et
685 1761 902 1825 admirabilis.
959 1772 995 1818 se
1018 1756 1127 1834 ipsum
1148 1755 1353 1818 vulnerando
1374 1756 1516 1820 eidcitur
1535 1754 1680 1833 sapiens,
1703 1769 1758 1817 se-

74 1859 121 1918 in
139 1859 270 1936 prima
288 1861 381 1922 visus
400 1877 420 1922 a
438 1861 535 1924 bonis
552 1862 585 1925 et
603 1862 748 1934 amalis,
765 1860 823 1922 sed
837 1875 904 1922 non
958 1854 1134 1932 metipsum
1148 1871 1209 1932 Ρθΐ
1223 1855 1453 1932 Ρωῐῑίῒθῠῑὶἃῐῐὶ
1475 1853 1636 1926 sanando,
1653 1853 1757 1930 etqui

76 1957 270 2020 omnibus.
291 1959 328 2019 In
347 1960 492 2022 secunda
513 1959 676 2023 videndus
695 1960 746 2021 est
767 1957 903 2020 amalis
958 1951 1051 2031 prius
1061 1953 1219 2031 tanquam
1229 1951 1340 2015 fatuus
1351 1953 1488 2030 peccata
1498 1968 1559 2014 sua
1571 1948 1755 2028 ignorabat,

76 2055 117 2114 et
138 2069 163 2116 a
189 2053 296 2116 bonis
320 2056 484 2118 omnibus.
513 2059 551 2118 ln
572 2057 671 2120 tertia
695 2055 861 2120 videbitur
883 2071 903 2116 a
958 2051 1166 2128 postmodum
1183 2052 1319 2128 peccata
1334 2067 1395 2112 sua
1409 2049 1628 2128 recognoscit,
1642 2048 1757 2111 dicens

77 2151 191 2214 bonis
207 2153 353 2216 tantum.
369 2155 418 2216 nd
436 2155 577 2232 primam
596 2154 781 2217 invitantur
795 2153 901 2232 impii,
958 2163 1033 2209 oum
1063 2149 1264 2226 Propheta:
1293 2149 1517 2224 [minoritatem
1548 2161 1663 2209 meam
1695 2161 1757 2224 ego

80 2266 103 2310 a
120 2249 285 2312 secunda
300 2253 479 2326 terrentur,
497 2269 518 2315 a
535 2253 636 2316 tertia
656 2252 824 2314 arcentur.
847 2253 905 2312 In·
957 2261 1115 2324 agnosco,
1131 2247 1165 2307 ct
1179 2247 1337 2309 delictum
1351 2250 1469 2309 meum
1489 2246 1612 2308 contra
1631 2259 1687 2307 mc
1705 2245 1757 2307 est

80 2347 262 2423 vitantur,
277 2349 447 2428 dequibus
461 2351 584 2414 dicitur
597 2350 684 2428 apud
698 2349 900 2413 ieremiam:
956 2359 1096 2420 suuper
1109 2342 1178 2424 (Ps.
1199 2345 1249 2418 50,
1272 2343 1318 2424 5).
1340 2347 1405 2408 Iste
1426 2343 1589 2406 adventus
1610 2342 1753 2415 Domini,

83 2447 207 2508 Oves
226 2461 347 2510 omisca
368 2452 427 2523 qui
450 2449 610 2511 transitis
629 2463 698 2524 par
715 2451 820 2521 uiant,
844 2446 901 2508 at·
957 2458 1032 2503 cum
1060 2443 1202 2519 gratiam
1227 2443 1311 2505 bene
1337 2441 1457 2520 agendi
1480 2441 1576 2504 nobis
1598 2439 1753 2513 infundit,

83 2543 718 2624 teriditcetuidetctierem.Tbren.1,
736 2542 901 2622 121111-
957 2539 1117 2602 obscurus
1146 2541 1206 2614 est,
1236 2541 1314 2620 quia
1341 2541 1440 2602 homo
1470 2539 1507 2602 in
1539 2539 1602 2602 hoo
1632 2537 1754 2600 mundo

85 2641 231 2713 rentur,
253 2640 295 2702 de
316 2641 438 2719 quibus
454 2641 575 2704 dieitur
596 2641 683 2720 apud
708 2640 902 2702 Zachariam
957 2639 1170 2702 constituitur
1195 2641 1230 2702 in
1263 2638 1371 2701 medio
1403 2637 1550 2700 nationis
1579 2651 1691 2715 pravae
1721 2637 1755 2700 et

83 2740 122 2799 et
140 2741 162 2802 J
165 2753 315 2800 oannem
331 2760 339 2798 :
361 2739 524 2800 Videbunt
542 2744 580 2801 in
594 2754 695 2813 aucun
711 2739 903 2811 transflue-
957 2755 1141 2819 perversae3
1165 2754 1231 2800 non
1252 2739 1349 2816 plene
1361 2735 1451 2800 videt
1464 2736 1494 2798 si
1505 2752 1566 2816 per
1577 2751 1638 2798 sua
1653 2749 1754 2812 opera

86 2838 184 2898 runt
206 2834 321 2914 (ioan.
341 2851 413 2910 xrx,
435 2836 501 2916 37).
520 2837 685 2899 Arcentnr
708 2835 794 2898 sicul
817 2835 902 2898 dixit
956 2853 1069 2900 amore
1084 2838 1143 2900 aut
1156 2837 1232 2898 odio
1247 2837 1366 2914 dignus
1381 2835 1558 2908 habentur,
1576 2833 1662 2896 sicut
1675 2833 1756 2895 dicit

86 2933 206 2994 Isaiae
230 2954 238 2994 :
265 2935 440 2997 Tollantur
466 2937 566 3010 impii
593 2949 637 2997 nc
659 2933 800 2996 uidearat
824 2938 900 3010 gio·
957 2937 1112 3000 Salomon
1130 2957 1138 2996 ε
1157 2936 1247 2998 Sunt
1263 2935 1355 3008 justi
1377 2935 1479 3008 atquc
1505 2934 1695 3008 sopanus,
1720 2931 1755 2992 et
1782 2966 1785 2976 ,

85 3035 190 3093 niam
207 3033 282 3092 Dei.
955 3049 1061 3111 opera
1080 3049 1202 3096 eorum
1222 3036 1260 3095 in
1280 3032 1572 3104 manumittunt,
1589 3031 1752 3092 ettamen

132 3127 312 3190 Secundus
334 3128 496 3193 adventus
518 3131 570 3192 est
592 3129 627 3190 in
649 3128 814 3207 sapientia
840 3142 901 3206 per
954 3133 1176 3194 nescitbonso
1190 3131 1312 3194 utrum
1331 3145 1451 3194 amone
1471 3144 1519 3192 an
1540 3132 1616 3191 odio
1629 3131 1754 3205 dignus

87 3225 264 3287 internam
297 3227 602 3304 compunctionem,
638 3225 769 3304 quando
803 3243 898 3288 com·
953 3231 999 3292 sit
1010 3228 1149 3309 (Enalos,
1162 3245 1209 3301 ur,
1221 3227 1266 3307 1).
1280 3229 1343 3290 Sed
1356 3228 1468 3291 omnia
1477 3229 1513 3289 in
1523 3226 1635 3290 lutura
1647 3241 1755 3286 reser-

88 3325 217 3402 pungit
237 3340 294 3387 cor
317 3325 500 3402 peccatoris
519 3329 608 3387 Deus
630 3325 749 3387 timore
770 3341 841 3396 suo,
863 3325 899 3386 ut
953 3323 1754 3399 vanturincerta.UndeJobdeDominoingemis·

90 3423 277 3499 cognoscat
302 3425 491 3485 Creatorem
519 3439 632 3495 suum,
660 3437 680 3483 a
704 3437 769 3498 quo
795 3422 898 3484 multa
953 3417 1751 3495 cendodicitzsiucnttadmc,nonuideboeuna,

90 3520 183 3582 bona
205 3519 341 3596 recepit,
359 3521 392 3581 et
414 3520 583 3582 illuminat
603 3519 697 3580 illum
718 3517 813 3580 radio
828 3534 898 3580 suas
953 3523 1029 3585 cisi
1054 3523 1190 3594 adurit,
1210 3536 1280 3583 iton
1298 3521 1486 3596 iatauuam
1510 3519 1596 3599 (Job.
1617 3534 1664 3590 rx,
1686 3515 1750 3597 11).

92 3617 342 3690 illustrationis,
359 3618 393 3679 et
403 3617 623 3694 inspiratione
639 3615 782 3692 Spiritus
799 3618 899 3676 Sano-
953 3617 1053 3690 Quasi
1076 3617 1164 3678 dicat
1185 3636 1192 3677 :
1215 3618 1285 3677 Nec
1305 3615 1402 3678 video
1423 3616 1533 3692 ipsum
1554 3613 1752 3692 praesentem

92 3717 129 3790 ti,
159 3718 197 3778 ut
223 3715 368 3777 declinet
393 3730 412 3776 a
441 3714 541 3784 malo,
568 3715 602 3776 et
627 3713 729 3775 iaciat
752 3712 896 3785 bonum,·
952 3731 1026 3776 cum
1039 3715 1124 3775 bene
1137 3729 1268 3790 operor,
1280 3729 1341 3776 nee
1351 3712 1501 3789 intelligo
1513 3712 1623 3790 ipsum
1636 3710 1752 3773 absen-

93 3813 241 3876 dimittat
252 3813 334 3874 vitia
350 3814 383 3875 et
397 3812 532 3889 peccata
547 3810 581 3873 et
592 3811 895 3888 accipiatvirtutes,
951 3813 1017 3875 tem
1033 3828 1108 3874 oum
1127 3811 1270 3888 gratiam
1287 3810 1452 3874 subtrahit
1470 3810 1504 3872 et
1521 3825 1574 3872 me
1595 3825 1693 3871 ruere
1710 3809 1750 3871 do

91 3910 258 3988 despiciat
289 3911 456 3972 mundana
485 3908 686 3982 etcaduca,
718 3909 751 3971 et
780 3901 898 3986 diligat
951 3911 1039 3972 malo
1049 3910 1084 3970 in
1095 3912 1191 3988 pejus
1210 3910 1382 3987 permitiit.
1399 3911 1439 3972 ut
1452 3909 1530 3986 quia
1540 3907 1659 3969 incerti
1670 3907 1750 3968 estis

93 4010 244 4071 ooelestia
254 4010 288 4071 et
298 4010 435 4072 aeterna.
447 4011 526 4070 Haec
536 4008 588 4070 est
597 4007 735 4070 mutatio
748 4007 896 4070 dexteras
951 4008 1156 4087 deoperibns
1168 4009 1299 4082 vestris,
1315 4007 1449 4070 solliciti
1464 4007 1568 4069 estote
1583 4007 1616 4068 et
1628 4006 1748 4084 parati,

93 4107 240 4179 excelsi,
263 4105 394 4184 quando
415 4109 571 4184 peccator
592 4106 649 4184 qui
673 4105 896 4183 usquemodo
951 4108 1028 4185 quia
1044 4107 1100 4185 qui
1113 4105 1578 4170 venturusestvenietetnon
1592 4104 1747 4177 tardabit,

95 4204 158 4264 fuit
172 4203 345 4280 superbus,
360 4203 467 4265 sactus
481 4204 531 4264 est
543 4203 689 4265 humilis.
707 4203 784 4265 Fuit
795 4203 897 4264 luxu·
950 4207 1022 4269 sive
1034 4205 1075 4267 ad
1090 4205 1232 4282 gratiam
1246 4204 1330 4266 bene
1342 4204 1463 4281 agendi
1477 4202 1747 4276 subtrahendam,

94 4302 228 4362 riosusi
251 4301 371 4362 Factus
395 4301 446 4363 est
468 4303 590 4364 castus.
620 4301 697 4363 Fuit
716 4317 839 4363 avarus
863 4305 896 4364 et
950 4305 1020 4366 sive
1035 4305 1076 4365 ad
1092 4303 1241 4366 eamdem
1256 4303 1505 4364 infundendam.
1521 4302 1621 4364 Venit
1645 4301 1747 4363 etiam

95 4398 254 4476 cupidusl
275 4399 395 4461 Factus
419 4399 471 4461 est
491 4399 616 4476 largus.
640 4399 717 4462 Fuit
738 4399 896 4476 gulosusl
949 4418 1037 4464 nunc
1063 4401 1098 4463 in
1126 4402 1284 4480 prasenti
1314 4403 1462 4478 tempore
1488 4401 1524 4462 ui
1551 4399 1682 4461 dolores
1715 4399 1749 4460 ei

96 4497 215 4560 Factus
230 4498 281 4561 est
295 4497 436 4559 sobrius
454 4497 531 4560 Fuit
551 4497 754 4560 iracundus?
772 4498 894 4560 Factus
947 4501 1126 4577 languores
1141 4500 1197 4562 hio
1209 4500 1305 4563 nobis
1320 4499 1460 4575 infligat,
1477 4515 1519 4560 ne
1537 4499 1573 4560 in
1586 4499 1747 4560 aeternum

97 4595 146 4657 est
172 4595 376 4657 mansuetus.
409 4597 475 4658 Iste
502 4611 561 4673 pro
592 4597 683 4658 certo
706 4597 815 4673 potest
837 4595 892 4656 di·
948 4614 1008 4660 nos
1021 4599 1147 4675 puniat.
1160 4599 1255 4661 Unde
1267 4599 1302 4659 in
1314 4597 1512 4675 Apocalypsi
1526 4595 1748 4658 comminatur

97 4709 169 4754 cere
184 4715 191 4752 ι
207 4709 273 4754 non
297 4709 370 4753 sum
394 4694 451 4772 qni
475 4692 621 4762 ineram,
642 4693 720 4770 quia
738 4693 894 4755 videlicet
948 4695 1084 4759 cuilibet
1107 4697 1257 4759 nostrum
1279 4696 1340 4758 sub
1367 4713 1509 4775 persona
1531 4695 1661 4773 praelati
1682 4695 1748 4754 Fc-

98 4805 161 4852 non
175 4807 247 4852 sum
265 4790 424 4868 inculpa,
441 4791 519 4853 licet
534 4792 566 4853 et
580 4791 668 4852 idem
683 4807 757 4852 sum
774 4792 808 4851 in
826 4807 892 4853 na·
947 4795 1070 4856 clesiae.
1086 4795 1162 4856 Nisi
1176 4794 1373 4856 redierimus
1392 4795 1434 4855 ad
1454 4809 1556 4871 opera
1577 4808 1651 4870 quae
1664 4806 1746 4868 pro-

96 4888 178 4949 tura.
194 4888 475 4950 Secundumillud
491 4889 765 4966 proverbiorum:
792 4891 892 4952 Verte
947 4892 1099 4954 misimus
1134 4893 1169 4953 in
1204 4892 1368 4970 baptismo
1410 4907 1470 4970 per
1504 4889 1744 4968 poenitontiam,

97 4987 216 5061 inpios
236 4987 270 5048 ct
289 5001 359 5049 nou
382 4987 488 5048 curant
509 4985 622 5066 (Prov.
647 5002 709 5058 xu,
729 4985 776 5067 7).
798 4987 892 5048 Unde
946 4993 1004 5054 aut
1026 4991 1062 5052 in
1084 4990 1293 5053 ordinatione
1312 4977 1437 5062 nostra,
1454 4990 1568 5051 dicens
1585 5009 1592 5048 :
1609 4989 1747 5050 Mentor

99 5084 294 5145 credendum
319 5085 477 5162 estquod
503 5087 590 5146 Deus
614 5085 762 5162 quotidie
777 5085 892 5148 visitat
946 5091 1017 5151 esto
1040 5091 1340 5162 undeciremem,
1364 5091 1483 5172 cinge
1504 5085 1745 5164 penitentiam

99 5181 417 5258 talempeccatorem.
429 5182 484 5244 Sic
494 5183 544 5244 est
554 5183 636 5244 illud
646 5183 681 5244 in
691 5184 887 5260 Evangelio:
945 5189 979 5249 et
988 5191 1109 5262 prima
1131 5201 1238 5262 opera
1261 5189 1327 5262 sac.
1343 5190 1406 5249 Sin
1423 5188 1541 5248 atatam
1555 5187 1655 5247 aenio
1671 5185 1743 5256 tibi,

99 5281 195 5340 Fiad
222 5295 302 5342 eum
320 5283 498 5342 ueniamus
517 5283 551 5343 et
564 5286 780 5344 manutenent
799 5286 890 5358 apud
943 5287 978 5347 et
995 5288 1135 5347 movebo
1153 5288 1396 5346 candaiabnurn
1418 5285 1516 5345 tuum
1539 5286 1579 5344 de
1597 5287 1668 5344 ioco
1681 5297 1745 5344 suo

100 5390 172 5437 caini
189 5380 357 5452 sacientur
372 5375 481 5457 (ioan.
502 5393 573 5451 xrv,
589 5377 654 5458 23).
674 5382 711 5441 ln
726 5395 888 5457 quorum·
944 5381 1060 5463 (Apoc.
1087 5398 1123 5455 11,
1151 5382 1197 5463 5).
1225 5383 1348 5444 Fuerat
1379 5383 1468 5442 enim
1496 5381 1560 5443 iste
1585 5381 1744 5459 praelatus

100 5472 167 5534 dam
190 5477 290 5537 corda
315 5475 473 5538 Dominus
496 5477 603 5548 venit,
629 5478 662 5539 et
682 5479 888 5540 mansionem
944 5481 1110 5559 perlectus
1137 5481 1171 5541 in
1199 5480 1377 5550 charitate,
1408 5481 1442 5542 et
1468 5478 1553 5542 bene
1586 5479 1741 5556 operatus

102 5586 159 5632 non
184 5573 273 5646 lacit,
301 5573 379 5651 quia
414 5591 473 5652 per
508 5577 793 5652 compunctionem
829 5577 887 5638 Dei
945 5581 1066 5649 suerat,
1098 5577 1154 5638 sed
1185 5577 1226 5638 ab
1251 5577 1405 5654 operibus
1434 5577 1530 5638 bonis
1558 5576 1738 5639 exciderat.
