4090 6426
109 285 165 358 cal
626 291 736 357 ORDO
757 295 812 356 Ab
834 285 1125 354 CORONANDUM
1148 289 1233 354 IMP.
1695 291 1755 352 422

108 454 261 515 dominus
281 456 372 531 Papa
393 452 501 515 dicit:
525 453 564 516 nt
584 468 645 530 ego
666 453 700 516 te
720 452 847 532 recipio
868 452 905 514 ut
957 450 986 512 ri
1001 465 1132 512 omnem
1153 448 1363 530 prudentiam
1385 447 1487 519 tuam,
1514 450 1672 525 quantum
1696 452 1753 512 tua

108 552 214 613 filium
225 549 399 624 Ecclesiae3
413 552 446 612 et
457 550 558 613 mittit
570 565 646 612 eum
661 549 721 612 sub
734 549 857 622 manto,
871 548 905 611 et
956 546 1125 625 caperest
1139 547 1270 618 natura,
1285 546 1398 607 divino
1413 544 1549 608 servitio
1562 547 1753 624 mancipare

107 648 165 710 ille
182 648 352 710 osculatur
365 648 479 726 pectus
499 647 624 710 domini
639 651 750 725 Papae,
768 648 801 709 et
815 647 905 708 acci·
956 644 1123 707 volnerist

108 746 156 823 pit
163 759 238 808 eum
244 745 479 824 perdenteram
488 745 676 819 manumet
684 745 904 806 cancellarius
996 741 1185 818 Respondet
1200 759 1208 798 a
1222 742 1272 802 lta
1286 739 1356 802 tcto
1371 739 1469 802 corde
1489 740 1576 811 volo,
1594 741 1630 802 in
1645 743 1754 803 omni·

108 845 181 920 ejus
203 843 366 906 sustentat
384 858 461 904 eum
474 857 495 904 a
509 842 656 905 sinistra.
677 842 809 904 Electus
824 856 903 903 vero
956 838 1018 900 bus
1032 837 1167 901 obedire
1186 839 1219 901 et
1233 839 1432 900 consentire.

107 939 240 1002 ducitur
263 955 325 1017 per
351 939 522 1002 dexteram
555 941 597 1002 ad
631 939 904 1001 archidiaconum
997 936 1157 1012 Interrog.
1182 936 1241 998 Vis
1264 950 1374 998 mores
1393 937 1468 997 tuos
1491 935 1534 997 ab
1555 936 1645 996 omni
1666 937 1753 998 malo

106 1037 234 1098 domini
267 1041 381 1114 Papae,
416 1038 450 1100 et
479 1038 528 1100 sio
557 1037 661 1100 intrat
688 1049 748 1114 per
775 1036 904 1114 portam
956 1031 1158 1111 temperare,
1188 1034 1221 1096 et
1249 1034 1408 1110 quantum
1434 1033 1575 1110 poteris,
1613 1035 1754 1095 Domino

106 1150 245 1208 aeream,
271 1135 403 1196 clericis
433 1134 521 1201 beati
548 1135 639 1197 Petri
668 1134 902 1196 cantantibus:
957 1131 1146 1209 adjuvante,
1164 1130 1206 1192 ud
1221 1129 1456 1193 omnebonum
1472 1131 1697 1193 commutaret

105 1230 315 1291 Benedictus
341 1211 621 1292 dominaremur
649 1230 775 1302 lsrodt,
800 1243 904 1306 usque
997 1230 1037 1292 R.
1060 1231 1098 1291 In
1121 1229 1280 1306 quantum
1304 1244 1449 1307 possum,
1474 1229 1562 1305 volo.

106 1326 148 1388 ad
173 1327 305 1404 portam
332 1327 568 1404 argentariam.
594 1326 644 1388 Ibi
667 1325 802 1388 dimittit
828 1341 905 1388 eum
997 1325 1060 1387 Int.
1082 1327 1142 1389 Vis
1156 1324 1368 1389 sobrietatem
1381 1341 1456 1388 cum
1466 1326 1526 1387 Dei
1541 1326 1667 1388 aurnilio
1684 1343 1755 1388 cus·

106 1423 262 1486 dominns
284 1428 374 1502 Papa
395 1415 558 1486 orantem.
580 1426 683 1496 Quem
707 1423 798 1486 lento
821 1422 903 1485 sub·
957 1422 1088 1485 todiret

106 1521 260 1599 sequitur
292 1521 399 1597 gradu
434 1521 562 1598 Regina
596 1536 672 1583 eum
705 1519 904 1598 supradictis
998 1523 1037 1583 R.
1060 1521 1097 1582 In
1113 1520 1272 1598 quantum
1289 1536 1435 1599 possum,
1451 1519 1538 1583 volo.

106 1617 301 1680 ductoribus
317 1619 387 1679 suis
404 1634 510 1695 usque
526 1617 568 1680 ad
588 1617 810 1696 supradictam
827 1631 906 1695 por-
998 1618 1059 1678 Int.
1083 1617 1141 1679 Vis
1158 1633 1289 1694 semper
1308 1617 1429 1678 divinis
1445 1618 1628 1694 mancipari
1651 1634 1755 1694 nego-

105 1717 171 1778 tam
215 1717 418 1791 argenteam.
457 1714 588 1778 Electus
625 1729 705 1777 vero
742 1715 905 1792 completa
957 1713 1024 1786 tiis,
1039 1713 1223 1775 etalucris
1236 1714 1388 1790 turpibus
1403 1729 1477 1775 esse
1492 1713 1633 1787 alienus
1648 1731 1756 1792 quan-

104 1813 275 1886 oratione,
300 1813 424 1889 surgit;
449 1812 483 1874 et
505 1811 680 1890 episcopus
707 1810 904 1874 albanensis
956 1809 1026 1871 tum
1040 1809 1073 1873 te
1088 1810 1234 1875 humana
1249 1811 1410 1888 permittit
1428 1811 1611 1886 fragilitas?

103 1909 262 1972 decantat
291 1924 392 1988 super
425 1925 501 1972 enm
533 1909 621 1970 bane
649 1909 791 1988 primam
824 1923 905 1970 ora·
996 1908 1037 1972 R.
1060 1909 1096 1970 ln
1110 1909 1268 1986 quantum
1284 1923 1430 1985 possum,
1445 1908 1533 1970 uolo.

105 2007 257 2070 tionem:
997 1991 1140 2067 Int'llis
1172 2003 1393 2067 humilitatem
1425 2007 1458 2066 et
1489 2005 1683 2083 patientiam
1719 2007 1753 2066 in

145 2121 163 2165 c
180 2107 270 2167 Deus
284 2105 320 2166 in
332 2107 427 2184 cujus
444 2120 545 2167 manu
559 2103 659 2167 corda
674 2105 751 2168 sunt
763 2106 902 2182 Regum,
956 2102 1057 2166 temet
1075 2103 1148 2180 ipso
1163 2103 1340 2174 custodire,
1358 2103 1392 2165 et
1410 2101 1495 2163 alios
1514 2101 1556 2164 ad
1573 2102 1637 2164 hoc
1659 2103 1754 2164 incli-

106 2202 233 2264 inclina
251 2203 295 2263 ad
316 2218 431 2280 preces
450 2203 647 2265 humilitatis
664 2201 786 2263 nostrae
805 2216 905 2263 aures
957 2199 1062 2262 naret

107 2298 346 2362 misericordiae
370 2299 453 2372 tuae,
480 2300 514 2361 et
540 2299 690 2377 Principi
714 2297 828 2361 nostro
850 2296 905 2360 fa·
997 2298 1037 2360 R.
1061 2298 1099 2358 In
1114 2297 1273 2374 quantum
1288 2295 1434 2374 possum,
1453 2298 1541 2359 vole.

106 2395 269 2458 mulotuo
287 2397 340 2459 ·N·
360 2397 509 2472 regimen
524 2411 653 2474 appone
668 2395 852 2474 sapientiae,
869 2395 907 2457 ut
998 2394 1060 2456 Int.
1078 2393 1284 2472 Pauperibus
1297 2394 1330 2456 et
1338 2395 1526 2472 peregrinis
1535 2393 1754 2471 omnibusque

106 2493 236 2556 haustis
251 2493 291 2556 de
305 2494 362 2556 tuo
376 2494 466 2555 sonte
476 2493 626 2556 consiliis
641 2492 781 2571 placeat,
798 2492 831 2555 et
847 2508 905 2554 su·
925 2545 926 2548 ,
957 2489 1182 2567 indigentibus
1194 2492 1245 2552 vis
1257 2506 1330 2554 esse
1341 2493 1476 2571 propter
1487 2508 1608 2554 nomen
1623 2493 1754 2554 Domini

106 2589 293 2666 peremnia
310 2605 416 2666 regna
431 2588 610 2667 praecellat.
627 2605 645 2650 a
958 2588 1103 2650 affabilis
1118 2590 1151 2652 et
1165 2588 1377 2652 misericorst

146 2688 266 2749 Postea
274 2686 426 2748 dominus
434 2689 526 2764 Papa
534 2685 904 2762 ingrediturecolesiam
997 2688 1036 2750 R.
1060 2687 1155 2749 Volo.

105 2783 195 2845 beati
204 2783 305 2855 Petri,
314 2779 445 2844 clericis
453 2783 602 2861 ejusdcm
611 2783 762 2847 ecclesiae
771 2783 905 2846 cantan-
995 2783 1036 2847 nt
1062 2783 1150 2847 dicat
1168 2784 1324 2848 dominus
1347 2787 1467 2864 Papa:
1490 2787 1569 2848 Haec
1591 2787 1702 2847 omnia
1722 2787 1755 2848 et

106 2881 197 2942 tibus
215 2880 462 2958 responsorium
477 2902 485 2941 ε
500 2881 620 2955 Petra,
635 2865 736 2943 catos
752 2896 819 2944 me.
832 2884 903 2956 Quo
957 2882 1079 2946 coetera
1097 2881 1184 2944 bona
1207 2882 1333 2945 tribuat
1352 2882 1414 2946 tibi
1435 2883 1606 2956 Dominus,
1625 2884 1658 2946 et
1678 2900 1755 2945 cus-

105 2977 280 3054 oompleto,
304 2977 457 3039 dominus
471 2981 563 3055 Papa
583 2977 760 3041 benedicit.
777 2977 903 3041 Deinde
955 2977 1061 3044 todiat
1083 2980 1117 3042 te
1142 2979 1242 3059 atque
1265 2979 1457 3044 corroboret
1479 2980 1515 3042 in
1538 2980 1628 3044 omni
1654 2979 1751 3043 bono.

105 3074 198 3136 sedet
207 3075 243 3136 in
254 3074 331 3136 sede
341 3074 404 3135 sibi
415 3075 602 3153 praeparata
612 3075 648 3136 in
661 3075 799 3138 dextera
808 3076 903 3152 parte
956 3077 996 3140 Et
1008 3075 1209 3154 respondent
1223 3091 1337 3140 omnes
1354 3099 1362 3139 ε
1378 3081 1494 3139 Amen.

105 3159 902 3250 ejusdemrotae.completeoratione'Albanensis
995 3175 1058 3236 Int.
1079 3174 1194 3235 Credis
1204 3174 1385 3236 secundum
1398 3175 1653 3252 intelligentiam
1662 3176 1753 3236 tuam

106 3269 272 3346 episcopi,
304 3268 491 3346 ingreditur
525 3271 656 3334 Electus
684 3271 717 3333 'et
746 3269 840 3333 sedet
866 3269 902 3332 ln
954 3271 989 3332 et
1009 3271 1227 3349 capacitatem
1252 3287 1369 3333 sensns
1392 3273 1441 3336 tui
1463 3273 1612 3335 sanctam
1638 3273 1753 3335 Trini-

104 3365 264 3442 praedicta
272 3367 360 3440 sede,
368 3366 656 3446 archipresbytero
663 3367 901 3438 cardinalium,
953 3367 1066 3442 tatem,
1083 3369 1217 3430 Patrem
1236 3369 1270 3431 et
1283 3369 1404 3433 Filium
1425 3370 1457 3431 et
1474 3370 1633 3446 Spiritum
1649 3373 1755 3432 Sanc-

105 3462 138 3522 et
156 3463 390 3526 archidiacono
411 3464 590 3526 hincinde
611 3480 688 3526 eum
709 3463 903 3526 deducenti-
953 3464 1035 3537 tum,
1052 3480 1155 3524 unum
1173 3467 1278 3526 Deum
1295 3465 1565 3541 omnipotentem,
1585 3453 1753 3543 totamque

104 3556 177 3630 bus,
200 3560 234 3621 et
252 3559 350 3636 juxta
378 3574 454 3626 eum
480 3558 683 3628 sedentibus,
704 3561 741 3621 ut
763 3556 904 3620 doceant
954 3560 991 3621 in
1007 3560 1169 3622 Trinitate
1190 3560 1357 3632 deitatem,
1382 3561 1644 3635 coessentialem,
1665 3578 1754 3625 coae-

105 3654 249 3731 qualiter
270 3655 389 3717 debeat
411 3655 545 3717 domino
563 3658 663 3734 Papae
682 3654 718 3715 in
740 3653 901 3716 scrutinio
954 3656 1097 3729 ternum,
1118 3656 1428 3735 coomnipotentem,
1449 3658 1615 3736 uniusque
1632 3659 1753 3722 volun-

104 3752 318 3828 respondere.
352 3752 512 3814 Dominus
545 3755 637 3829 Papa
666 3751 747 3814 tacit
775 3751 901 3813 scruti·
954 3752 1044 3826 tatis,
1058 3752 1478 3832 potestatisatmajestatis,
1491 3755 1673 3817 creatorem
1687 3772 1754 3818 om·
1804 3777 1806 3782 ⁸

104 3847 198 3909 nium
226 3848 262 3909 in
292 3848 380 3910 hunc
405 3846 553 3922 modum,
587 3849 712 3927 septem
738 3847 901 3926 episcopis
954 3849 1047 3912 nium
1066 3851 1306 3922 creaturarum,
1323 3867 1344 3912 a
1364 3867 1428 3930 quo
1447 3851 1560 3912 omnia
1581 3853 1615 3915 et
1636 3852 1751 3929 inquo

105 3945 295 4008 sedentibus
313 3946 355 4007 ad
370 3946 541 4008 dexteram
557 3948 630 4024 ejus
649 3945 831 4008 secundum
845 3960 902 4007 or-
954 3947 1065 4010 omnia
1081 3948 1248 4025 quaesunt
1263 3949 1395 4011 incoelo
1411 3949 1443 4011 et
1455 3949 1490 4011 in
1502 3951 1592 4012 terra
1604 3949 1751 4013 visibilia

105 4041 216 4102 dinem
246 4058 362 4118 snum,
394 4042 541 4120 episcopi
572 4043 733 4106 teutonici
765 4042 902 4106 sedeant
954 4043 987 4107 et
1000 4044 1204 4106 inuisibiliat

105 4137 146 4197 ud
172 4138 343 4202 dexteram
365 4140 484 4212 Electi,
509 4138 704 4202 cardinales
724 4139 758 4202 et
787 4141 901 4204 coeteri
993 4144 1032 4205 R.
1055 4140 1220 4214 Assertio,
1238 4143 1332 4205 etita
1350 4141 1460 4205 credo.

106 4235 238 4298 ordines
264 4237 413 4298 ecclesiae
444 4237 592 4299 sedeant.
621 4237 781 4298 Dominus
809 4241 900 4316 Papa
993 4241 1055 4302 lnt.
1078 4239 1192 4300 Credis
1216 4239 1382 4317 singulam
1400 4241 1615 4320 quamquain
1635 4245 1750 4308 sancta

105 4330 208 4395 dicit:
304 4335 311 4348 '
952 4336 1114 4400 Trinitate
1127 4352 1304 4416 personam
1320 4355 1423 4401 unum
1438 4341 1542 4402 Deum
1553 4355 1670 4402 verum
1685 4342 1750 4420 ple

143 4433 315 4510 «Antiqua
328 4432 518 4495 sanctornm
528 4433 658 4510 patrum
670 4433 834 4498 institutio
845 4433 901 4496 do-
953 4450 1031 4497 num
1044 4435 1077 4498 et
1089 4433 1294 4512 perlectumt

105 4527 156 4586 cet
164 4529 197 4590 et
206 4529 358 4606 praecipit
367 4530 403 4590 ut
411 4530 560 4608 quisquis
570 4530 749 4607 eligiturut
756 4545 900 4609 praeesse
992 4533 1032 4594 R.
1056 4531 1172 4594 Credo.

106 4621 239 4699 debeat,
276 4625 531 4702 diligentissime
573 4628 784 4690 examinetur
824 4644 899 4691 cum
991 4629 1053 4691 Int.
1076 4627 1191 4692 Credis
1205 4629 1313 4708 ipsum
1329 4631 1389 4692 Dei
1405 4630 1511 4692 illium
1530 4632 1673 4694 Verbum
1688 4635 1748 4694 Dei

105 4723 193 4782 omni
215 4723 355 4786 camute
376 4723 417 4785 de
436 4724 841 4799 ddesanctae.Trinitatis,
867 4725 901 4788 et
952 4725 1155 4789 aeternaliter
1177 4727 1292 4789 natum
1320 4727 1361 4788 de
1386 4728 1501 4800 Patre,
1530 4728 1751 4790 consubstan-
1871 4751 1872 4754 ¹

104 4812 326 4896 interrogetur
340 4819 381 4882 de
397 4821 540 4884 diversis
558 4822 669 4884 causis
683 4823 737 4884 vel
752 4821 899 4885 moribus
951 4823 1076 4906 tialem,
1096 4823 1394 4902 coomnipotentem
1415 4825 1448 4886 et
1471 4826 1673 4901 coaequalem
1690 4842 1751 4904 per

105 4913 159 4986 qui
194 4933 254 4979 suo
294 4917 451 4994 regimini
479 4917 681 4995 congruunt,
718 4919 899 4981 secundum
952 4922 1064 4983 omnia
1079 4921 1171 4983 Patri
1191 4920 1225 4983 et
1244 4919 1431 4990 divinitate,
1447 4921 1674 4998 temporaliter
1689 4941 1750 4986 na-

104 5009 327 5085 Apostclicum
346 5014 469 5077 dictum
489 5037 497 5076 :
517 5019 665 5078 Manum
681 5017 749 5078 otto
767 5020 899 5080 ucmtut
950 5019 1021 5080 tum
1053 5019 1094 5080 de
1119 5018 1245 5094 Spiritu
1273 5017 1388 5079 sancto
1416 5033 1460 5080 ex
1487 5020 1594 5080 Maria
1620 5036 1750 5098 semper

105 5107 325 5185 imposuerim
345 5113 379 5174 et
395 5112 433 5173 ut
450 5113 551 5176 etiam
567 5113 597 5177 is
620 5115 677 5192 qui
695 5115 898 5177 ordinandus
952 5116 1100 5192 Virgine,
1117 5131 1192 5177 oum
1210 5115 1322 5176 anima
1337 5115 1505 5189 rationali,
1523 5116 1605 5178 duas
1621 5117 1749 5180 haben-

106 5203 163 5276 est,
188 5210 287 5271 antea
315 5209 497 5283 erudiatur,
525 5211 670 5288 qualiter
696 5227 773 5278 eum
797 5213 834 5273 in
858 5228 899 5276 ea
950 5213 1016 5274 tem
1037 5212 1242 5286 nativitates
1270 5227 1369 5273 unam
1393 5228 1435 5274 ex
1454 5214 1548 5290 patre
1573 5215 1746 5290 aeternam,

105 5302 296 5373 praelatione
309 5306 895 5386 constitutumopcrteatconversari,
951 5311 1091 5373 alteram
1112 5325 1155 5372 ex
1179 5311 1284 5372 matre
1310 5297 1541 5387 temporalem,
1565 5314 1667 5374 Deum
1691 5331 1750 5376 ve-

106 5395 141 5457 ut
153 5403 360 5465 excusabiles
375 5405 441 5467 sint
456 5405 512 5482 qui
528 5406 560 5467 ei
581 5422 699 5468 manns
711 5408 896 5486 imponunt.
951 5424 1024 5470 rum
1039 5411 1072 5471 et
1085 5409 1254 5471 bominem
1270 5424 1397 5480 verum,
1414 5408 1584 5485 proprium
1601 5411 1636 5472 in
1652 5414 1748 5474 utra-

105 5492 224 5560 Eadem
238 5502 351 5580 itaque
365 5503 562 5565 auctoritate
576 5506 609 5566 et
622 5507 786 5584 praecepto
799 5505 899 5568 inter·
951 5522 1015 5585 qne
1047 5507 1166 5568 natura
1194 5505 1293 5583 atque
1323 5504 1519 5582 perlectum,
1550 5523 1617 5569 non
1646 5510 1750 5589 adop-

106 5599 308 5672 rogamusta
321 5599 535 5663 dilectissime
547 5601 606 5674 illi,
619 5601 758 5666 caritate
767 5603 896 5666 sincera
950 5604 1055 5665 tivum
1067 5619 1174 5681 neque
1186 5603 1443 5681 phantasticum,
1458 5604 1590 5667 unicum
1602 5609 1635 5670 et
1647 5625 1749 5671 unum
