4106 6422
740 317 848 378 0000
869 319 1081 380 nonanus.
1198 284 1201 292 ’
1675 307 1714 366 ao

323 533 398 594 XXI
431 535 481 595 De
498 533 655 596 Ostiam,
937 509 1039 571 usque
1054 493 1094 554 ad
1108 492 1222 563 altare,
1234 505 1331 567 quam
1344 487 1485 552 toaleam
1499 484 1641 560 acolythi
1653 482 1714 542 eis-

401 575 408 594 ’
655 575 665 594 ’
937 587 1009 647 100
1023 587 1063 648 10
1077 587 1207 648 scriniis
1224 585 1346 646 domini
1368 587 1465 657 Papae
1480 577 1657 653 assignant,
1674 575 1715 636 ab

147 675 280 735 ostiarii
295 677 403 736 autem
426 677 591 752 accipiunt
613 692 633 737 a
653 675 783 738 domino
796 677 885 750 Papa
936 681 1017 756 ipsis
1030 681 1233 756 postmodum
1247 677 1420 754 recepturi.
1444 673 1603 746 Quamdiu
1617 671 1714 731 01100

106 766 445 847 siugulisdiebuspro
460 770 669 832 custodiendo
687 769 808 847 palatio
829 785 886 829 00-
937 773 1086 832 dominus
1114 774 1203 847 Papa
1224 770 1377 838 celebrat,
1401 767 1454 828 rel
1478 763 1634 840 praedicat
1652 761 1716 836 ipsi

105 863 298 924 mestionem
330 881 389 940 pro
433 865 559 926 duobus
599 865 720 926 scholae
760 863 883 939 ipsius.
937 865 1017 926 illud
1032 867 1186 936 osticium,
1199 865 1283 941 quod
1296 861 1436 940 pertinet
1449 860 1490 920 ad
1505 859 1603 935 ipsos,
1620 870 1717 917 exer-

107 957 243 1027 000010
257 974 335 1021 vero
347 959 497 1020 dominus
513 962 602 1036 Papa
614 959 799 1029 coronatur,
815 973 886 1019 om·
938 961 1021 1023 0001.
1036 961 1124 1021 Idem
1143 961 1303 1036 praeterea
1326 956 1491 1032 carpetam
1515 954 1669 1029 tapetum,
1683 951 1716 1012 01

106 1067 166 1112 000
190 1052 438 1128 provoluntate
465 1053 638 1115 camerarii
663 1053 704 1114 ad
729 1052 885 1129 palatium
937 1057 1047 1119 omnia
1074 1057 1140 1118 alia
1167 1052 1344 1114 memorata
1369 1051 1404 1111 10
1430 1061 1562 1110 recessu
1594 1045 1716 1107 100101

106 1144 404 1220 10100100001000,
429 1149 461 1210 01
474 1149 580 1225 ipsum
597 1149 754 1224 palatium
777 1148 887 1208 custo·
938 1155 1035 1228 Papae
1048 1152 1166 1212 iterum
1178 1147 1296 1209 debent
1308 1147 1439 1222 portare
1453 1143 1494 1204 ad
1515 1139 1715 1217 graduarii

106 1240 189 1302 dire.
204 1243 342 1319 Propter
354 1243 438 1319 quod
453 1243 566 1304 eadem
580 1244 633 1304 die
656 1242 886 1304 comestionem
939 1248 987 1308 001
999 1245 1194 1323 equitatura.
1211 1245 1285 1318 Ipsa
1310 1255 1412 1315 usque
1428 1238 1468 1298 ad
1487 1235 1645 1314 palatium
1659 1235 1717 1295 de-

105 1349 127 1394 a
140 1334 270 1397 domino
283 1337 371 1412 Papa
386 1335 647 1398 debenthabere.
672 1336 886 1397 ostiariorum
937 1343 1120 1418 portantur,
1149 1338 1205 1399 ubi
1226 1335 1344 1398 debent
1365 1349 1438 1395 esse
1462 1331 1526 1407 ipsi
1551 1331 1667 1407 parati,
1685 1330 1718 1390 et

105 1429 171 1488 duo
184 1445 313 1506 semper
325 1431 454 1506 qnando
473 1430 623 1492 1001000
648 1433 737 1506 Ρο00
752 1429 885 1505 equitat,
938 1437 1095 1512 praediem
1113 1433 1154 1495 ad
1168 1434 1286 1503 locum,
1313 1430 1369 1491 ubi
1383 1425 1588 1504 acceperunt,
1603 1439 1718 1502 repor-

105 1523 148 1583 ad
163 1523 318 1585 stationes
333 1525 451 1587 debent
468 1525 518 1587 ire
538 1541 612 1585 cum
626 1540 665 1586 eo
688 1523 729 1584 ad
744 1524 888 1584 secreta-
938 1532 1020 1591 tare.

106 1619 193 1678 rium
206 1619 466 1680 custodiendum:
481 1619 887 1695 eteadie,praetersupra-
977 1627 1026 1684 46.
1048 1622 1233 1684 Notandum
1256 1618 1341 1697 quod
1368 1617 1513 1694 ipsarum
1532 1613 1718 1676 scholarum

106 1713 209 1775 dictos
244 1713 451 1790 quotidianos
486 1713 578 1785 1000,
614 1712 786 1773 00001001
813 1727 886 1772 000
938 1730 1052 1776 00000
1082 1713 1118 1773 10
1143 1712 1196 1772 110
1219 1709 1439 1772 coronationis
1466 1706 1583 1769 debent
1609 1719 1719 1766 0000-

106 1808 236 1870 100100
251 1811 351 1884 Ρο00.
365 1808 636 1882 Quotiescumque
655 1806 763 1868 antem
778 1821 888 1866 came-
939 1809 1014 1869 dere
1042 1823 1115 1868 000
1137 1808 1229 1882 ipso:
1255 1806 1291 1865 in
1305 1804 1419 1865 diebus
1443 1817 1522 1865 vero
1543 1800 1719 1864 stationum

105 1901 214 1962 rarius
239 1902 335 1962 vocat
359 1911 426 1972 000,
455 1900 508 1960 vel
532 1901 657 1976 partem
681 1914 739 1975 pro
764 1899 885 1975 palatio
938 1906 1095 1980 cujusque
1117 1901 1238 1962 scholae
1260 1900 1406 1975 ipsorum
1432 1898 1582 1974 quatuor,
1612 1909 1717 1972 noque

105 1995 327 2068 custodiendo,
344 1995 461 2056 debent
484 1995 598 2055 venire
622 1994 740 2055 vocati.
768 1996 886 2055 00000
938 1998 1058 2074 plures.
1083 1995 1217 2068 Quando
1242 1993 1362 2070 aliquis
1390 1993 1602 2054 consecratur
1625 1988 1719 2052 ado-

104 2092 241 2166 insuper
255 2091 384 2151 domino
408 2093 505 2165 Papae
518 2088 635 2150 debent
649 2091 775 2166 jnrare,
790 2089 887 2164 prout
910 2141 913 2162 ,
938 2094 1026 2154 0100
1055 2095 1156 2167 Ρο00,
1180 2091 1312 2166 propter
1343 2088 1512 2164 servitium
1552 2085 1636 2162 qnod
1666 2085 1719 2144 ei-

104 2185 245 2246 interius
257 2184 457 2246 describetur
467 2186 606 2261 plenius.
623 2185 697 2246 Istis
709 2185 818 2246 autem
831 2199 887 2244 ca·-
938 2189 1011 2249 dem
1029 2186 1217 2249 consecrato
1236 2182 1407 2254 exhibent,
1445 2179 1562 2242 debent
1600 2178 1721 2240 habere

105 2281 267 2342 merarius
281 2281 316 2341 in
339 2279 421 2341 festo
446 2280 582 2340 Pascbae
609 2296 708 2340 unam
731 2279 887 2356 pecudem
939 2298 1033 2343 suum
1065 2280 1207 2358 pluviale
1230 2280 1262 2340 et
1283 2277 1403 2338 bacilia
1428 2278 1524 2352 atque
1551 2275 1719 2336 toaleam:

106 2374 202 2436 debet
215 2374 303 2446 dare,
318 2375 351 2436 et
371 2376 407 2436 in
428 2375 511 2436 festo
544 2375 733 2437 Natiuitatis
758 2374 887 2435 Domini
939 2379 995 2439 sed
1022 2377 1061 2437 de
1088 2375 1248 2436 bacilibus
1276 2373 1374 2449 atque
1407 2371 1515 2433 toalea
1541 2369 1576 2431 dt
1602 2369 1721 2430 divisio

105 2471 309 2548 porcastrum
323 2486 435 2531 0000.
448 2471 633 2532 Νο100100
644 2469 813 2547 veroquod
824 2470 888 2546 ipsi
939 2475 1025 2536 iuter
1042 2473 1130 2548 ipsos
1163 2469 1195 2532 et
1227 2467 1406 2544 acolythos.
1441 2466 1480 2526 111
1503 2465 1579 2542 quia
1604 2463 1722 2525 videbe

106 2565 224 2626 debent
236 2565 345 2626 tacere
357 2581 469 2627 00000
482 2565 608 2642 001000
621 2566 793 2636 olivarum,
808 2579 888 2641 quas
939 2568 993 2629 tur
1019 2581 1120 2642 grave
1148 2565 1338 2626 consecrato
1364 2561 1443 2622 dare
1463 2561 1544 2636 ipsis
1566 2559 1720 2636 pluviale,
1818 2621 1820 2623 ,

105 2661 322 2720 1010010100
337 2661 520 2736 palmarum
546 2661 696 2721 dominus
720 2662 809 2736 Papa
835 2659 890 2720 dat
940 2653 1140 2724 camerarius
1148 2660 1226 2720 facit
1234 2655 1528 2734 eisdemprovideri
1536 2655 1575 2716 10
1583 2655 1722 2732 0000010

104 2755 226 2832 populo
238 2758 396 2827 Romane,
411 2754 444 2817 01
455 2754 573 2816 debent
582 2755 713 2832 portare
721 2755 756 2814 10
767 2753 889 2830 palatio
941 2755 1161 2818 aconsecrato
1171 2753 1268 2831 juxta
1283 2751 1472 2829 qualitatem
1492 2751 1524 2812 01
1536 2749 1723 2812 facultatem

104 2850 371 2921 antecameram,
388 2849 506 2926 etpost
518 2849 684 2909 dominnm
698 2852 822 2925 Papam
834 2866 891 2909 us-
940 2853 1044 2930 ipsius
1057 2873 1064 2910 :
1076 2851 1108 2913 et
1118 2852 1350 2927 cujuscumque
1360 2847 1481 2909 scholae
1492 2847 1555 2908 duo
1566 2862 1639 2907 cum
1651 2847 1722 2924 1000

105 2959 170 3021 que
195 2943 237 3003 01
272 2943 456 3003 000100100.
487 2943 661 3004 Sciendum
685 2959 775 3015 vero,
804 2943 889 3021 quod
941 2941 1723 3017 000010010000000010,01000100010οΡ000

106 3038 237 3116 quando
249 3038 400 3098 dominus
415 3040 504 3113 Papa
524 3054 592 3098 000
615 3040 712 3102 estin
725 3039 816 3110 0010,
830 3055 889 3116 pro
941 3043 1061 3114 nullus,
1077 3042 1106 3102 si
1121 3039 1362 3101 consecraverit
1383 3039 1419 3097 10
1438 3036 1583 3113 capella:
1605 3035 1724 3096 sivero

106 3132 318 3195 custodiendo
332 3132 454 3208 0010110
469 3132 634 3196 debentia
646 3133 719 3195 100.
736 3135 887 3210 Ρο01000.
941 3139 1035 3200 extra
1056 3133 1307 3205 consecraverit,
1340 3135 1573 3210 cujuscumque
1603 3130 1724 3191 scholae

106 3230 148 3290 ad
163 3229 265 3289 altare
280 3227 386 3290 sancti
397 3228 486 3290 Petri
500 3229 536 3290 10
557 3244 752 3308 unaquaque
766 3229 890 3293 bebdo-
941 3235 1005 3296 duo
1020 3232 1192 3294 00001001
1205 3229 1533 3304 cumdominoPapa.
1551 3225 1725 3287 Sciendum

106 3324 203 3386 0010
215 3323 347 3384 babere.
941 3331 1051 3391 tamen
1072 3326 1168 3404 qnod,
1190 3341 1262 3402 quae
1280 3339 1379 3401 supra
1394 3322 1480 3384 dicta
1495 3322 1580 3394 sunt,
1608 3321 1726 3384 101001

145 3471 246 3530 xxa·
268 3473 557 3546 000000
570 3475 605 3534 a
619 3477 849 3544 comana
942 3418 1523 3594 lttttr.t.tt.t.tt.irs
1536 3416 1726 3572 titt

133 3617 892 3694 Mappulariiatquecubicnlariiunumtereofti-
943 3612 1067 3680 urbem,
1083 3609 1284 3672 camerarius
1310 3608 1365 3667 dat
1378 3607 1411 3665 et
1435 3606 1514 3665 tacit
1534 3621 1608 3663 eum
1624 3605 1727 3664 adex-

104 3711 193 3771 cium
201 3712 402 3782 exercentes
412 3712 698 3788 quandodominus
706 3715 795 3786 Papa
804 3727 893 3772 coro·
943 3707 1031 3767 trare
1048 3699 1229 3764 00010100,
1241 3715 1334 3759 0000
1360 3698 1581 3760 uoluntatem:
1609 3699 1726 3760 ettam

104 3806 214 3876 natur,
224 3807 256 3867 et
267 3806 302 3865 10
315 3805 665 3866 stationibusomnibus
673 3805 790 3867 debent
797 3821 893 3867 acce-
943 3800 1007 3876 ipsi
1022 3808 1119 3875 quam¹
1135 3793 1359 3857 adextratores
1375 3793 1501 3866 debent,
1527 3809 1600 3854 000
1615 3794 1726 3871 requi-

103 3883 185 3959 dere'
195 3898 236 3960 ad
249 3898 406 3975 palatium
418 3899 541 3960 domini
554 3902 652 3976 Papae
668 3921 675 3959 ε
689 3899 722 3961 01
732 3901 893 3976 00010100-
944 3895 999 3956 siti
1012 3893 1144 3964 suerint,
1166 3894 1281 3968 Jurare
1298 3889 1428 3950 domino
1452 3892 1561 3966 Papae.
1589 3890 1726 3951 50100-

104 3996 154 4056 tes
165 3994 341 4070 carpetam,
353 3994 730 4071 tapetumfatestorium,
740 3996 892 4071 pulvinar
943 3990 1078 4052 tandum
1091 3988 1175 4064 quod
1187 3987 1216 4047 si
1225 3985 1318 4057 forte,
1331 3984 1460 4061 quando
1474 3984 1623 4044 dominus
1637 3987 1726 4061 Papa

105 4090 138 4151 01
148 4089 324 4165 predelam,
339 4089 456 4151 debent
462 4091 592 4166 portare
603 4089 644 4150 ad
657 4090 890 4166 equitaturam:
944 4085 1037 4147 estin
1052 4082 1241 4152 secretario,
1255 4079 1372 4156 etpost
1384 4079 1517 4139 010000
1529 4079 1726 4140 celebratam

106 4201 179 4261 quae
194 4187 304 4245 omnia
317 4186 382 4247 ista
396 4185 514 4246 debent
527 4185 658 4261 portare
671 4201 745 4246 cum
761 4187 891 4248 scriniis
944 4179 1067 4256 aliquid
1082 4177 1181 4238 luerit
1195 4174 1331 4252 pedibus
1355 4176 1453 4250 Papae
1468 4171 1622 4244 oblatum,
1636 4174 1728 4250 ipso·

106 4279 241 4356 capellae
256 4279 380 4341 ductaa
393 4280 596 4342 marescallis
607 4295 709 4356 usque
721 4281 761 4340 ad
772 4281 889 4355 locum,
944 4291 1017 4335 rum
1031 4275 1081 4334 est
1094 4272 1134 4332 de
1154 4274 1242 4348 jure,
1272 4269 1349 4330 auto
1376 4269 1513 4344 excepto
1537 4267 1569 4329 et
1591 4271 1726 4346 argento

105 4375 148 4436 ad
162 4374 421 4451 quemdominus
440 4378 530 4452 Papa
549 4376 889 4452 proposuitequitare.
944 4369 1101 4439 laborato,
1126 4381 1252 4443 pannos
1278 4365 1379 4426 etiam
1407 4379 1466 4424 seu
1489 4363 1624 4434 toaleas,
1654 4379 1727 4441 quae

105 4473 187 4530 Cum
199 4470 366 4532 autemibi
380 4470 505 4547 0000110
520 4469 703 4546 deponitur,
726 4471 891 4547 praedictae
945 4463 1054 4525 omnia
1062 4463 1137 4523 0001
1149 4462 1189 4521 de
1202 4475 1343 4531 camera,
1359 4459 1495 4534 excepta
1510 4458 1637 4519 ratione
1653 4461 1728 4534 gui-

105 4565 229 4627 scbolae
242 4565 360 4628 debent
372 4565 543 4637 interesse,
558 4565 591 4626 01
612 4566 733 4637 00010,
748 4581 820 4642 quae
835 4583 893 4626 su·
945 4559 1065 4619 donum
1091 4555 1223 4626 scholae,
1250 4571 1348 4630 quam
1383 4553 1477 4614 debet
1499 4552 1631 4614 hahere.
1659 4557 1727 4616 Hoc

106 4661 343 4740 prediximus,
371 4661 531 4738 accipere,
562 4660 647 4721 sicut
668 4661 771 4736 prius,
799 4662 832 4723 et
850 4661 891 4722 ad
944 4652 1115 4714 11001100
1139 4650 1178 4711 10
1192 4649 1465 4711 adextratoribus.
1491 4648 1581 4719 Quod
1596 4650 1625 4706 01
1646 4649 1728 4710 torte

105 4757 320 4819 secretarium
343 4757 525 4833 deportare.
558 4755 621 4818 Ubi
642 4771 716 4816 curn
742 4755 892 4816 dominus
945 4747 1079 4825 aliquid,
1092 4745 1222 4824 quando
1233 4745 1405 4806 adextrant
1415 4743 1581 4804 dominum
1592 4744 1725 4819 Papam,

108 4859 198 4930 Papa
212 4852 304 4914 exuit
315 4852 460 4913 mantum
471 4852 503 4913 01
514 4851 630 4912 010100
643 4851 739 4926 atque
749 4851 890 4924 mitram,
937 4843 1100 4920 Ι0000100
1126 4841 1230 4916 ipsius
1249 4854 1307 4915 per
1333 4839 1422 4899 uiam
1448 4836 1591 4898 oblatum
1617 4836 1726 4909 fuerit,

106 4947 235 5020 debent,
246 4947 348 5010 donec
358 4945 703 5016 osticiumcelebratur,
716 4945 892 5006 studiosius
944 4938 1077 4999 illorum
1092 4935 1187 4997 debet
1202 4949 1286 5006 esse,
1305 4931 1452 5007 exceptis
1468 4932 1644 5007 praedictis.
1659 4933 1728 4992 Hoc

105 5043 282 5106 custodire.
297 5044 377 5104 ltem
387 5042 486 5103 01100
499 5039 663 5116 carpetam
675 5039 781 5100 atalia
793 5055 892 5116 supra
944 5032 1066 5103 addito,
1093 5029 1179 5107 quod
1203 5029 1270 5090 tam
1301 5025 1413 5088 schola
1448 5027 1728 5103 mappulariorum

106 5138 196 5203 dicta
210 5136 327 5198 debent
340 5151 443 5213 usque
456 5136 497 5196 ad
509 5135 613 5196 altare
625 5133 755 5205 afferre,
768 5134 893 5195 tacien-
944 5128 977 5188 et
1011 5122 1315 5194 cubiculariorium,
1343 5136 1440 5199 quam
1470 5121 1726 5193 adextratorum,

104 5240 158 5298 tes
178 5233 295 5294 coelum
319 5231 359 5292 de
379 5231 519 5307 quadam
546 5243 649 5306 cappa
672 5243 770 5305 super
796 5231 894 5307 caput
921 5221 1075 5301 ¹quando
1098 5219 1248 5281 dominus
1269 5219 1360 5294 Papa
1383 5216 1507 5293 0001101
1521 5215 1561 5275 ad
1585 5215 1728 5291 aliquam

107 5328 233 5392 domini
244 5327 360 5404 ipsius.
376 5325 512 5388 Portant
523 5341 598 5386 000
611 5324 660 5385 010
675 5344 683 5384 :
698 5322 761 5385 duo
777 5323 817 5385 ab
832 5340 894 5386 an·
945 5316 1118 5380 ecclesiam
1132 5313 1314 5376 01100100
1328 5312 1380 5373 die
1393 5313 1520 5372 000001
1534 5309 1641 5383 statio,
1654 5327 1727 5376 cum
1766 5307 1782 5374 'r

106 5418 893 5500 1001000010,10000000001001001110010010
945 5411 1205 5475 00100100100
1231 5408 1401 5472 comedere
1425 5420 1490 5465 000
1514 5405 1641 5478 101001,
1668 5423 1737 5488 000
1791 5479 1792 5482 ¹
1839 5445 1844 5452 ·

108 5517 297 5605 summitate
311 5514 451 5594 quatuor
463 5512 664 5578 baculorum.
680 5513 712 5578 et
723 5515 897 5594 extensam·
945 5507 1088 5571 0110100
1103 5505 1235 5583 aliquod
1258 5513 1422 5565 exercere.
1452 5501 1629 5564 Sciendum
1643 5504 1729 5579 quod
1745 5503 1750 5510 ”
