<?xml version="1.0" encoding="UTF-8"?>
<!DOCTYPE html PUBLIC "-//W3C//DTD XHTML 1.0 Transitional//EN"
    "http://www.w3.org/TR/xhtml1/DTD/xhtml1-transitional.dtd">
<html xmlns="http://www.w3.org/1999/xhtml" xml:lang="en" lang="en">
 <head>
  <title>
</title>
<meta http-equiv="Content-Type" content="text/html;charset=utf-8" />
  <meta name='ocr-system' content='tesseract 3.04.00' />
  <meta name='ocr-capabilities' content='ocr_page ocr_carea ocr_par ocr_line ocrx_word'/>
</head>
<body>
  <div class='ocr_page' id='page_1' title='image "./mediiaevibiblio05bottgoog_0395.png"; bbox 0 0 4076 6420; ppageno 0'>
   <div class='ocr_carea' id='block_1_1' title="bbox 303 287 1972 358">
    <p class='ocr_par' dir='ltr' id='par_1_1' title="bbox 303 287 1972 358">
     <span class='ocr_line' id='line_1_1' title="bbox 303 287 1972 358; baseline -0.001 -2"><span class='ocrx_word' id='word_1_1' title='bbox 303 295 360 356; x_wconf 77' lang='lat' dir='ltr'><strong>‘lli</strong></span> <span class='ocrx_word' id='word_1_2' title='bbox 770 294 946 357; x_wconf 81' lang='lat' dir='ltr'><strong>HONORII</strong></span> <span class='ocrx_word' id='word_1_3' title='bbox 968 295 1014 354; x_wconf 86' lang='lat'><strong>111</strong></span> <span class='ocrx_word' id='word_1_4' title='bbox 1036 287 1184 356; x_wconf 63' lang='lat' dir='ltr'><strong>OPERA}</strong></span> <span class='ocrx_word' id='word_1_5' title='bbox 1200 325 1241 342; x_wconf 89' lang='lat'><em>-</em></span> <span class='ocrx_word' id='word_1_6' title='bbox 1257 294 1490 358; x_wconf 67' lang='lat' dir='ltr'><strong>senunchiis.</strong></span> <span class='ocrx_word' id='word_1_7' title='bbox 1905 291 1972 356; x_wconf 77' lang='lat'><strong>712</strong></span> 
     </span>
    </p>
   </div>
   <div class='ocr_carea' id='block_1_2' title="bbox 250 451 1970 5722">
    <p class='ocr_par' dir='ltr' id='par_1_2' title="bbox 250 451 1970 5722">
     <span class='ocr_line' id='line_1_2' title="bbox 303 451 1970 534; baseline -0.002 -16"><span class='ocrx_word' id='word_1_8' title='bbox 303 455 405 518; x_wconf 88' lang='lat' dir='ltr'><strong>tatem</strong></span> <span class='ocrx_word' id='word_1_9' title='bbox 421 469 597 528; x_wconf 87' lang='lat' dir='ltr'><strong>exercere;</strong></span> <span class='ocrx_word' id='word_1_10' title='bbox 610 469 692 531; x_wconf 92' lang='lat' dir='ltr'><strong>opus</strong></span> <span class='ocrx_word' id='word_1_11' title='bbox 706 469 787 516; x_wconf 87' lang='lat' dir='ltr'><strong>vero</strong></span> <span class='ocrx_word' id='word_1_12' title='bbox 799 469 957 518; x_wconf 87' lang='lat' dir='ltr'><strong>manuum</strong></span> <span class='ocrx_word' id='word_1_13' title='bbox 968 456 1102 533; x_wconf 85' lang='lat' dir='ltr'><strong>propter</strong></span> <span class='ocrx_word' id='word_1_14' title='bbox 1156 455 1272 534; x_wconf 82' lang='lat' dir='ltr'><strong>Moyse</strong></span> <span class='ocrx_word' id='word_1_15' title='bbox 1282 455 1440 518; x_wconf 79' lang='lat' dir='ltr'><strong>scribitur</strong></span> <span class='ocrx_word' id='word_1_16' title='bbox 1451 475 1458 516; x_wconf 91' lang='lat'>:</span> <span class='ocrx_word' id='word_1_17' title='bbox 1470 451 1970 528; x_wconf 65' lang='lat' dir='ltr'><strong>Nepnntcsnrborenpuaem</strong></span> 
     </span>
     <span class='ocr_line' id='line_1_3' title="bbox 305 549 1970 634; baseline -0.001 -20"><span class='ocrx_word' id='word_1_18' title='bbox 305 552 503 630; x_wconf 83' lang='lat' dir='ltr'><strong>proximum,</strong></span> <span class='ocrx_word' id='word_1_19' title='bbox 527 554 563 615; x_wconf 93' lang='lat' dir='ltr'><strong>ut</strong></span> <span class='ocrx_word' id='word_1_20' title='bbox 586 550 708 616; x_wconf 90' lang='lat' dir='ltr'><strong>habeat</strong></span> <span class='ocrx_word' id='word_1_21' title='bbox 719 552 807 615; x_wconf 92' lang='lat' dir='ltr'><strong>unde</strong></span> <span class='ocrx_word' id='word_1_22' title='bbox 818 553 944 616; x_wconf 86' lang='lat' dir='ltr'><strong>tribuat</strong></span> <span class='ocrx_word' id='word_1_23' title='bbox 955 553 1103 615; x_wconf 87' lang='lat' dir='ltr'><strong>necessi·</strong></span> <span class='ocrx_word' id='word_1_24' title='bbox 1154 554 1267 617; x_wconf 83' lang='lat' dir='ltr'><strong>attare</strong></span> <span class='ocrx_word' id='word_1_25' title='bbox 1287 553 1395 634; x_wconf 88' lang='lat' dir='ltr'><strong>(Dent.</strong></span> <span class='ocrx_word' id='word_1_26' title='bbox 1413 567 1484 625; x_wconf 82' lang='lat' dir='ltr'><strong>rvr,</strong></span> <span class='ocrx_word' id='word_1_27' title='bbox 1499 549 1567 632; x_wconf 83' lang='lat'><strong>21).</strong></span> <span class='ocrx_word' id='word_1_28' title='bbox 1583 550 1699 614; x_wconf 78' lang='lat' dir='ltr'><strong>utros</strong></span> <span class='ocrx_word' id='word_1_29' title='bbox 1715 571 1724 610; x_wconf 76' lang='grc' dir='ltr'><strong><em>ε</em></strong></span> <span class='ocrx_word' id='word_1_30' title='bbox 1740 553 1796 614; x_wconf 84' lang='lat' dir='ltr'><strong>Ne</strong></span> <span class='ocrx_word' id='word_1_31' title='bbox 1815 552 1970 625; x_wconf 78' lang='lat' dir='ltr'><strong>plantes</strong></span> 
     </span>
     <span class='ocr_line' id='line_1_4' title="bbox 304 647 1969 728; baseline -0.001 -16"><span class='ocrx_word' id='word_1_32' title='bbox 304 651 405 712; x_wconf 88' lang='lat' dir='ltr'><strong>tatem</strong></span> <span class='ocrx_word' id='word_1_33' title='bbox 432 650 581 728; x_wconf 90' lang='lat' dir='ltr'><strong>patienti.</strong></span> <span class='ocrx_word' id='word_1_34' title='bbox 619 651 737 711; x_wconf 84' lang='lat' dir='ltr'><strong>camis</strong></span> <span class='ocrx_word' id='word_1_35' title='bbox 769 652 880 714; x_wconf 90' lang='lat' dir='ltr'><strong>autem</strong></span> <span class='ocrx_word' id='word_1_36' title='bbox 906 650 1101 712; x_wconf 77' lang='lat' dir='ltr'><strong>munditiam</strong></span> <span class='ocrx_word' id='word_1_37' title='bbox 1156 656 1329 713; x_wconf 81' lang='lat' dir='ltr'><strong>mninstn</strong></span> <span class='ocrx_word' id='word_1_38' title='bbox 1344 653 1478 726; x_wconf 71' lang='lat' dir='ltr'><strong>renem.</strong></span> <span class='ocrx_word' id='word_1_39' title='bbox 1496 649 1807 718; x_wconf 87' lang='lat' dir='ltr'><strong>Uhienimnemus,</strong></span> <span class='ocrx_word' id='word_1_40' title='bbox 1823 647 1969 710; x_wconf 91' lang='lat' dir='ltr'><strong>ihisunt</strong></span> 
     </span>
     <span class='ocr_line' id='line_1_5' title="bbox 305 745 1967 828; baseline -0.002 -18"><span class='ocrx_word' id='word_1_41' title='bbox 305 749 562 828; x_wconf 88' lang='lat' dir='ltr'><strong>propterDeum,</strong></span> <span class='ocrx_word' id='word_1_42' title='bbox 575 749 611 811; x_wconf 91' lang='lat' dir='ltr'><strong>ut</strong></span> <span class='ocrx_word' id='word_1_43' title='bbox 622 749 791 826; x_wconf 89' lang='lat' dir='ltr'><strong>eiplaceat</strong></span> <span class='ocrx_word' id='word_1_44' title='bbox 805 749 838 810; x_wconf 88' lang='lat' dir='ltr'><strong>et</strong></span> <span class='ocrx_word' id='word_1_45' title='bbox 850 765 944 810; x_wconf 90' lang='lat' dir='ltr'><strong>suam</strong></span> <span class='ocrx_word' id='word_1_46' title='bbox 954 748 1103 812; x_wconf 82' lang='lat' dir='ltr'><strong>volunta·</strong></span> <span class='ocrx_word' id='word_1_47' title='bbox 1156 747 1308 825; x_wconf 72' lang='lat' dir='ltr'><strong>arbores,</strong></span> <span class='ocrx_word' id='word_1_48' title='bbox 1325 748 1381 810; x_wconf 93' lang='lat' dir='ltr'><strong>ubi</strong></span> <span class='ocrx_word' id='word_1_49' title='bbox 1396 747 1545 820; x_wconf 88' lang='lat' dir='ltr'><strong>arbores,</strong></span> <span class='ocrx_word' id='word_1_50' title='bbox 1562 745 1609 808; x_wconf 92' lang='lat' dir='ltr'><strong>ibi</strong></span> <span class='ocrx_word' id='word_1_51' title='bbox 1623 761 1723 821; x_wconf 77' lang='lat' dir='ltr'><strong>aves3</strong></span> <span class='ocrx_word' id='word_1_52' title='bbox 1739 745 1798 808; x_wconf 91' lang='lat' dir='ltr'><strong>ubi</strong></span> <span class='ocrx_word' id='word_1_53' title='bbox 1813 762 1901 807; x_wconf 85' lang='lat' dir='ltr'><strong>aves</strong></span> <span class='ocrx_word' id='word_1_54' title='bbox 1917 746 1967 808; x_wconf 89' lang='lat' dir='ltr'><strong>ihi</strong></span> 
     </span>
     <span class='ocr_line' id='line_1_6' title="bbox 304 843 1966 924; baseline -0.003 -15"><span class='ocrx_word' id='word_1_55' title='bbox 304 849 372 910; x_wconf 87' lang='lat' dir='ltr'><strong>tem</strong></span> <span class='ocrx_word' id='word_1_56' title='bbox 396 845 525 909; x_wconf 85' lang='lat' dir='ltr'><strong>iaciat:</strong></span> <span class='ocrx_word' id='word_1_57' title='bbox 553 849 640 910; x_wconf 81' lang='lat' dir='ltr'><strong>Hoec</strong></span> <span class='ocrx_word' id='word_1_58' title='bbox 667 847 720 910; x_wconf 85' lang='lat' dir='ltr'><strong>est</strong></span> <span class='ocrx_word' id='word_1_59' title='bbox 742 849 836 910; x_wconf 84' lang='lat' dir='ltr'><strong>enim</strong></span> <span class='ocrx_word' id='word_1_60' title='bbox 859 847 1019 910; x_wconf 81' lang='lat' dir='ltr'><strong>voluntas</strong></span> <span class='ocrx_word' id='word_1_61' title='bbox 1041 849 1102 909; x_wconf 86' lang='lat' dir='ltr'><strong>Det</strong></span> <span class='ocrx_word' id='word_1_62' title='bbox 1156 847 1313 924; x_wconf 81' lang='lat' dir='ltr'><strong>garritus.</strong></span> <span class='ocrx_word' id='word_1_63' title='bbox 1339 849 1376 908; x_wconf 92' lang='lat' dir='ltr'><strong>ln</strong></span> <span class='ocrx_word' id='word_1_64' title='bbox 1398 845 1574 909; x_wconf 80' lang='lat' dir='ltr'><strong>refectorio</strong></span> <span class='ocrx_word' id='word_1_65' title='bbox 1597 843 1753 907; x_wconf 90' lang='lat' dir='ltr'><strong>similiter</strong></span> <span class='ocrx_word' id='word_1_66' title='bbox 1773 845 1869 922; x_wconf 91' lang='lat' dir='ltr'><strong>loqui</strong></span> <span class='ocrx_word' id='word_1_67' title='bbox 1893 859 1966 905; x_wconf 91' lang='lat' dir='ltr'><strong>non</strong></span> 
     </span>
     <span class='ocr_line' id='line_1_7' title="bbox 305 943 1965 1023; baseline -0.002 -17"><span class='ocrx_word' id='word_1_68' title='bbox 305 945 532 1022; x_wconf 75' lang='lat' dir='ltr'><strong>sanctificatio</strong></span> <span class='ocrx_word' id='word_1_69' title='bbox 554 944 684 1016; x_wconf 78' lang='lat' dir='ltr'><strong>cestro,</strong></span> <span class='ocrx_word' id='word_1_70' title='bbox 707 944 747 1006; x_wconf 84' lang='lat' dir='ltr'><strong>ut</strong></span> <span class='ocrx_word' id='word_1_71' title='bbox 767 944 970 1008; x_wconf 72' lang='lat' dir='ltr'><strong>abstineatis</strong></span> <span class='ocrx_word' id='word_1_72' title='bbox 997 958 1058 1006; x_wconf 85' lang='lat' dir='ltr'><strong>cos</strong></span> <span class='ocrx_word' id='word_1_73' title='bbox 1080 959 1103 1006; x_wconf 86' lang='lat' dir='ltr'><strong>a</strong></span> <span class='ocrx_word' id='word_1_74' title='bbox 1156 943 1325 1018; x_wconf 81' lang='lat' dir='ltr'><strong>debemus,</strong></span> <span class='ocrx_word' id='word_1_75' title='bbox 1342 945 1420 1023; x_wconf 91' lang='lat' dir='ltr'><strong>quia</strong></span> <span class='ocrx_word' id='word_1_76' title='bbox 1435 959 1510 1006; x_wconf 89' lang='lat' dir='ltr'><strong>cum</strong></span> <span class='ocrx_word' id='word_1_77' title='bbox 1520 944 1653 1010; x_wconf 89' lang='lat' dir='ltr'><strong>silentio</strong></span> <span class='ocrx_word' id='word_1_78' title='bbox 1668 957 1789 1020; x_wconf 85' lang='lat' dir='ltr'><strong>panem</strong></span> <span class='ocrx_word' id='word_1_79' title='bbox 1803 943 1965 1004; x_wconf 87' lang='lat' dir='ltr'><strong>nostrum</strong></span> 
     </span>
     <span class='ocr_line' id='line_1_8' title="bbox 305 1039 1967 1118; baseline -0.002 -13"><span class='ocrx_word' id='word_1_80' title='bbox 305 1043 545 1118; x_wconf 69' lang='lat' dir='ltr'><strong>fornicatione,</strong></span> <span class='ocrx_word' id='word_1_81' title='bbox 574 1043 612 1104; x_wconf 85' lang='lat' dir='ltr'><strong>ut</strong></span> <span class='ocrx_word' id='word_1_82' title='bbox 636 1043 725 1104; x_wconf 80' lang='lat' dir='ltr'><strong>sciat</strong></span> <span class='ocrx_word' id='word_1_83' title='bbox 739 1102 741 1106; x_wconf 86' lang='grc'>,</span> <span class='ocrx_word' id='word_1_84' title='bbox 754 1045 989 1117; x_wconf 78' lang='lat' dir='ltr'><strong>icnnsqntsque</strong></span> <span class='ocrx_word' id='word_1_85' title='bbox 1022 1055 1103 1104; x_wconf 86' lang='lat' dir='ltr'><strong>oes-</strong></span> <span class='ocrx_word' id='word_1_86' title='bbox 1156 1043 1330 1104; x_wconf 89' lang='lat' dir='ltr'><strong>ccmedere</strong></span> <span class='ocrx_word' id='word_1_87' title='bbox 1343 1041 1511 1115; x_wconf 89' lang='lat' dir='ltr'><strong>debemus,</strong></span> <span class='ocrx_word' id='word_1_88' title='bbox 1532 1041 1566 1103; x_wconf 90' lang='lat' dir='ltr'><strong>et</strong></span> <span class='ocrx_word' id='word_1_89' title='bbox 1578 1041 1755 1103; x_wconf 84' lang='lat' dir='ltr'><strong>lectionem</strong></span> <span class='ocrx_word' id='word_1_90' title='bbox 1768 1039 1911 1115; x_wconf 86' lang='lat' dir='ltr'><strong>audire;</strong></span> <span class='ocrx_word' id='word_1_91' title='bbox 1929 1042 1967 1102; x_wconf 90' lang='lat' dir='ltr'><strong>ut</strong></span> 
     </span>
     <span class='ocr_line' id='line_1_9' title="bbox 305 1137 1965 1218; baseline -0.004 -14"><span class='ocrx_word' id='word_1_92' title='bbox 305 1142 402 1204; x_wconf 76' lang='lat' dir='ltr'><strong>imum</strong></span> <span class='ocrx_word' id='word_1_93' title='bbox 428 1153 531 1202; x_wconf 85' lang='lat' dir='ltr'><strong>suum</strong></span> <span class='ocrx_word' id='word_1_94' title='bbox 555 1155 619 1202; x_wconf 85' lang='lat' dir='ltr'><strong>vus</strong></span> <span class='ocrx_word' id='word_1_95' title='bbox 637 1142 878 1215; x_wconf 76' lang='lat' dir='ltr'><strong>possiderem</strong></span> <span class='ocrx_word' id='word_1_96' title='bbox 902 1141 1102 1212; x_wconf 72' lang='lat' dir='ltr'><strong>sonctifica-</strong></span> <span class='ocrx_word' id='word_1_97' title='bbox 1156 1139 1243 1201; x_wconf 89' lang='lat' dir='ltr'><strong>sicut</strong></span> <span class='ocrx_word' id='word_1_98' title='bbox 1267 1140 1434 1218; x_wconf 87' lang='lat' dir='ltr'><strong>corporali</strong></span> <span class='ocrx_word' id='word_1_99' title='bbox 1462 1138 1536 1200; x_wconf 90' lang='lat' dir='ltr'><strong>cibo</strong></span> <span class='ocrx_word' id='word_1_100' title='bbox 1562 1153 1684 1216; x_wconf 90' lang='lat' dir='ltr'><strong>corpus</strong></span> <span class='ocrx_word' id='word_1_101' title='bbox 1715 1138 1879 1216; x_wconf 89' lang='lat' dir='ltr'><strong>pascitur,</strong></span> <span class='ocrx_word' id='word_1_102' title='bbox 1917 1137 1965 1198; x_wconf 88' lang='lat' dir='ltr'><strong>ita</strong></span> 
     </span>
     <span class='ocr_line' id='line_1_10' title="bbox 306 1235 1968 1317; baseline -0.003 -17"><span class='ocrx_word' id='word_1_103' title='bbox 306 1240 398 1302; x_wconf 84' lang='lat' dir='ltr'><strong>tione</strong></span> <span class='ocrx_word' id='word_1_104' title='bbox 413 1237 446 1300; x_wconf 87' lang='lat' dir='ltr'><strong>ct</strong></span> <span class='ocrx_word' id='word_1_105' title='bbox 464 1241 593 1300; x_wconf 81' lang='lat' dir='ltr'><strong>bonore</strong></span> <span class='ocrx_word' id='word_1_106' title='bbox 608 1236 637 1317; x_wconf 90' lang='grc' dir='ltr'><strong>(Ι</strong></span> <span class='ocrx_word' id='word_1_107' title='bbox 649 1237 764 1298; x_wconf 83' lang='lat' dir='ltr'><strong>Thess.</strong></span> <span class='ocrx_word' id='word_1_108' title='bbox 780 1253 825 1309; x_wconf 85' lang='grc' dir='ltr'><strong>ιι,</strong></span> <span class='ocrx_word' id='word_1_109' title='bbox 841 1239 871 1308; x_wconf 86' lang='grc'><strong>3,</strong></span> <span class='ocrx_word' id='word_1_110' title='bbox 882 1235 929 1317; x_wconf 79' lang='lat' dir='ltr'><strong>l).</strong></span> <span class='ocrx_word' id='word_1_111' title='bbox 941 1237 1102 1298; x_wconf 77' lang='lat' dir='ltr'><strong>ceterum</strong></span> <span class='ocrx_word' id='word_1_112' title='bbox 1157 1237 1269 1299; x_wconf 89' lang='lat' dir='ltr'><strong>anima</strong></span> <span class='ocrx_word' id='word_1_113' title='bbox 1283 1237 1451 1314; x_wconf 90' lang='lat' dir='ltr'><strong>spirituali</strong></span> <span class='ocrx_word' id='word_1_114' title='bbox 1466 1235 1540 1298; x_wconf 89' lang='lat' dir='ltr'><strong>cibo</strong></span> <span class='ocrx_word' id='word_1_115' title='bbox 1561 1238 1728 1316; x_wconf 87' lang='lat' dir='ltr'><strong>pascatur.</strong></span> <span class='ocrx_word' id='word_1_116' title='bbox 1749 1235 1895 1312; x_wconf 84' lang='lat' dir='ltr'><strong>Legitur</strong></span> <span class='ocrx_word' id='word_1_117' title='bbox 1912 1235 1968 1295; x_wconf 89' lang='lat' dir='ltr'><strong>di-</strong></span> 
     </span>
     <span class='ocr_line' id='line_1_11' title="bbox 306 1323 1962 1413; baseline -0.002 -17"><span class='ocrx_word' id='word_1_118' title='bbox 306 1351 366 1413; x_wconf 90' lang='lat' dir='ltr'><strong>pro</strong></span> <span class='ocrx_word' id='word_1_119' title='bbox 392 1323 461 1397; x_wconf 88' lang='lat' dir='ltr'><strong>Deo</strong></span> <span class='ocrx_word' id='word_1_120' title='bbox 487 1333 585 1396; x_wconf 81' lang='lat' dir='ltr'><strong>sileat</strong></span> <span class='ocrx_word' id='word_1_121' title='bbox 607 1335 643 1396; x_wconf 91' lang='lat' dir='ltr'><strong>in</strong></span> <span class='ocrx_word' id='word_1_122' title='bbox 666 1334 761 1398; x_wconf 81' lang='lat' dir='ltr'><strong>vobis</strong></span> <span class='ocrx_word' id='word_1_123' title='bbox 785 1335 900 1412; x_wconf 89' lang='lat' dir='ltr'><strong>lingua</strong></span> <span class='ocrx_word' id='word_1_124' title='bbox 927 1332 1101 1407; x_wconf 89' lang='lat' dir='ltr'><strong>maledica,</strong></span> <span class='ocrx_word' id='word_1_125' title='bbox 1156 1335 1257 1398; x_wconf 81' lang='lat' dir='ltr'><strong>vitem</strong></span> <span class='ocrx_word' id='word_1_126' title='bbox 1279 1333 1503 1412; x_wconf 89' lang='lat' dir='ltr'><strong>apudinleros</strong></span> <span class='ocrx_word' id='word_1_127' title='bbox 1518 1334 1664 1396; x_wconf 87' lang='lat' dir='ltr'><strong>inustum</strong></span> <span class='ocrx_word' id='word_1_128' title='bbox 1684 1349 1758 1396; x_wconf 88' lang='lat' dir='ltr'><strong>esse</strong></span> <span class='ocrx_word' id='word_1_129' title='bbox 1776 1334 1813 1394; x_wconf 93' lang='lat' dir='ltr'><strong>in</strong></span> <span class='ocrx_word' id='word_1_130' title='bbox 1828 1333 1962 1408; x_wconf 88' lang='lat' dir='ltr'><strong>lingua,</strong></span> 
     </span>
     <span class='ocr_line' id='line_1_12' title="bbox 306 1431 1965 1511; baseline -0.002 -17"><span class='ocrx_word' id='word_1_131' title='bbox 306 1433 422 1510; x_wconf 88' lang='lat' dir='ltr'><strong>lingua</strong></span> <span class='ocrx_word' id='word_1_132' title='bbox 444 1431 650 1509; x_wconf 85' lang='lat' dir='ltr'><strong>blasphema,</strong></span> <span class='ocrx_word' id='word_1_133' title='bbox 675 1432 790 1508; x_wconf 88' lang='lat' dir='ltr'><strong>lingua</strong></span> <span class='ocrx_word' id='word_1_134' title='bbox 806 1432 998 1510; x_wconf 83' lang='lat' dir='ltr'><strong>maliloqua,</strong></span> <span class='ocrx_word' id='word_1_135' title='bbox 1015 1446 1102 1511; x_wconf 90' lang='lat' dir='ltr'><strong>quo·</strong></span> <span class='ocrx_word' id='word_1_136' title='bbox 1157 1433 1235 1510; x_wconf 88' lang='lat' dir='ltr'><strong>quia</strong></span> <span class='ocrx_word' id='word_1_137' title='bbox 1250 1433 1422 1509; x_wconf 81' lang='lat' dir='ltr'><strong>linguosus</strong></span> <span class='ocrx_word' id='word_1_138' title='bbox 1437 1435 1510 1494; x_wconf 86' lang='lat' dir='ltr'><strong>erat</strong></span> <span class='ocrx_word' id='word_1_139' title='bbox 1521 1433 1556 1494; x_wconf 90' lang='lat' dir='ltr'><strong>iu</strong></span> <span class='ocrx_word' id='word_1_140' title='bbox 1571 1445 1697 1494; x_wconf 89' lang='lat' dir='ltr'><strong>mensa.</strong></span> <span class='ocrx_word' id='word_1_141' title='bbox 1710 1433 1747 1492; x_wconf 89' lang='lat' dir='ltr'><strong>lu</strong></span> <span class='ocrx_word' id='word_1_142' title='bbox 1757 1431 1965 1493; x_wconf 90' lang='lat' dir='ltr'><strong>dormitorio</strong></span> 
     </span>
     <span class='ocr_line' id='line_1_13' title="bbox 307 1527 1963 1607; baseline -0.001 -17"><span class='ocrx_word' id='word_1_143' title='bbox 307 1529 531 1592; x_wconf 90' lang='lat' dir='ltr'><strong>niambonum</strong></span> <span class='ocrx_word' id='word_1_144' title='bbox 541 1529 636 1590; x_wconf 88' lang='lat' dir='ltr'><strong>estin</strong></span> <span class='ocrx_word' id='word_1_145' title='bbox 653 1529 716 1590; x_wconf 91' lang='lat' dir='ltr'><strong>hoc</strong></span> <span class='ocrx_word' id='word_1_146' title='bbox 726 1529 850 1606; x_wconf 87' lang='lat' dir='ltr'><strong>triplici</strong></span> <span class='ocrx_word' id='word_1_147' title='bbox 858 1530 992 1592; x_wconf 87' lang='lat' dir='ltr'><strong>silentio</strong></span> <span class='ocrx_word' id='word_1_148' title='bbox 1004 1545 1104 1606; x_wconf 88' lang='lat' dir='ltr'><strong>praes·</strong></span> <span class='ocrx_word' id='word_1_149' title='bbox 1158 1531 1259 1594; x_wconf 89' lang='lat' dir='ltr'><strong>etiam</strong></span> <span class='ocrx_word' id='word_1_150' title='bbox 1270 1530 1427 1592; x_wconf 91' lang='lat' dir='ltr'><strong>debemus</strong></span> <span class='ocrx_word' id='word_1_151' title='bbox 1441 1529 1553 1602; x_wconf 90' lang='lat' dir='ltr'><strong>silere,</strong></span> <span class='ocrx_word' id='word_1_152' title='bbox 1568 1530 1648 1607; x_wconf 89' lang='lat' dir='ltr'><strong>quia</strong></span> <span class='ocrx_word' id='word_1_153' title='bbox 1662 1529 1756 1591; x_wconf 87' lang='lat' dir='ltr'><strong>locus</strong></span> <span class='ocrx_word' id='word_1_154' title='bbox 1770 1530 1822 1591; x_wconf 88' lang='lat' dir='ltr'><strong>est</strong></span> <span class='ocrx_word' id='word_1_155' title='bbox 1833 1527 1963 1596; x_wconf 78' lang='lat' dir='ltr'><strong>somm,</strong></span> 
     </span>
     <span class='ocr_line' id='line_1_14' title="bbox 307 1625 1963 1706; baseline -0.002 -16"><span class='ocrx_word' id='word_1_156' title='bbox 307 1627 406 1690; x_wconf 83' lang='lat' dir='ltr'><strong>talari</strong></span> <span class='ocrx_word' id='word_1_157' title='bbox 422 1626 568 1688; x_wconf 87' lang='lat' dir='ltr'><strong>salutare</strong></span> <span class='ocrx_word' id='word_1_158' title='bbox 583 1626 654 1698; x_wconf 90' lang='lat' dir='ltr'><strong>Dei,</strong></span> <span class='ocrx_word' id='word_1_159' title='bbox 668 1627 706 1687; x_wconf 88' lang='lat' dir='ltr'><strong>ut</strong></span> <span class='ocrx_word' id='word_1_160' title='bbox 724 1625 816 1688; x_wconf 90' lang='lat' dir='ltr'><strong>dicas</strong></span> <span class='ocrx_word' id='word_1_161' title='bbox 833 1631 1022 1701; x_wconf 61' lang='lat' dir='ltr'><strong>:Loquere</strong></span> <span class='ocrx_word' id='word_1_162' title='bbox 1036 1628 1105 1688; x_wconf 89' lang='lat' dir='ltr'><strong>Do-</strong></span> <span class='ocrx_word' id='word_1_163' title='bbox 1157 1627 1251 1690; x_wconf 88' lang='lat' dir='ltr'><strong>locus</strong></span> <span class='ocrx_word' id='word_1_164' title='bbox 1277 1628 1328 1690; x_wconf 89' lang='lat' dir='ltr'><strong>est</strong></span> <span class='ocrx_word' id='word_1_165' title='bbox 1350 1627 1485 1706; x_wconf 68' lang='lat' dir='ltr'><strong>quietim</strong></span> <span class='ocrx_word' id='word_1_166' title='bbox 1511 1643 1619 1705; x_wconf 90' lang='lat' dir='ltr'><strong>neque</strong></span> <span class='ocrx_word' id='word_1_167' title='bbox 1651 1626 1812 1688; x_wconf 88' lang='lat' dir='ltr'><strong>debemus</strong></span> <span class='ocrx_word' id='word_1_168' title='bbox 1843 1625 1963 1690; x_wconf 74' lang='lat' dir='ltr'><strong>uerbis</strong></span> 
     </span>
     <span class='ocr_line' id='line_1_15' title="bbox 307 1721 1963 1804; baseline -0.001 -19"><span class='ocrx_word' id='word_1_169' title='bbox 307 1726 509 1797; x_wconf 65' lang='lat' dir='ltr'><strong>malicorna</strong></span> <span class='ocrx_word' id='word_1_170' title='bbox 524 1724 622 1784; x_wconf 80' lang='lat' dir='ltr'><strong>ondit</strong></span> <span class='ocrx_word' id='word_1_171' title='bbox 634 1737 758 1785; x_wconf 74' lang='lat' dir='ltr'><strong>serum</strong></span> <span class='ocrx_word' id='word_1_172' title='bbox 773 1721 894 1803; x_wconf 73' lang='lat' dir='ltr'><strong>tnnts1(l</strong></span> <span class='ocrx_word' id='word_1_173' title='bbox 903 1726 983 1800; x_wconf 86' lang='lat' dir='ltr'><strong>Reg.</strong></span> <span class='ocrx_word' id='word_1_174' title='bbox 995 1739 1045 1796; x_wconf 90' lang='grc' dir='ltr'>ιιι,</span> <span class='ocrx_word' id='word_1_175' title='bbox 1056 1721 1102 1804; x_wconf 84' lang='grc'><strong>9).</strong></span> <span class='ocrx_word' id='word_1_176' title='bbox 1158 1741 1310 1788; x_wconf 88' lang='lat' dir='ltr'><strong>somnum</strong></span> <span class='ocrx_word' id='word_1_177' title='bbox 1329 1724 1503 1802; x_wconf 90' lang='lat' dir='ltr'><strong>impedire,</strong></span> <span class='ocrx_word' id='word_1_178' title='bbox 1523 1725 1560 1788; x_wconf 92' lang='lat' dir='ltr'><strong>ut</strong></span> <span class='ocrx_word' id='word_1_179' title='bbox 1578 1723 1619 1786; x_wconf 92' lang='lat' dir='ltr'><strong>ad</strong></span> <span class='ocrx_word' id='word_1_180' title='bbox 1639 1724 1821 1786; x_wconf 85' lang='lat' dir='ltr'><strong>matutinas</strong></span> <span class='ocrx_word' id='word_1_181' title='bbox 1838 1723 1963 1786; x_wconf 86' lang='lat' dir='ltr'><strong>laudes</strong></span> 
     </span>
     <span class='ocr_line' id='line_1_16' title="bbox 309 1818 1960 1900; baseline -0.002 -15"><span class='ocrx_word' id='word_1_182' title='bbox 309 1824 358 1885; x_wconf 88' lang='lat' dir='ltr'><strong>Ita</strong></span> <span class='ocrx_word' id='word_1_183' title='bbox 378 1822 489 1886; x_wconf 88' lang='lat' dir='ltr'><strong>tamen</strong></span> <span class='ocrx_word' id='word_1_184' title='bbox 508 1818 550 1881; x_wconf 89' lang='lat' dir='ltr'><strong>ab</strong></span> <span class='ocrx_word' id='word_1_185' title='bbox 569 1820 611 1880; x_wconf 90' lang='lat' dir='ltr'><strong>iis</strong></span> <span class='ocrx_word' id='word_1_186' title='bbox 630 1821 753 1892; x_wconf 89' lang='lat' dir='ltr'><strong>taceas,</strong></span> <span class='ocrx_word' id='word_1_187' title='bbox 782 1836 823 1880; x_wconf 87' lang='lat' dir='ltr'><strong>ne</strong></span> <span class='ocrx_word' id='word_1_188' title='bbox 844 1820 974 1883; x_wconf 87' lang='lat' dir='ltr'><strong>dederis</strong></span> <span class='ocrx_word' id='word_1_189' title='bbox 998 1821 1105 1882; x_wconf 89' lang='lat' dir='ltr'><strong>silen-</strong></span> <span class='ocrx_word' id='word_1_190' title='bbox 1157 1823 1330 1885; x_wconf 83' lang='lat' dir='ltr'><strong>valeamus</strong></span> <span class='ocrx_word' id='word_1_191' title='bbox 1342 1822 1528 1900; x_wconf 76' lang='lat' dir='ltr'><strong>paratiores</strong></span> <span class='ocrx_word' id='word_1_192' title='bbox 1542 1835 1690 1897; x_wconf 80' lang='lat' dir='ltr'><strong>surgere.</strong></span> <span class='ocrx_word' id='word_1_193' title='bbox 1707 1823 1803 1893; x_wconf 85' lang='lat' dir='ltr'><strong>lices,</strong></span> <span class='ocrx_word' id='word_1_194' title='bbox 1819 1819 1960 1891; x_wconf 80' lang='lat' dir='ltr'><strong>iratres,</strong></span> 
     </span>
     <span class='ocr_line' id='line_1_17' title="bbox 307 1917 1961 2002; baseline -0.004 -19"><span class='ocrx_word' id='word_1_195' title='bbox 307 1919 391 1983; x_wconf 89' lang='lat' dir='ltr'><strong>tium</strong></span> <span class='ocrx_word' id='word_1_196' title='bbox 436 1918 596 1990; x_wconf 89' lang='lat' dir='ltr'><strong>Domino,</strong></span> <span class='ocrx_word' id='word_1_197' title='bbox 634 1917 691 1978; x_wconf 89' lang='lat' dir='ltr'><strong>sed</strong></span> <span class='ocrx_word' id='word_1_198' title='bbox 736 1917 872 1996; x_wconf 91' lang='lat' dir='ltr'><strong>loquere</strong></span> <span class='ocrx_word' id='word_1_199' title='bbox 906 1919 957 1979; x_wconf 90' lang='lat' dir='ltr'><strong>illi</strong></span> <span class='ocrx_word' id='word_1_200' title='bbox 989 1920 1104 1981; x_wconf 87' lang='lat' dir='ltr'><strong>contra</strong></span> <span class='ocrx_word' id='word_1_201' title='bbox 1158 1921 1244 1998; x_wconf 92' lang='lat' dir='ltr'><strong>quod</strong></span> <span class='ocrx_word' id='word_1_202' title='bbox 1258 1935 1301 1982; x_wconf 84' lang='lat' dir='ltr'><strong>ex</strong></span> <span class='ocrx_word' id='word_1_203' title='bbox 1312 1921 1422 1982; x_wconf 87' lang='lat' dir='ltr'><strong>restra</strong></span> <span class='ocrx_word' id='word_1_204' title='bbox 1432 1918 1579 2002; x_wconf 74' lang='lat' dir='ltr'><strong>debeatis</strong></span> <span class='ocrx_word' id='word_1_205' title='bbox 1593 1917 1845 1996; x_wconf 69' lang='lat' dir='ltr'><strong>professiones</strong></span> <span class='ocrx_word' id='word_1_206' title='bbox 1860 1917 1961 1979; x_wconf 84' lang='lat' dir='ltr'><strong>nobis</strong></span> 
     </span>
     <span class='ocr_line' id='line_1_18' title="bbox 305 2015 1960 2096; baseline -0.001 -18"><span class='ocrx_word' id='word_1_207' title='bbox 305 2016 501 2096; x_wconf 80' lang='lat' dir='ltr'><strong>jactantiam</strong></span> <span class='ocrx_word' id='word_1_208' title='bbox 524 2017 560 2076; x_wconf 91' lang='lat' dir='ltr'><strong>in</strong></span> <span class='ocrx_word' id='word_1_209' title='bbox 585 2015 805 2089; x_wconf 81' lang='lat' dir='ltr'><strong>confessione,</strong></span> <span class='ocrx_word' id='word_1_210' title='bbox 826 2017 862 2079; x_wconf 91' lang='lat' dir='ltr'><strong>ut</strong></span> <span class='ocrx_word' id='word_1_211' title='bbox 878 2015 1030 2078; x_wconf 87' lang='lat' dir='ltr'><strong>obtineas</strong></span> <span class='ocrx_word' id='word_1_212' title='bbox 1045 2033 1106 2080; x_wconf 85' lang='lat' dir='ltr'><strong>ve·</strong></span> <span class='ocrx_word' id='word_1_213' title='bbox 1159 2017 1290 2095; x_wconf 90' lang='lat' dir='ltr'><strong>quidem</strong></span> <span class='ocrx_word' id='word_1_214' title='bbox 1315 2016 1394 2080; x_wconf 91' lang='lat' dir='ltr'><strong>licet</strong></span> <span class='ocrx_word' id='word_1_215' title='bbox 1413 2017 1634 2094; x_wconf 82' lang='lat' dir='ltr'><strong>negligentius</strong></span> <span class='ocrx_word' id='word_1_216' title='bbox 1659 2015 1795 2088; x_wconf 85' lang='lat' dir='ltr'><strong>dictum,</strong></span> <span class='ocrx_word' id='word_1_217' title='bbox 1819 2031 1840 2077; x_wconf 87' lang='lat' dir='ltr'><strong>a</strong></span> <span class='ocrx_word' id='word_1_218' title='bbox 1862 2015 1960 2077; x_wconf 85' lang='lat' dir='ltr'><strong>vobis</strong></span> 
     </span>
     <span class='ocr_line' id='line_1_19' title="bbox 308 2111 1958 2192; baseline -0.002 -15"><span class='ocrx_word' id='word_1_219' title='bbox 308 2115 398 2178; x_wconf 88' lang='lat' dir='ltr'><strong>niam</strong></span> <span class='ocrx_word' id='word_1_220' title='bbox 421 2113 463 2176; x_wconf 91' lang='lat' dir='ltr'><strong>de</strong></span> <span class='ocrx_word' id='word_1_221' title='bbox 489 2113 669 2192; x_wconf 71' lang='lat' dir='ltr'><strong>preterito.</strong></span> <span class='ocrx_word' id='word_1_222' title='bbox 690 2115 844 2191; x_wconf 90' lang='lat' dir='ltr'><strong>Loquere.</strong></span> <span class='ocrx_word' id='word_1_223' title='bbox 859 2114 896 2176; x_wconf 93' lang='lat' dir='ltr'><strong>in</strong></span> <span class='ocrx_word' id='word_1_224' title='bbox 921 2113 1104 2191; x_wconf 81' lang='lat' dir='ltr'><strong>gratiarum</strong></span> <span class='ocrx_word' id='word_1_225' title='bbox 1158 2117 1268 2178; x_wconf 88' lang='lat' dir='ltr'><strong>autem</strong></span> <span class='ocrx_word' id='word_1_226' title='bbox 1283 2115 1476 2192; x_wconf 89' lang='lat' dir='ltr'><strong>diligentius</strong></span> <span class='ocrx_word' id='word_1_227' title='bbox 1499 2114 1659 2177; x_wconf 87' lang='lat' dir='ltr'><strong>auditum.</strong></span> <span class='ocrx_word' id='word_1_228' title='bbox 1676 2111 1840 2191; x_wconf 80' lang='lat' dir='ltr'><strong>Reponite</strong></span> <span class='ocrx_word' id='word_1_229' title='bbox 1858 2115 1892 2176; x_wconf 88' lang='lat' dir='ltr'><strong>et</strong></span> <span class='ocrx_word' id='word_1_230' title='bbox 1914 2113 1958 2174; x_wconf 84' lang='lat' dir='ltr'><strong>il-</strong></span> 
     </span>
     <span class='ocr_line' id='line_1_20' title="bbox 308 2211 1960 2292; baseline -0.002 -17"><span class='ocrx_word' id='word_1_231' title='bbox 308 2214 438 2277; x_wconf 90' lang='lat' dir='ltr'><strong>actione</strong></span> <span class='ocrx_word' id='word_1_232' title='bbox 453 2213 568 2274; x_wconf 90' lang='lat' dir='ltr'><strong>contra</strong></span> <span class='ocrx_word' id='word_1_233' title='bbox 592 2211 899 2284; x_wconf 87' lang='lat' dir='ltr'><strong>murmurationem,</strong></span> <span class='ocrx_word' id='word_1_234' title='bbox 914 2213 950 2275; x_wconf 91' lang='lat' dir='ltr'><strong>ut</strong></span> <span class='ocrx_word' id='word_1_235' title='bbox 964 2213 1106 2291; x_wconf 90' lang='lat' dir='ltr'><strong>amplio-</strong></span> <span class='ocrx_word' id='word_1_236' title='bbox 1159 2212 1266 2276; x_wconf 91' lang='lat' dir='ltr'><strong>delius</strong></span> <span class='ocrx_word' id='word_1_237' title='bbox 1286 2213 1396 2276; x_wconf 88' lang='lat' dir='ltr'><strong>tenete</strong></span> <span class='ocrx_word' id='word_1_238' title='bbox 1415 2227 1489 2292; x_wconf 82' lang='lat' dir='ltr'><strong>ques</strong></span> <span class='ocrx_word' id='word_1_239' title='bbox 1509 2211 1668 2275; x_wconf 75' lang='lat' dir='ltr'><strong>diximus</strong></span> <span class='ocrx_word' id='word_1_240' title='bbox 1686 2211 1848 2289; x_wconf 84' lang='lat' dir='ltr'><strong>Negleeta</strong></span> <span class='ocrx_word' id='word_1_241' title='bbox 1867 2211 1960 2272; x_wconf 85' lang='lat' dir='ltr'><strong>euim</strong></span> 
     </span>
     <span class='ocr_line' id='line_1_21' title="bbox 295 2309 1959 2389; baseline -0.001 -17"><span class='ocrx_word' id='word_1_242' title='bbox 295 2313 379 2372; x_wconf 85' lang='lat' dir='ltr'><strong>&#39;rem</strong></span> <span class='ocrx_word' id='word_1_243' title='bbox 392 2310 545 2372; x_wconf 78' lang='lat' dir='ltr'><strong>invenias</strong></span> <span class='ocrx_word' id='word_1_244' title='bbox 559 2309 702 2387; x_wconf 81' lang='lat' dir='ltr'><strong>gratiam</strong></span> <span class='ocrx_word' id='word_1_245' title='bbox 716 2311 752 2371; x_wconf 91' lang='lat' dir='ltr'><strong>iu</strong></span> <span class='ocrx_word' id='word_1_246' title='bbox 770 2310 937 2388; x_wconf 77' lang='lat' dir='ltr'><strong>praesenti.</strong></span> <span class='ocrx_word' id='word_1_247' title='bbox 955 2313 1104 2389; x_wconf 84' lang='lat' dir='ltr'><strong>Loquere</strong></span> <span class='ocrx_word' id='word_1_248' title='bbox 1159 2313 1297 2374; x_wconf 86' lang='lat' dir='ltr'><strong>mortem</strong></span> <span class='ocrx_word' id='word_1_249' title='bbox 1321 2311 1492 2374; x_wconf 88' lang='lat' dir='ltr'><strong>minantur</strong></span> <span class='ocrx_word' id='word_1_250' title='bbox 1514 2309 1833 2386; x_wconf 81' lang='lat' dir='ltr'><strong>transgressoribus,</strong></span> <span class='ocrx_word' id='word_1_251' title='bbox 1854 2309 1959 2370; x_wconf 79' lang='lat' dir='ltr'><strong>sitam</strong></span> 
     </span>
     <span class='ocr_line' id='line_1_22' title="bbox 308 2406 1614 2488; baseline -0.003 -16"><span class='ocrx_word' id='word_1_252' title='bbox 308 2409 344 2472; x_wconf 92' lang='lat' dir='ltr'><strong>in</strong></span> <span class='ocrx_word' id='word_1_253' title='bbox 360 2408 511 2471; x_wconf 85' lang='lat' dir='ltr'><strong>oratione</strong></span> <span class='ocrx_word' id='word_1_254' title='bbox 525 2408 640 2470; x_wconf 78' lang='lat' dir='ltr'><strong>colna</strong></span> <span class='ocrx_word' id='word_1_255' title='bbox 659 2406 911 2486; x_wconf 89' lang='lat' dir='ltr'><strong>blasphemiam,</strong></span> <span class='ocrx_word' id='word_1_256' title='bbox 928 2411 964 2470; x_wconf 93' lang='lat' dir='ltr'><strong>ut</strong></span> <span class='ocrx_word' id='word_1_257' title='bbox 986 2423 1106 2470; x_wconf 88' lang='lat' dir='ltr'><strong>conse-</strong></span> <span class='ocrx_word' id='word_1_258' title='bbox 1158 2408 1335 2488; x_wconf 87' lang='lat' dir='ltr'><strong>acquirunt</strong></span> <span class='ocrx_word' id='word_1_259' title='bbox 1348 2407 1614 2486; x_wconf 85' lang='lat' dir='ltr'><strong>assequentibus.</strong></span> 
     </span>
     <span class='ocr_line' id='line_1_23' title="bbox 308 2504 1959 2586; baseline -0.002 -18"><span class='ocrx_word' id='word_1_260' title='bbox 308 2505 422 2586; x_wconf 79' lang='lat' dir='ltr'><strong>quasis</strong></span> <span class='ocrx_word' id='word_1_261' title='bbox 437 2505 578 2582; x_wconf 85' lang='lat' dir='ltr'><strong>gloriam</strong></span> <span class='ocrx_word' id='word_1_262' title='bbox 588 2504 624 2566; x_wconf 90' lang='lat' dir='ltr'><strong>in</strong></span> <span class='ocrx_word' id='word_1_263' title='bbox 634 2504 757 2568; x_wconf 79' lang='lat' dir='ltr'><strong>futuro.</strong></span> <span class='ocrx_word' id='word_1_264' title='bbox 769 2505 943 2578; x_wconf 81' lang='lat' dir='ltr'><strong>Confitere,</strong></span> <span class='ocrx_word' id='word_1_265' title='bbox 955 2505 1102 2584; x_wconf 91' lang='lat' dir='ltr'><strong>inquam,</strong></span> <span class='ocrx_word' id='word_1_266' title='bbox 1199 2507 1355 2585; x_wconf 84' lang='lat' dir='ltr'><strong>Sequitur</strong></span> <span class='ocrx_word' id='word_1_267' title='bbox 1377 2527 1385 2568; x_wconf 76' lang='grc' dir='ltr'>ι</span> <span class='ocrx_word' id='word_1_268' title='bbox 1409 2507 1567 2569; x_wconf 81' lang='lat' dir='ltr'><strong>Ministrt</strong></span> <span class='ocrx_word' id='word_1_269' title='bbox 1594 2507 1631 2568; x_wconf 85' lang='lat' dir='ltr'><strong>tn</strong></span> <span class='ocrx_word' id='word_1_270' title='bbox 1652 2505 1786 2581; x_wconf 77' lang='lat' dir='ltr'><strong>nuptiis</strong></span> <span class='ocrx_word' id='word_1_271' title='bbox 1808 2505 1959 2580; x_wconf 67' lang='grc' dir='ltr'><strong>ρωνιιιιι</strong></span> 
     </span>
     <span class='ocr_line' id='line_1_24' title="bbox 309 2602 1958 2682; baseline -0.002 -16"><span class='ocrx_word' id='word_1_272' title='bbox 309 2603 540 2682; x_wconf 74' lang='lat' dir='ltr'><strong>plenumst</strong></span> <span class='ocrx_word' id='word_1_273' title='bbox 562 2619 622 2680; x_wconf 92' lang='lat' dir='ltr'><strong>pro</strong></span> <span class='ocrx_word' id='word_1_274' title='bbox 645 2602 866 2682; x_wconf 88' lang='lat' dir='ltr'><strong>praesentibus</strong></span> <span class='ocrx_word' id='word_1_275' title='bbox 884 2603 1011 2680; x_wconf 84' lang='lat' dir='ltr'><strong>gratias</strong></span> <span class='ocrx_word' id='word_1_276' title='bbox 1029 2619 1102 2682; x_wconf 85' lang='lat' dir='ltr'><strong>age,</strong></span> <span class='ocrx_word' id='word_1_277' title='bbox 1158 2606 1320 2681; x_wconf 76' lang='lat' dir='ltr'><strong>Apostoli,</strong></span> <span class='ocrx_word' id='word_1_278' title='bbox 1343 2605 1376 2666; x_wconf 89' lang='lat' dir='ltr'><strong>et</strong></span> <span class='ocrx_word' id='word_1_279' title='bbox 1395 2605 1472 2668; x_wconf 90' lang='lat' dir='ltr'><strong>sunt</strong></span> <span class='ocrx_word' id='word_1_280' title='bbox 1492 2603 1589 2666; x_wconf 92' lang='lat' dir='ltr'><strong>modo</strong></span> <span class='ocrx_word' id='word_1_281' title='bbox 1610 2603 1763 2665; x_wconf 91' lang='lat' dir='ltr'><strong>doctores</strong></span> <span class='ocrx_word' id='word_1_282' title='bbox 1783 2602 1958 2674; x_wconf 68' lang='lat' dir='ltr'><strong>Ecclesia,</strong></span> 
     </span>
     <span class='ocr_line' id='line_1_25' title="bbox 311 2699 1960 2782; baseline -0.001 -18"><span class='ocrx_word' id='word_1_283' title='bbox 311 2717 351 2764; x_wconf 88' lang='lat' dir='ltr'><strong>ac</strong></span> <span class='ocrx_word' id='word_1_284' title='bbox 373 2701 529 2778; x_wconf 87' lang='lat' dir='ltr'><strong>deinceps</strong></span> <span class='ocrx_word' id='word_1_285' title='bbox 553 2715 612 2764; x_wconf 88' lang='lat' dir='ltr'><strong>ora</strong></span> <span class='ocrx_word' id='word_1_286' title='bbox 632 2701 812 2764; x_wconf 84' lang='lat' dir='ltr'><strong>studiosius</strong></span> <span class='ocrx_word' id='word_1_287' title='bbox 836 2701 1043 2779; x_wconf 83' lang='lat' dir='ltr'><strong>profuturis,</strong></span> <span class='ocrx_word' id='word_1_288' title='bbox 1070 2702 1105 2764; x_wconf 93' lang='lat' dir='ltr'><strong>ut</strong></span> <span class='ocrx_word' id='word_1_289' title='bbox 1158 2703 1214 2782; x_wconf 92' lang='lat' dir='ltr'><strong>qui</strong></span> <span class='ocrx_word' id='word_1_290' title='bbox 1227 2701 1347 2765; x_wconf 88' lang='lat' dir='ltr'><strong>debent</strong></span> <span class='ocrx_word' id='word_1_291' title='bbox 1356 2701 1469 2764; x_wconf 80' lang='lat' dir='ltr'><strong>uinum</strong></span> <span class='ocrx_word' id='word_1_292' title='bbox 1480 2701 1628 2774; x_wconf 92' lang='lat' dir='ltr'><strong>haurire,</strong></span> <span class='ocrx_word' id='word_1_293' title='bbox 1640 2701 1737 2772; x_wconf 89' lang='lat' dir='ltr'><strong>idest,</strong></span> <span class='ocrx_word' id='word_1_294' title='bbox 1748 2699 1960 2778; x_wconf 87' lang='lat' dir='ltr'><strong>spiritualem</strong></span> 
     </span>
     <span class='ocr_line' id='line_1_26' title="bbox 311 2797 1961 2878; baseline -0.004 -14"><span class='ocrx_word' id='word_1_295' title='bbox 311 2815 373 2864; x_wconf 88' lang='lat' dir='ltr'><strong>nec</strong></span> <span class='ocrx_word' id='word_1_296' title='bbox 396 2800 469 2878; x_wconf 92' lang='lat' dir='ltr'><strong>ipse</strong></span> <span class='ocrx_word' id='word_1_297' title='bbox 494 2799 625 2878; x_wconf 91' lang='lat' dir='ltr'><strong>quidem</strong></span> <span class='ocrx_word' id='word_1_298' title='bbox 649 2800 747 2862; x_wconf 86' lang='lat' dir='ltr'><strong>sileat</strong></span> <span class='ocrx_word' id='word_1_299' title='bbox 770 2801 847 2862; x_wconf 84' lang='lat' dir='ltr'><strong>ante</strong></span> <span class='ocrx_word' id='word_1_300' title='bbox 873 2799 1104 2862; x_wconf 88' lang='lat' dir='ltr'><strong>remissionem</strong></span> <span class='ocrx_word' id='word_1_301' title='bbox 1158 2799 1361 2862; x_wconf 89' lang='lat' dir='ltr'><strong>intellectum</strong></span> <span class='ocrx_word' id='word_1_302' title='bbox 1384 2800 1566 2877; x_wconf 86' lang='lat' dir='ltr'><strong>percipere,</strong></span> <span class='ocrx_word' id='word_1_303' title='bbox 1589 2798 1622 2861; x_wconf 89' lang='lat' dir='ltr'><strong>et</strong></span> <span class='ocrx_word' id='word_1_304' title='bbox 1639 2797 1880 2875; x_wconf 64' lang='lat' dir='ltr'><strong>architriclino</strong></span> <span class='ocrx_word' id='word_1_305' title='bbox 1899 2797 1961 2858; x_wconf 90' lang='lat' dir='ltr'><strong>de-</strong></span> 
     </span>
     <span class='ocr_line' id='line_1_27' title="bbox 291 2895 1960 2972; baseline -0.002 -13"><span class='ocrx_word' id='word_1_306' title='bbox 291 2898 487 2960; x_wconf 80' lang='lat' dir='ltr'><strong>&#39;criminum</strong></span> <span class='ocrx_word' id='word_1_307' title='bbox 514 2897 556 2958; x_wconf 90' lang='lat' dir='ltr'><strong>ab</strong></span> <span class='ocrx_word' id='word_1_308' title='bbox 588 2896 795 2959; x_wconf 87' lang='lat' dir='ltr'><strong>immissione</strong></span> <span class='ocrx_word' id='word_1_309' title='bbox 827 2898 1102 2972; x_wconf 84' lang='lat' dir='ltr'><strong>consolationum,</strong></span> <span class='ocrx_word' id='word_1_310' title='bbox 1159 2896 1257 2970; x_wconf 81' lang='lat' dir='ltr'><strong>serre,</strong></span> <span class='ocrx_word' id='word_1_311' title='bbox 1274 2898 1337 2960; x_wconf 89' lang='lat' dir='ltr'><strong>hoc</strong></span> <span class='ocrx_word' id='word_1_312' title='bbox 1357 2896 1463 2959; x_wconf 87' lang='lat' dir='ltr'><strong>estad</strong></span> <span class='ocrx_word' id='word_1_313' title='bbox 1488 2895 1649 2958; x_wconf 85' lang='lat' dir='ltr'><strong>honorem</strong></span> <span class='ocrx_word' id='word_1_314' title='bbox 1669 2895 1730 2958; x_wconf 82' lang='lat' dir='ltr'><strong>hei</strong></span> <span class='ocrx_word' id='word_1_315' title='bbox 1744 2895 1786 2958; x_wconf 86' lang='lat' dir='ltr'><strong>in</strong></span> <span class='ocrx_word' id='word_1_316' title='bbox 1807 2895 1960 2957; x_wconf 79' lang='lat' dir='ltr'><strong>ltcelesis</strong></span> 
     </span>
     <span class='ocr_line' id='line_1_28' title="bbox 309 2994 1958 3073; baseline -0.001 -16"><span class='ocrx_word' id='word_1_317' title='bbox 309 2995 387 3058; x_wconf 86' lang='lat' dir='ltr'><strong>aute</strong></span> <span class='ocrx_word' id='word_1_318' title='bbox 401 2994 656 3072; x_wconf 88' lang='lat' dir='ltr'><strong>promissionem</strong></span> <span class='ocrx_word' id='word_1_319' title='bbox 673 2994 896 3072; x_wconf 84' lang='lat' dir='ltr'><strong>praemiorum.</strong></span> <span class='ocrx_word' id='word_1_320' title='bbox 915 2995 965 3056; x_wconf 90' lang='lat' dir='ltr'><strong>Ne</strong></span> <span class='ocrx_word' id='word_1_321' title='bbox 981 2995 1103 3066; x_wconf 70' lang='lat' dir='ltr'><strong>taleas,</strong></span> <span class='ocrx_word' id='word_1_322' title='bbox 1159 2995 1351 3073; x_wconf 80' lang='lat' dir='ltr'><strong>predicare.</strong></span> <span class='ocrx_word' id='word_1_323' title='bbox 1383 2997 1501 3058; x_wconf 82' lang='lat' dir='ltr'><strong>Omnis</strong></span> <span class='ocrx_word' id='word_1_324' title='bbox 1523 2996 1623 3058; x_wconf 74' lang='lat' dir='ltr'><strong>borno</strong></span> <span class='ocrx_word' id='word_1_325' title='bbox 1649 2997 1808 3069; x_wconf 72' lang='lat' dir='ltr'><strong>pmneum</strong></span> <span class='ocrx_word' id='word_1_326' title='bbox 1829 2996 1958 3056; x_wconf 73' lang='lat' dir='ltr'><strong>boam</strong></span> 
     </span>
     <span class='ocr_line' id='line_1_29' title="bbox 308 3090 1959 3173; baseline -0.001 -19"><span class='ocrx_word' id='word_1_327' title='bbox 308 3093 455 3170; x_wconf 89' lang='lat' dir='ltr'><strong>inquam,</strong></span> <span class='ocrx_word' id='word_1_328' title='bbox 470 3105 512 3152; x_wconf 88' lang='lat' dir='ltr'><strong>ne</strong></span> <span class='ocrx_word' id='word_1_329' title='bbox 527 3090 690 3152; x_wconf 80' lang='lat' dir='ltr'><strong>indixeris</strong></span> <span class='ocrx_word' id='word_1_330' title='bbox 701 3091 733 3152; x_wconf 92' lang='lat' dir='ltr'><strong>ei</strong></span> <span class='ocrx_word' id='word_1_331' title='bbox 744 3091 924 3152; x_wconf 90' lang='lat' dir='ltr'><strong>silentium.</strong></span> <span class='ocrx_word' id='word_1_332' title='bbox 942 3093 1102 3169; x_wconf 84' lang='lat' dir='ltr'><strong>Loquere,</strong></span> <span class='ocrx_word' id='word_1_333' title='bbox 1159 3097 1279 3156; x_wconf 84' lang='lat' dir='ltr'><strong>vinnm</strong></span> <span class='ocrx_word' id='word_1_334' title='bbox 1291 3095 1452 3169; x_wconf 65' lang='lat' dir='ltr'><strong>pontt...</strong></span> <span class='ocrx_word' id='word_1_335' title='bbox 1470 3090 1558 3173; x_wconf 90' lang='lat' dir='ltr'><strong>(Jon.</strong></span> <span class='ocrx_word' id='word_1_336' title='bbox 1574 3108 1616 3165; x_wconf 92' lang='lat' dir='ltr'><strong>n,</strong></span> <span class='ocrx_word' id='word_1_337' title='bbox 1634 3091 1698 3171; x_wconf 82' lang='lat' dir='ltr'><strong>iil).</strong></span> <span class='ocrx_word' id='word_1_338' title='bbox 1708 3095 1828 3154; x_wconf 86' lang='lat' dir='ltr'><strong>Omnes</strong></span> <span class='ocrx_word' id='word_1_339' title='bbox 1838 3091 1959 3168; x_wconf 90' lang='lat' dir='ltr'><strong>philo-</strong></span> 
     </span>
     <span class='ocr_line' id='line_1_30' title="bbox 309 3187 1958 3269; baseline -0.002 -17"><span class='ocrx_word' id='word_1_340' title='bbox 309 3189 345 3252; x_wconf 89' lang='lat' dir='ltr'><strong>ut</strong></span> <span class='ocrx_word' id='word_1_341' title='bbox 358 3189 430 3267; x_wconf 90' lang='lat' dir='ltr'><strong>ipse</strong></span> <span class='ocrx_word' id='word_1_342' title='bbox 445 3188 612 3265; x_wconf 88' lang='lat' dir='ltr'><strong>loquatur,</strong></span> <span class='ocrx_word' id='word_1_343' title='bbox 628 3188 661 3250; x_wconf 90' lang='lat' dir='ltr'><strong>et</strong></span> <span class='ocrx_word' id='word_1_344' title='bbox 681 3187 795 3249; x_wconf 89' lang='lat' dir='ltr'><strong>dicere</strong></span> <span class='ocrx_word' id='word_1_345' title='bbox 807 3187 915 3265; x_wconf 89' lang='lat' dir='ltr'><strong>possis</strong></span> <span class='ocrx_word' id='word_1_346' title='bbox 930 3209 939 3250; x_wconf 77' lang='grc' dir='ltr'><strong><em>ε</em></strong></span> <span class='ocrx_word' id='word_1_347' title='bbox 956 3190 1105 3254; x_wconf 77' lang='lat' dir='ltr'><strong>Dilectus</strong></span> <span class='ocrx_word' id='word_1_348' title='bbox 1160 3190 1256 3268; x_wconf 89' lang='lat' dir='ltr'><strong>sophi</strong></span> <span class='ocrx_word' id='word_1_349' title='bbox 1277 3192 1311 3253; x_wconf 88' lang='lat' dir='ltr'><strong>et</strong></span> <span class='ocrx_word' id='word_1_350' title='bbox 1324 3191 1491 3269; x_wconf 86' lang='lat' dir='ltr'><strong>sapientes</strong></span> <span class='ocrx_word' id='word_1_351' title='bbox 1512 3188 1743 3268; x_wconf 87' lang='lat' dir='ltr'><strong>hujusmundi</strong></span> <span class='ocrx_word' id='word_1_352' title='bbox 1768 3187 1879 3266; x_wconf 86' lang='lat' dir='ltr'><strong>primo</strong></span> <span class='ocrx_word' id='word_1_353' title='bbox 1891 3203 1958 3264; x_wconf 87' lang='lat' dir='ltr'><strong>po·</strong></span> 
     </span>
     <span class='ocr_line' id='line_1_31' title="bbox 308 3282 1957 3367; baseline -0.002 -17"><span class='ocrx_word' id='word_1_354' title='bbox 308 3301 406 3350; x_wconf 86' lang='lat' dir='ltr'><strong>mens</strong></span> <span class='ocrx_word' id='word_1_355' title='bbox 428 3287 532 3359; x_wconf 85' lang='lat' dir='ltr'><strong>mibi,</strong></span> <span class='ocrx_word' id='word_1_356' title='bbox 548 3286 583 3348; x_wconf 83' lang='lat' dir='ltr'><strong>ct</strong></span> <span class='ocrx_word' id='word_1_357' title='bbox 607 3299 669 3363; x_wconf 73' lang='lat' dir='ltr'><strong>cuo</strong></span> <span class='ocrx_word' id='word_1_358' title='bbox 690 3287 738 3348; x_wconf 81' lang='lat' dir='ltr'><strong>itit</strong></span> <span class='ocrx_word' id='word_1_359' title='bbox 759 3282 868 3364; x_wconf 86' lang='lat' dir='ltr'><strong>(Cant.</strong></span> <span class='ocrx_word' id='word_1_360' title='bbox 891 3301 934 3359; x_wconf 90' lang='grc' dir='ltr'><strong>ιι,</strong></span> <span class='ocrx_word' id='word_1_361' title='bbox 959 3285 1024 3367; x_wconf 84' lang='grc'><strong>16).</strong></span> <span class='ocrx_word' id='word_1_362' title='bbox 1039 3289 1104 3350; x_wconf 84' lang='lat' dir='ltr'><strong>tu·</strong></span> <span class='ocrx_word' id='word_1_363' title='bbox 1159 3289 1242 3350; x_wconf 92' lang='lat' dir='ltr'><strong>nunt</strong></span> <span class='ocrx_word' id='word_1_364' title='bbox 1255 3286 1377 3350; x_wconf 88' lang='lat' dir='ltr'><strong>bonum</strong></span> <span class='ocrx_word' id='word_1_365' title='bbox 1391 3289 1506 3350; x_wconf 85' lang='lat' dir='ltr'><strong>riuum</strong></span> <span class='ocrx_word' id='word_1_366' title='bbox 1523 3288 1602 3366; x_wconf 81' lang='lat' dir='ltr'><strong>quia</strong></span> <span class='ocrx_word' id='word_1_367' title='bbox 1620 3301 1775 3363; x_wconf 87' lang='lat' dir='ltr'><strong>magnam</strong></span> <span class='ocrx_word' id='word_1_368' title='bbox 1789 3285 1957 3363; x_wconf 87' lang='lat' dir='ltr'><strong>eloquen-</strong></span> 
     </span>
     <span class='ocr_line' id='line_1_32' title="bbox 308 3383 1958 3465; baseline -0.002 -17"><span class='ocrx_word' id='word_1_369' title='bbox 308 3385 417 3448; x_wconf 89' lang='lat' dir='ltr'><strong>cunda</strong></span> <span class='ocrx_word' id='word_1_370' title='bbox 439 3399 517 3453; x_wconf 79' lang='lat' dir='ltr'><strong>nox,</strong></span> <span class='ocrx_word' id='word_1_371' title='bbox 546 3384 581 3446; x_wconf 91' lang='lat' dir='ltr'><strong>et</strong></span> <span class='ocrx_word' id='word_1_372' title='bbox 606 3383 773 3462; x_wconf 90' lang='lat' dir='ltr'><strong>eloquium</strong></span> <span class='ocrx_word' id='word_1_373' title='bbox 795 3383 915 3446; x_wconf 86' lang='lat' dir='ltr'><strong>dulcet</strong></span> <span class='ocrx_word' id='word_1_374' title='bbox 939 3385 1105 3449; x_wconf 88' lang='lat' dir='ltr'><strong>Nimirum</strong></span> <span class='ocrx_word' id='word_1_375' title='bbox 1159 3387 1239 3449; x_wconf 92' lang='lat' dir='ltr'><strong>tiam</strong></span> <span class='ocrx_word' id='word_1_376' title='bbox 1261 3385 1433 3465; x_wconf 88' lang='lat' dir='ltr'><strong>proiemut</strong></span> <span class='ocrx_word' id='word_1_377' title='bbox 1453 3385 1578 3448; x_wconf 86' lang='lat' dir='ltr'><strong>inflatis</strong></span> <span class='ocrx_word' id='word_1_378' title='bbox 1602 3384 1733 3460; x_wconf 85' lang='lat' dir='ltr'><strong>buccis;</strong></span> <span class='ocrx_word' id='word_1_379' title='bbox 1758 3383 1817 3445; x_wconf 90' lang='lat' dir='ltr'><strong>sed</strong></span> <span class='ocrx_word' id='word_1_380' title='bbox 1839 3385 1958 3461; x_wconf 85' lang='lat' dir='ltr'><strong>postes</strong></span> 
     </span>
     <span class='ocr_line' id='line_1_33' title="bbox 307 3480 1958 3562; baseline -0.003 -14"><span class='ocrx_word' id='word_1_381' title='bbox 307 3499 375 3548; x_wconf 84' lang='lat' dir='ltr'><strong>non</strong></span> <span class='ocrx_word' id='word_1_382' title='bbox 388 3498 455 3546; x_wconf 80' lang='lat' dir='ltr'><strong>nox</strong></span> <span class='ocrx_word' id='word_1_383' title='bbox 469 3482 650 3544; x_wconf 88' lang='lat' dir='ltr'><strong>murmuris</strong></span> <span class='ocrx_word' id='word_1_384' title='bbox 669 3481 742 3544; x_wconf 88' lang='lat' dir='ltr'><strong>haec</strong></span> <span class='ocrx_word' id='word_1_385' title='bbox 764 3481 826 3554; x_wconf 89' lang='lat' dir='ltr'><strong>est,</strong></span> <span class='ocrx_word' id='word_1_386' title='bbox 843 3481 900 3544; x_wconf 91' lang='lat' dir='ltr'><strong>sed</strong></span> <span class='ocrx_word' id='word_1_387' title='bbox 914 3499 982 3544; x_wconf 83' lang='lat' dir='ltr'><strong>vox</strong></span> <span class='ocrx_word' id='word_1_388' title='bbox 995 3484 1106 3547; x_wconf 90' lang='lat' dir='ltr'><strong>turtu-</strong></span> <span class='ocrx_word' id='word_1_389' title='bbox 1159 3485 1286 3562; x_wconf 90' lang='lat' dir='ltr'><strong>ponunt</strong></span> <span class='ocrx_word' id='word_1_390' title='bbox 1299 3484 1333 3546; x_wconf 91' lang='lat' dir='ltr'><strong>id</strong></span> <span class='ocrx_word' id='word_1_391' title='bbox 1350 3484 1437 3562; x_wconf 93' lang='lat' dir='ltr'><strong>quod</strong></span> <span class='ocrx_word' id='word_1_392' title='bbox 1452 3483 1598 3546; x_wconf 86' lang='lat' dir='ltr'><strong>deterius</strong></span> <span class='ocrx_word' id='word_1_393' title='bbox 1612 3483 1675 3555; x_wconf 88' lang='lat' dir='ltr'><strong>est,</strong></span> <span class='ocrx_word' id='word_1_394' title='bbox 1686 3481 1764 3560; x_wconf 90' lang='lat' dir='ltr'><strong>quia</strong></span> <span class='ocrx_word' id='word_1_395' title='bbox 1774 3480 1860 3542; x_wconf 88' lang='lat' dir='ltr'><strong>nihil</strong></span> <span class='ocrx_word' id='word_1_396' title='bbox 1875 3481 1958 3543; x_wconf 81' lang='lat' dir='ltr'><strong>utris</strong></span> 
     </span>
     <span class='ocr_line' id='line_1_34' title="bbox 306 3575 1958 3659; baseline -0.002 -16"><span class='ocrx_word' id='word_1_397' title='bbox 306 3581 366 3644; x_wconf 87' lang='lat' dir='ltr'><strong>ris.</strong></span> <span class='ocrx_word' id='word_1_398' title='bbox 384 3584 489 3644; x_wconf 87' lang='lat' dir='ltr'><strong>Porro</strong></span> <span class='ocrx_word' id='word_1_399' title='bbox 511 3581 645 3659; x_wconf 90' lang='lat' dir='ltr'><strong>quidam</strong></span> <span class='ocrx_word' id='word_1_400' title='bbox 667 3580 767 3658; x_wconf 87' lang='lat' dir='ltr'><strong>hujus</strong></span> <span class='ocrx_word' id='word_1_401' title='bbox 790 3580 950 3659; x_wconf 88' lang='lat' dir='ltr'><strong>temporis</strong></span> <span class='ocrx_word' id='word_1_402' title='bbox 974 3581 1105 3659; x_wconf 83' lang='lat' dir='ltr'><strong>praelati</strong></span> <span class='ocrx_word' id='word_1_403' title='bbox 1159 3582 1377 3644; x_wconf 83' lang='lat' dir='ltr'><strong>inveniturin</strong></span> <span class='ocrx_word' id='word_1_404' title='bbox 1392 3579 1544 3642; x_wconf 89' lang='lat' dir='ltr'><strong>sensibus</strong></span> <span class='ocrx_word' id='word_1_405' title='bbox 1563 3579 1741 3642; x_wconf 76' lang='lat' dir='ltr'><strong>verborum</strong></span> <span class='ocrx_word' id='word_1_406' title='bbox 1752 3579 1851 3656; x_wconf 83' lang='lat' dir='ltr'><strong>Juxta</strong></span> <span class='ocrx_word' id='word_1_407' title='bbox 1875 3575 1958 3640; x_wconf 90' lang='lat' dir='ltr'><strong>illud</strong></span> 
     </span>
     <span class='ocr_line' id='line_1_35' title="bbox 308 3676 1960 3756; baseline -0.002 -14"><span class='ocrx_word' id='word_1_408' title='bbox 308 3678 349 3742; x_wconf 89' lang='lat' dir='ltr'><strong>oh</strong></span> <span class='ocrx_word' id='word_1_409' title='bbox 363 3679 561 3742; x_wconf 87' lang='lat' dir='ltr'><strong>relevandas</strong></span> <span class='ocrx_word' id='word_1_410' title='bbox 576 3677 793 3756; x_wconf 87' lang='lat' dir='ltr'><strong>quorumdam</strong></span> <span class='ocrx_word' id='word_1_411' title='bbox 808 3676 947 3740; x_wconf 78' lang='lat' dir='ltr'><strong>fratrum</strong></span> <span class='ocrx_word' id='word_1_412' title='bbox 963 3678 1106 3741; x_wconf 85' lang='lat' dir='ltr'><strong>infirmi-</strong></span> <span class='ocrx_word' id='word_1_413' title='bbox 1159 3680 1255 3742; x_wconf 82' lang='lat' dir='ltr'><strong>Isaiae</strong></span> <span class='ocrx_word' id='word_1_414' title='bbox 1271 3701 1278 3739; x_wconf 75' lang='grc' dir='ltr'><strong><em>ε</em></strong></span> <span class='ocrx_word' id='word_1_415' title='bbox 1295 3683 1374 3742; x_wconf 89' lang='lat' dir='ltr'><strong>Non</strong></span> <span class='ocrx_word' id='word_1_416' title='bbox 1388 3681 1517 3741; x_wconf 80' lang='lat' dir='ltr'><strong>videbis</strong></span> <span class='ocrx_word' id='word_1_417' title='bbox 1528 3680 1693 3754; x_wconf 73' lang='lat' dir='ltr'><strong>popilium</strong></span> <span class='ocrx_word' id='word_1_418' title='bbox 1705 3677 1767 3740; x_wconf 78' lang='lat' dir='ltr'><strong>atti</strong></span> <span class='ocrx_word' id='word_1_419' title='bbox 1784 3680 1960 3739; x_wconf 66' lang='lat' dir='ltr'><strong>sennem</strong></span> 
     </span>
     <span class='ocr_line' id='line_1_36' title="bbox 306 3771 1956 3855; baseline -0.004 -15"><span class='ocrx_word' id='word_1_420' title='bbox 306 3779 408 3851; x_wconf 85' lang='lat' dir='ltr'><strong>tates,</strong></span> <span class='ocrx_word' id='word_1_421' title='bbox 436 3779 570 3855; x_wconf 89' lang='lat' dir='ltr'><strong>propter</strong></span> <span class='ocrx_word' id='word_1_422' title='bbox 602 3775 803 3853; x_wconf 89' lang='lat' dir='ltr'><strong>supplendas</strong></span> <span class='ocrx_word' id='word_1_423' title='bbox 831 3776 991 3854; x_wconf 88' lang='lat' dir='ltr'><strong>quasdam</strong></span> <span class='ocrx_word' id='word_1_424' title='bbox 1021 3793 1106 3855; x_wconf 92' lang='lat' dir='ltr'><strong>quc-</strong></span> <span class='ocrx_word' id='word_1_425' title='bbox 1159 3781 1195 3839; x_wconf 83' lang='lat' dir='ltr'><strong>tn</strong></span> <span class='ocrx_word' id='word_1_426' title='bbox 1209 3791 1275 3852; x_wconf 86' lang='lat' dir='ltr'><strong>qno</strong></span> <span class='ocrx_word' id='word_1_427' title='bbox 1296 3783 1389 3840; x_wconf 71' lang='lat' dir='ltr'><strong>narbo</strong></span> <span class='ocrx_word' id='word_1_428' title='bbox 1408 3777 1462 3839; x_wconf 86' lang='lat' dir='ltr'><strong>est</strong></span> <span class='ocrx_word' id='word_1_429' title='bbox 1486 3776 1660 3852; x_wconf 82' lang='lat' dir='ltr'><strong>supientia</strong></span> <span class='ocrx_word' id='word_1_430' title='bbox 1675 3773 1733 3854; x_wconf 93' lang='lat' dir='ltr'><strong>(ls.</strong></span> <span class='ocrx_word' id='word_1_431' title='bbox 1748 3787 1874 3847; x_wconf 78' lang='lat' dir='ltr'><strong>nnn,</strong></span> <span class='ocrx_word' id='word_1_432' title='bbox 1888 3771 1956 3852; x_wconf 82' lang='lat' dir='ltr'><strong>le.)</strong></span> 
     </span>
     <span class='ocr_line' id='line_1_37' title="bbox 309 3870 1955 3953; baseline -0.004 -17"><span class='ocrx_word' id='word_1_433' title='bbox 309 3875 459 3938; x_wconf 86' lang='lat' dir='ltr'><strong>rumdam</strong></span> <span class='ocrx_word' id='word_1_434' title='bbox 474 3873 701 3945; x_wconf 88' lang='lat' dir='ltr'><strong>necessitates,</strong></span> <span class='ocrx_word' id='word_1_435' title='bbox 718 3871 836 3934; x_wconf 89' lang='lat' dir='ltr'><strong>diebus</strong></span> <span class='ocrx_word' id='word_1_436' title='bbox 849 3873 994 3946; x_wconf 88' lang='lat' dir='ltr'><strong>statutis,</strong></span> <span class='ocrx_word' id='word_1_437' title='bbox 1010 3873 1104 3936; x_wconf 90' lang='lat' dir='ltr'><strong>horis</strong></span> <span class='ocrx_word' id='word_1_438' title='bbox 1159 3873 1224 3936; x_wconf 83' lang='lat' dir='ltr'><strong>Sed</strong></span> <span class='ocrx_word' id='word_1_439' title='bbox 1239 3889 1380 3953; x_wconf 87' lang='lat' dir='ltr'><strong>sponsus</strong></span> <span class='ocrx_word' id='word_1_440' title='bbox 1396 3873 1553 3936; x_wconf 77' lang='lat' dir='ltr'><strong>Ecclesiae</strong></span> <span class='ocrx_word' id='word_1_441' title='bbox 1567 3873 1678 3934; x_wconf 86' lang='lat' dir='ltr'><strong>serrat</strong></span> <span class='ocrx_word' id='word_1_442' title='bbox 1689 3871 1813 3934; x_wconf 89' lang='lat' dir='ltr'><strong>bonum</strong></span> <span class='ocrx_word' id='word_1_443' title='bbox 1827 3871 1864 3932; x_wconf 90' lang='lat' dir='ltr'><strong>in</strong></span> <span class='ocrx_word' id='word_1_444' title='bbox 1875 3870 1955 3943; x_wconf 84' lang='lat' dir='ltr'><strong>hue,</strong></span> 
     </span>
     <span class='ocr_line' id='line_1_38' title="bbox 309 3967 1956 4051; baseline -0.004 -17"><span class='ocrx_word' id='word_1_445' title='bbox 309 3972 581 4051; x_wconf 86' lang='lat' dir='ltr'><strong>competentibus,</strong></span> <span class='ocrx_word' id='word_1_446' title='bbox 600 3971 796 4050; x_wconf 88' lang='lat' dir='ltr'><strong>quibusdam</strong></span> <span class='ocrx_word' id='word_1_447' title='bbox 815 3970 851 4032; x_wconf 91' lang='lat' dir='ltr'><strong>in</strong></span> <span class='ocrx_word' id='word_1_448' title='bbox 866 3971 1023 4034; x_wconf 86' lang='lat' dir='ltr'><strong>claustris</strong></span> <span class='ocrx_word' id='word_1_449' title='bbox 1034 3971 1104 4032; x_wconf 90' lang='lat' dir='ltr'><strong>lin·-</strong></span> <span class='ocrx_word' id='word_1_450' title='bbox 1160 3987 1262 4049; x_wconf 90' lang='lat' dir='ltr'><strong>quare</strong></span> <span class='ocrx_word' id='word_1_451' title='bbox 1274 3973 1381 4050; x_wconf 92' lang='lat' dir='ltr'><strong>primo</strong></span> <span class='ocrx_word' id='word_1_452' title='bbox 1394 3971 1547 4050; x_wconf 90' lang='lat' dir='ltr'><strong>proponit</strong></span> <span class='ocrx_word' id='word_1_453' title='bbox 1561 3969 1784 4048; x_wconf 79' lang='lat' dir='ltr'><strong>perductores</strong></span> <span class='ocrx_word' id='word_1_454' title='bbox 1797 3967 1956 4030; x_wconf 70' lang='lat' dir='ltr'><strong>Ecclesiae</strong></span> 
     </span>
     <span class='ocr_line' id='line_1_39' title="bbox 310 4065 1954 4147; baseline -0.002 -16"><span class='ocrx_word' id='word_1_455' title='bbox 310 4087 392 4146; x_wconf 84' lang='lat' dir='ltr'><strong>guas</strong></span> <span class='ocrx_word' id='word_1_456' title='bbox 409 4069 451 4132; x_wconf 90' lang='lat' dir='ltr'><strong>ad</strong></span> <span class='ocrx_word' id='word_1_457' title='bbox 466 4068 667 4147; x_wconf 89' lang='lat' dir='ltr'><strong>loquendum</strong></span> <span class='ocrx_word' id='word_1_458' title='bbox 681 4069 766 4132; x_wconf 86' lang='lat' dir='ltr'><strong>solvi</strong></span> <span class='ocrx_word' id='word_1_459' title='bbox 781 4069 977 4146; x_wconf 89' lang='lat' dir='ltr'><strong>permittunt</strong></span> <span class='ocrx_word' id='word_1_460' title='bbox 990 4066 1031 4130; x_wconf 86' lang='lat' dir='ltr'><strong>ad</strong></span> <span class='ocrx_word' id='word_1_461' title='bbox 1045 4067 1106 4130; x_wconf 89' lang='lat' dir='ltr'><strong>be·</strong></span> <span class='ocrx_word' id='word_1_462' title='bbox 1159 4067 1342 4147; x_wconf 87' lang='lat' dir='ltr'><strong>simplicem</strong></span> <span class='ocrx_word' id='word_1_463' title='bbox 1366 4069 1521 4137; x_wconf 86' lang='lat' dir='ltr'><strong>litteram,</strong></span> <span class='ocrx_word' id='word_1_464' title='bbox 1551 4069 1584 4131; x_wconf 93' lang='lat' dir='ltr'><strong>et</strong></span> <span class='ocrx_word' id='word_1_465' title='bbox 1607 4067 1721 4146; x_wconf 87' lang='lat' dir='ltr'><strong>postea</strong></span> <span class='ocrx_word' id='word_1_466' title='bbox 1745 4065 1954 4144; x_wconf 85' lang='lat' dir='ltr'><strong>spiritualem</strong></span> 
     </span>
     <span class='ocr_line' id='line_1_40' title="bbox 309 4163 1955 4244; baseline -0.002 -17"><span class='ocrx_word' id='word_1_467' title='bbox 309 4166 531 4229; x_wconf 88' lang='lat' dir='ltr'><strong>nedicendum</strong></span> <span class='ocrx_word' id='word_1_468' title='bbox 542 4167 655 4228; x_wconf 71' lang='lat' dir='ltr'><strong>umen</strong></span> <span class='ocrx_word' id='word_1_469' title='bbox 668 4166 943 4228; x_wconf 77' lang='lat' dir='ltr'><strong>erinstructione</strong></span> <span class='ocrx_word' id='word_1_470' title='bbox 956 4167 1103 4228; x_wconf 80' lang='lat' dir='ltr'><strong>tratrem.</strong></span> <span class='ocrx_word' id='word_1_471' title='bbox 1160 4167 1268 4244; x_wconf 84' lang='lat' dir='ltr'><strong>aperit</strong></span> <span class='ocrx_word' id='word_1_472' title='bbox 1287 4166 1553 4243; x_wconf 88' lang='lat' dir='ltr'><strong>intelligentiam.</strong></span> <span class='ocrx_word' id='word_1_473' title='bbox 1574 4166 1690 4240; x_wconf 78' lang='lat' dir='ltr'><strong>Aliter,</strong></span> <span class='ocrx_word' id='word_1_474' title='bbox 1714 4163 1955 4242; x_wconf 85' lang='lat' dir='ltr'><strong>hypocritarel</strong></span> 
     </span>
     <span class='ocr_line' id='line_1_41' title="bbox 309 4259 1954 4344; baseline -0.002 -19"><span class='ocrx_word' id='word_1_475' title='bbox 309 4263 358 4325; x_wconf 79' lang='lat' dir='ltr'><strong>Ad</strong></span> <span class='ocrx_word' id='word_1_476' title='bbox 383 4263 469 4342; x_wconf 89' lang='lat' dir='ltr'><strong>quod</strong></span> <span class='ocrx_word' id='word_1_477' title='bbox 496 4263 615 4325; x_wconf 88' lang='lat' dir='ltr'><strong>invitat</strong></span> <span class='ocrx_word' id='word_1_478' title='bbox 637 4265 671 4324; x_wconf 93' lang='lat' dir='ltr'><strong>et</strong></span> <span class='ocrx_word' id='word_1_479' title='bbox 695 4263 876 4340; x_wconf 88' lang='lat' dir='ltr'><strong>praemonet</strong></span> <span class='ocrx_word' id='word_1_480' title='bbox 896 4263 953 4342; x_wconf 90' lang='lat' dir='ltr'><strong>qui</strong></span> <span class='ocrx_word' id='word_1_481' title='bbox 978 4265 1105 4342; x_wconf 87' lang='lat' dir='ltr'><strong>primus</strong></span> <span class='ocrx_word' id='word_1_482' title='bbox 1160 4267 1336 4327; x_wconf 83' lang='lat' dir='ltr'><strong>haereticus</strong></span> <span class='ocrx_word' id='word_1_483' title='bbox 1364 4266 1507 4344; x_wconf 89' lang='lat' dir='ltr'><strong>primum</strong></span> <span class='ocrx_word' id='word_1_484' title='bbox 1543 4263 1666 4326; x_wconf 88' lang='lat' dir='ltr'><strong>bonum</strong></span> <span class='ocrx_word' id='word_1_485' title='bbox 1699 4261 1816 4324; x_wconf 85' lang='lat' dir='ltr'><strong>riuum</strong></span> <span class='ocrx_word' id='word_1_486' title='bbox 1850 4259 1954 4339; x_wconf 82' lang='lat' dir='ltr'><strong>pouit,</strong></span> 
     </span>
     <span class='ocr_line' id='line_1_42' title="bbox 311 4355 1956 4441; baseline -0.002 -19"><span class='ocrx_word' id='word_1_487' title='bbox 311 4360 488 4424; x_wconf 85' lang='lat' dir='ltr'><strong>couventui</strong></span> <span class='ocrx_word' id='word_1_488' title='bbox 503 4359 605 4422; x_wconf 87' lang='lat' dir='ltr'><strong>dicit:</strong></span> <span class='ocrx_word' id='word_1_489' title='bbox 625 4361 833 4433; x_wconf 78' lang='lat' dir='ltr'><strong>senecione,</strong></span> <span class='ocrx_word' id='word_1_490' title='bbox 849 4361 953 4424; x_wconf 88' lang='lat' dir='ltr'><strong>etalii</strong></span> <span class='ocrx_word' id='word_1_491' title='bbox 967 4377 1107 4440; x_wconf 87' lang='lat' dir='ltr'><strong>respon·</strong></span> <span class='ocrx_word' id='word_1_492' title='bbox 1160 4363 1260 4434; x_wconf 89' lang='lat' dir='ltr'><strong>idest,</strong></span> <span class='ocrx_word' id='word_1_493' title='bbox 1286 4365 1321 4424; x_wconf 93' lang='lat' dir='ltr'><strong>in</strong></span> <span class='ocrx_word' id='word_1_494' title='bbox 1342 4363 1507 4441; x_wconf 88' lang='lat' dir='ltr'><strong>principio</strong></span> <span class='ocrx_word' id='word_1_495' title='bbox 1534 4375 1651 4423; x_wconf 89' lang='lat' dir='ltr'><strong>sanam</strong></span> <span class='ocrx_word' id='word_1_496' title='bbox 1678 4355 1875 4432; x_wconf 87' lang='lat' dir='ltr'><strong>doctrinam,</strong></span> <span class='ocrx_word' id='word_1_497' title='bbox 1903 4358 1956 4420; x_wconf 81' lang='lat' dir='ltr'><strong>rel</strong></span> 
     </span>
     <span class='ocr_line' id='line_1_43' title="bbox 311 4455 1955 4532; baseline -0.002 -12"><span class='ocrx_word' id='word_1_498' title='bbox 311 4459 389 4522; x_wconf 89' lang='lat' dir='ltr'><strong>deut</strong></span> <span class='ocrx_word' id='word_1_499' title='bbox 404 4481 410 4520; x_wconf 91' lang='lat'><strong>:</strong></span> <span class='ocrx_word' id='word_1_500' title='bbox 427 4461 606 4520; x_wconf 80' lang='lat' dir='ltr'><strong>Dominus.</strong></span> <span class='ocrx_word' id='word_1_501' title='bbox 620 4461 667 4520; x_wconf 78' lang='lat' dir='ltr'><strong>Ac</strong></span> <span class='ocrx_word' id='word_1_502' title='bbox 681 4457 711 4519; x_wconf 90' lang='lat' dir='ltr'><strong>si</strong></span> <span class='ocrx_word' id='word_1_503' title='bbox 725 4456 833 4519; x_wconf 85' lang='lat' dir='ltr'><strong>dicat:</strong></span> <span class='ocrx_word' id='word_1_504' title='bbox 848 4461 1018 4522; x_wconf 81' lang='lat' dir='ltr'><strong>Dominus</strong></span> <span class='ocrx_word' id='word_1_505' title='bbox 1030 4474 1107 4522; x_wconf 86' lang='lat' dir='ltr'><strong>con·</strong></span> <span class='ocrx_word' id='word_1_506' title='bbox 1160 4460 1334 4523; x_wconf 88' lang='lat' dir='ltr'><strong>honestam</strong></span> <span class='ocrx_word' id='word_1_507' title='bbox 1349 4459 1486 4522; x_wconf 82' lang='lat' dir='ltr'><strong>exhibet</strong></span> <span class='ocrx_word' id='word_1_508' title='bbox 1507 4457 1621 4532; x_wconf 81' lang='lat' dir='ltr'><strong>ultam,</strong></span> <span class='ocrx_word' id='word_1_509' title='bbox 1645 4457 1681 4520; x_wconf 90' lang='lat' dir='ltr'><strong>ut</strong></span> <span class='ocrx_word' id='word_1_510' title='bbox 1701 4471 1777 4519; x_wconf 85' lang='lat' dir='ltr'><strong>oum</strong></span> <span class='ocrx_word' id='word_1_511' title='bbox 1798 4455 1955 4518; x_wconf 84' lang='lat' dir='ltr'><strong>inebriati</strong></span> 
     </span>
     <span class='ocr_line' id='line_1_44' title="bbox 311 4553 1954 4639; baseline -0.002 -21"><span class='ocrx_word' id='word_1_512' title='bbox 311 4559 409 4620; x_wconf 84' lang='lat' dir='ltr'><strong>cedat</strong></span> <span class='ocrx_word' id='word_1_513' title='bbox 428 4557 467 4618; x_wconf 88' lang='lat' dir='ltr'><strong>nt</strong></span> <span class='ocrx_word' id='word_1_514' title='bbox 491 4558 739 4628; x_wconf 80' lang='lat' dir='ltr'><strong>bcteedtcnmns,</strong></span> <span class='ocrx_word' id='word_1_515' title='bbox 760 4571 830 4618; x_wconf 89' lang='lat' dir='ltr'><strong>non</strong></span> <span class='ocrx_word' id='word_1_516' title='bbox 849 4560 1104 4621; x_wconf 80' lang='lat' dir='ltr'><strong>nmtcdtccmus.</strong></span> <span class='ocrx_word' id='word_1_517' title='bbox 1160 4557 1464 4639; x_wconf 63' lang='lat' dir='ltr'><strong>luerinthomines„</strong></span> <span class='ocrx_word' id='word_1_518' title='bbox 1480 4559 1560 4619; x_wconf 88' lang='lat' dir='ltr'><strong>tunc</strong></span> <span class='ocrx_word' id='word_1_519' title='bbox 1575 4555 1607 4616; x_wconf 90' lang='lat' dir='ltr'><strong>id</strong></span> <span class='ocrx_word' id='word_1_520' title='bbox 1628 4553 1715 4633; x_wconf 92' lang='lat' dir='ltr'><strong>quod</strong></span> <span class='ocrx_word' id='word_1_521' title='bbox 1731 4553 1879 4617; x_wconf 88' lang='lat' dir='ltr'><strong>deterius</strong></span> <span class='ocrx_word' id='word_1_522' title='bbox 1892 4555 1954 4624; x_wconf 84' lang='lat' dir='ltr'><strong>est,</strong></span> 
     </span>
     <span class='ocr_line' id='line_1_45' title="bbox 351 4649 1957 4733; baseline -0.004 -15"><span class='ocrx_word' id='word_1_523' title='bbox 351 4657 421 4718; x_wconf 85' lang='lat' dir='ltr'><strong>Hoc</strong></span> <span class='ocrx_word' id='word_1_524' title='bbox 435 4655 471 4716; x_wconf 93' lang='lat' dir='ltr'><strong>in</strong></span> <span class='ocrx_word' id='word_1_525' title='bbox 485 4653 652 4726; x_wconf 88' lang='lat' dir='ltr'><strong>claustris,</strong></span> <span class='ocrx_word' id='word_1_526' title='bbox 668 4654 705 4716; x_wconf 91' lang='lat' dir='ltr'><strong>ut</strong></span> <span class='ocrx_word' id='word_1_527' title='bbox 715 4653 840 4716; x_wconf 89' lang='lat' dir='ltr'><strong>dictum</strong></span> <span class='ocrx_word' id='word_1_528' title='bbox 861 4655 922 4727; x_wconf 89' lang='lat' dir='ltr'><strong>est,</strong></span> <span class='ocrx_word' id='word_1_529' title='bbox 938 4657 1106 4733; x_wconf 87' lang='lat' dir='ltr'><strong>permitti·</strong></span> <span class='ocrx_word' id='word_1_530' title='bbox 1161 4655 1326 4730; x_wconf 86' lang='lat' dir='ltr'><strong>videlicet,</strong></span> <span class='ocrx_word' id='word_1_531' title='bbox 1341 4657 1435 4718; x_wconf 84' lang='lat' dir='ltr'><strong>virus</strong></span> <span class='ocrx_word' id='word_1_532' title='bbox 1450 4654 1575 4717; x_wconf 82' lang='lat' dir='ltr'><strong>erroris</strong></span> <span class='ocrx_word' id='word_1_533' title='bbox 1587 4653 1641 4715; x_wconf 82' lang='lat' dir='ltr'><strong>uel</strong></span> <span class='ocrx_word' id='word_1_534' title='bbox 1658 4651 1797 4714; x_wconf 70' lang='lat' dir='ltr'><strong>malitie</strong></span> <span class='ocrx_word' id='word_1_535' title='bbox 1811 4649 1957 4714; x_wconf 81' lang='lat' dir='ltr'><strong>fermen-</strong></span> 
     </span>
     <span class='ocr_line' id='line_1_46' title="bbox 312 4748 1957 4832; baseline -0.004 -15"><span class='ocrx_word' id='word_1_536' title='bbox 312 4754 367 4817; x_wconf 90' lang='lat' dir='ltr'><strong>tur</strong></span> <span class='ocrx_word' id='word_1_537' title='bbox 384 4752 535 4832; x_wconf 88' lang='lat' dir='ltr'><strong>injuncta</strong></span> <span class='ocrx_word' id='word_1_538' title='bbox 554 4751 686 4828; x_wconf 90' lang='lat' dir='ltr'><strong>quidem</strong></span> <span class='ocrx_word' id='word_1_539' title='bbox 707 4750 934 4814; x_wconf 87' lang='lat' dir='ltr'><strong>taciturnitate</strong></span> <span class='ocrx_word' id='word_1_540' title='bbox 949 4753 1106 4816; x_wconf 89' lang='lat' dir='ltr'><strong>continua</strong></span> <span class='ocrx_word' id='word_1_541' title='bbox 1161 4755 1230 4817; x_wconf 91' lang='lat' dir='ltr'><strong>tum</strong></span> <span class='ocrx_word' id='word_1_542' title='bbox 1245 4754 1423 4832; x_wconf 89' lang='lat' dir='ltr'><strong>apponant.</strong></span> <span class='ocrx_word' id='word_1_543' title='bbox 1440 4755 1510 4815; x_wconf 88' lang='lat' dir='ltr'><strong>Hoc</strong></span> <span class='ocrx_word' id='word_1_544' title='bbox 1522 4751 1574 4814; x_wconf 90' lang='lat' dir='ltr'><strong>est</strong></span> <span class='ocrx_word' id='word_1_545' title='bbox 1582 4749 1686 4827; x_wconf 89' lang='lat' dir='ltr'><strong>igitur</strong></span> <span class='ocrx_word' id='word_1_546' title='bbox 1698 4748 1833 4812; x_wconf 88' lang='lat' dir='ltr'><strong>initium</strong></span> <span class='ocrx_word' id='word_1_547' title='bbox 1840 4749 1957 4824; x_wconf 85' lang='lat' dir='ltr'><strong>signo-</strong></span> 
     </span>
     <span class='ocr_line' id='line_1_47' title="bbox 250 4845 1956 4930; baseline -0.002 -18"><span class='ocrx_word' id='word_1_548' title='bbox 250 4915 254 4925; x_wconf 71' lang='grc'><strong>,</strong></span> <span class='ocrx_word' id='word_1_549' title='bbox 312 4853 347 4914; x_wconf 92' lang='lat' dir='ltr'><strong>in</strong></span> <span class='ocrx_word' id='word_1_550' title='bbox 362 4850 521 4919; x_wconf 88' lang='lat' dir='ltr'><strong>oratorio,</strong></span> <span class='ocrx_word' id='word_1_551' title='bbox 543 4849 578 4910; x_wconf 91' lang='lat' dir='ltr'><strong>in</strong></span> <span class='ocrx_word' id='word_1_552' title='bbox 593 4848 799 4922; x_wconf 87' lang='lat' dir='ltr'><strong>dormitorio,</strong></span> <span class='ocrx_word' id='word_1_553' title='bbox 821 4849 857 4910; x_wconf 88' lang='lat' dir='ltr'><strong>ih</strong></span> <span class='ocrx_word' id='word_1_554' title='bbox 872 4849 1059 4924; x_wconf 83' lang='lat' dir='ltr'><strong>refectorio,</strong></span> <span class='ocrx_word' id='word_1_555' title='bbox 1075 4851 1108 4914; x_wconf 89' lang='lat' dir='ltr'><strong>et</strong></span> <span class='ocrx_word' id='word_1_556' title='bbox 1161 4867 1234 4914; x_wconf 92' lang='lat' dir='ltr'><strong>rum</strong></span> <span class='ocrx_word' id='word_1_557' title='bbox 1263 4851 1349 4930; x_wconf 92' lang='lat' dir='ltr'><strong>quod</strong></span> <span class='ocrx_word' id='word_1_558' title='bbox 1375 4850 1453 4913; x_wconf 88' lang='lat' dir='ltr'><strong>lecit</strong></span> <span class='ocrx_word' id='word_1_559' title='bbox 1477 4853 1574 4913; x_wconf 81' lang='lat' dir='ltr'><strong>lesus</strong></span> <span class='ocrx_word' id='word_1_560' title='bbox 1600 4846 1636 4910; x_wconf 90' lang='lat' dir='ltr'><strong>in</strong></span> <span class='ocrx_word' id='word_1_561' title='bbox 1660 4847 1774 4910; x_wconf 75' lang='lat' dir='ltr'><strong>(thena</strong></span> <span class='ocrx_word' id='word_1_562' title='bbox 1806 4845 1956 4914; x_wconf 54' lang='lat' dir='ltr'><strong>salites,</strong></span> 
     </span>
     <span class='ocr_line' id='line_1_48' title="bbox 312 4943 1956 5028; baseline -0.005 -15"><span class='ocrx_word' id='word_1_563' title='bbox 312 4949 385 5027; x_wconf 90' lang='lat' dir='ltr'><strong>post</strong></span> <span class='ocrx_word' id='word_1_564' title='bbox 406 4947 656 5025; x_wconf 87' lang='lat' dir='ltr'><strong>completorium</strong></span> <span class='ocrx_word' id='word_1_565' title='bbox 678 4947 768 5008; x_wconf 89' lang='lat' dir='ltr'><strong>omni</strong></span> <span class='ocrx_word' id='word_1_566' title='bbox 787 4946 822 5008; x_wconf 90' lang='lat' dir='ltr'><strong>iu</strong></span> <span class='ocrx_word' id='word_1_567' title='bbox 842 4947 928 5021; x_wconf 90' lang='lat' dir='ltr'><strong>loco,</strong></span> <span class='ocrx_word' id='word_1_568' title='bbox 948 4948 1014 5010; x_wconf 91' lang='lat' dir='ltr'><strong>nisi</strong></span> <span class='ocrx_word' id='word_1_569' title='bbox 1034 4949 1108 5010; x_wconf 84' lang='lat' dir='ltr'><strong>exi-</strong></span> <span class='ocrx_word' id='word_1_570' title='bbox 1162 4951 1294 5028; x_wconf 88' lang='lat' dir='ltr'><strong>quando</strong></span> <span class='ocrx_word' id='word_1_571' title='bbox 1308 4947 1505 5028; x_wconf 79' lang='lat' dir='ltr'><strong>justificavit</strong></span> <span class='ocrx_word' id='word_1_572' title='bbox 1525 4945 1676 5024; x_wconf 90' lang='lat' dir='ltr'><strong>impium,</strong></span> <span class='ocrx_word' id='word_1_573' title='bbox 1701 4943 1868 5007; x_wconf 82' lang='lat' dir='ltr'><strong>conuertit</strong></span> <span class='ocrx_word' id='word_1_574' title='bbox 1887 4944 1956 5004; x_wconf 89' lang='lat' dir='ltr'><strong>ini-</strong></span> 
     </span>
     <span class='ocr_line' id='line_1_49' title="bbox 311 5041 1958 5126; baseline -0.005 -16"><span class='ocrx_word' id='word_1_575' title='bbox 311 5049 409 5125; x_wconf 88' lang='lat' dir='ltr'><strong>gente</strong></span> <span class='ocrx_word' id='word_1_576' title='bbox 421 5044 592 5124; x_wconf 74' lang='lat' dir='ltr'><strong>grauffiori</strong></span> <span class='ocrx_word' id='word_1_577' title='bbox 604 5045 812 5108; x_wconf 87' lang='lat' dir='ltr'><strong>necessitate.</strong></span> <span class='ocrx_word' id='word_1_578' title='bbox 827 5047 865 5108; x_wconf 90' lang='lat' dir='ltr'><strong>ln</strong></span> <span class='ocrx_word' id='word_1_579' title='bbox 879 5047 1026 5109; x_wconf 89' lang='lat' dir='ltr'><strong>oratorio</strong></span> <span class='ocrx_word' id='word_1_580' title='bbox 1041 5063 1107 5108; x_wconf 92' lang='lat' dir='ltr'><strong>non</strong></span> <span class='ocrx_word' id='word_1_581' title='bbox 1162 5065 1274 5126; x_wconf 92' lang='lat' dir='ltr'><strong>quum,</strong></span> <span class='ocrx_word' id='word_1_582' title='bbox 1299 5051 1333 5112; x_wconf 88' lang='lat' dir='ltr'><strong>at</strong></span> <span class='ocrx_word' id='word_1_583' title='bbox 1352 5046 1524 5110; x_wconf 82' lang='lat' dir='ltr'><strong>reuocauit</strong></span> <span class='ocrx_word' id='word_1_584' title='bbox 1547 5045 1755 5123; x_wconf 88' lang='lat' dir='ltr'><strong>peccatorem</strong></span> <span class='ocrx_word' id='word_1_585' title='bbox 1781 5041 1824 5103; x_wconf 89' lang='lat' dir='ltr'><strong>ad</strong></span> <span class='ocrx_word' id='word_1_586' title='bbox 1849 5041 1958 5120; x_wconf 70' lang='lat' dir='ltr'><strong>paeni-</strong></span> 
     </span>
     <span class='ocr_line' id='line_1_50' title="bbox 312 5137 1956 5223; baseline -0.005 -15"><span class='ocrx_word' id='word_1_587' title='bbox 312 5147 364 5208; x_wconf 91' lang='lat' dir='ltr'><strong>est</strong></span> <span class='ocrx_word' id='word_1_588' title='bbox 377 5142 588 5223; x_wconf 91' lang='lat' dir='ltr'><strong>loquendum,</strong></span> <span class='ocrx_word' id='word_1_589' title='bbox 605 5139 682 5219; x_wconf 89' lang='lat' dir='ltr'><strong>quia</strong></span> <span class='ocrx_word' id='word_1_590' title='bbox 698 5141 814 5204; x_wconf 91' lang='lat' dir='ltr'><strong>domus</strong></span> <span class='ocrx_word' id='word_1_591' title='bbox 829 5145 991 5207; x_wconf 90' lang='lat' dir='ltr'><strong>orationis</strong></span> <span class='ocrx_word' id='word_1_592' title='bbox 1005 5144 1057 5206; x_wconf 90' lang='lat' dir='ltr'><strong>est</strong></span> <span class='ocrx_word' id='word_1_593' title='bbox 1072 5145 1108 5207; x_wconf 91' lang='lat' dir='ltr'><strong>in</strong></span> <span class='ocrx_word' id='word_1_594' title='bbox 1161 5147 1309 5210; x_wconf 89' lang='lat' dir='ltr'><strong>tentiam.</strong></span> <span class='ocrx_word' id='word_1_595' title='bbox 1332 5147 1372 5208; x_wconf 80' lang='lat' dir='ltr'><strong>Et</strong></span> <span class='ocrx_word' id='word_1_596' title='bbox 1394 5145 1568 5223; x_wconf 83' lang='lat' dir='ltr'><strong>propterea</strong></span> <span class='ocrx_word' id='word_1_597' title='bbox 1589 5140 1802 5206; x_wconf 89' lang='lat' dir='ltr'><strong>crediderunt</strong></span> <span class='ocrx_word' id='word_1_598' title='bbox 1824 5137 1861 5201; x_wconf 92' lang='lat' dir='ltr'><strong>in</strong></span> <span class='ocrx_word' id='word_1_599' title='bbox 1881 5153 1956 5200; x_wconf 86' lang='lat' dir='ltr'><strong>eum</strong></span> 
     </span>
     <span class='ocr_line' id='line_1_51' title="bbox 312 5238 1956 5322; baseline -0.004 -16"><span class='ocrx_word' id='word_1_600' title='bbox 312 5259 377 5322; x_wconf 86' lang='lat' dir='ltr'><strong>qua</strong></span> <span class='ocrx_word' id='word_1_601' title='bbox 390 5257 465 5306; x_wconf 91' lang='lat' dir='ltr'><strong>cum</strong></span> <span class='ocrx_word' id='word_1_602' title='bbox 487 5239 626 5303; x_wconf 87' lang='lat' dir='ltr'><strong>Domino</strong></span> <span class='ocrx_word' id='word_1_603' title='bbox 641 5238 820 5317; x_wconf 90' lang='lat' dir='ltr'><strong>loquimur,</strong></span> <span class='ocrx_word' id='word_1_604' title='bbox 837 5241 869 5302; x_wconf 88' lang='lat' dir='ltr'><strong>et</strong></span> <span class='ocrx_word' id='word_1_605' title='bbox 894 5242 966 5318; x_wconf 90' lang='lat' dir='ltr'><strong>ipse</strong></span> <span class='ocrx_word' id='word_1_606' title='bbox 989 5241 1107 5304; x_wconf 90' lang='lat' dir='ltr'><strong>nohis·</strong></span> <span class='ocrx_word' id='word_1_607' title='bbox 1161 5243 1316 5322; x_wconf 87' lang='lat' dir='ltr'><strong>discipuli</strong></span> <span class='ocrx_word' id='word_1_608' title='bbox 1328 5245 1411 5319; x_wconf 86' lang='lat' dir='ltr'><strong>ejus.</strong></span> <span class='ocrx_word' id='word_1_609' title='bbox 1426 5241 1549 5304; x_wconf 78' lang='lat' dir='ltr'><strong>Aliter:</strong></span> <span class='ocrx_word' id='word_1_610' title='bbox 1562 5243 1789 5303; x_wconf 71' lang='lat' dir='ltr'><strong>omnishomo</strong></span> <span class='ocrx_word' id='word_1_611' title='bbox 1800 5241 1956 5312; x_wconf 74' lang='lat' dir='ltr'><strong>ommam</strong></span> 
     </span>
     <span class='ocr_line' id='line_1_52' title="bbox 312 5333 1955 5418; baseline -0.005 -13"><span class='ocrx_word' id='word_1_612' title='bbox 312 5358 402 5416; x_wconf 87' lang='lat' dir='ltr'><strong>eum;</strong></span> <span class='ocrx_word' id='word_1_613' title='bbox 439 5353 538 5418; x_wconf 89' lang='lat' dir='ltr'><strong>quam</strong></span> <span class='ocrx_word' id='word_1_614' title='bbox 571 5337 782 5416; x_wconf 77' lang='lat' dir='ltr'><strong>frequentant</strong></span> <span class='ocrx_word' id='word_1_615' title='bbox 815 5337 935 5413; x_wconf 74' lang='lat' dir='ltr'><strong>angeli</strong></span> <span class='ocrx_word' id='word_1_616' title='bbox 963 5339 1107 5402; x_wconf 80' lang='lat' dir='ltr'><strong>maxima</strong></span> <span class='ocrx_word' id='word_1_617' title='bbox 1161 5345 1419 5405; x_wconf 78' lang='lat' dir='ltr'><strong>bolznmotnmn</strong></span> <span class='ocrx_word' id='word_1_618' title='bbox 1430 5340 1540 5416; x_wconf 83' lang='lat' dir='ltr'><strong>ponit.</strong></span> <span class='ocrx_word' id='word_1_619' title='bbox 1557 5337 1679 5400; x_wconf 86' lang='lat' dir='ltr'><strong>Vinum</strong></span> <span class='ocrx_word' id='word_1_620' title='bbox 1701 5335 1870 5412; x_wconf 75' lang='lat' dir='ltr'><strong>siguificat</strong></span> <span class='ocrx_word' id='word_1_621' title='bbox 1893 5333 1955 5396; x_wconf 83' lang='lat' dir='ltr'><strong>lae-</strong></span> 
     </span>
     <span class='ocr_line' id='line_1_53' title="bbox 311 5432 1957 5518; baseline -0.005 -17"><span class='ocrx_word' id='word_1_622' title='bbox 311 5441 459 5516; x_wconf 90' lang='lat' dir='ltr'><strong>tempore</strong></span> <span class='ocrx_word' id='word_1_623' title='bbox 476 5435 644 5508; x_wconf 82' lang='lat' dir='ltr'><strong>sacrificii,</strong></span> <span class='ocrx_word' id='word_1_624' title='bbox 658 5435 789 5512; x_wconf 87' lang='lat' dir='ltr'><strong>quando</strong></span> <span class='ocrx_word' id='word_1_625' title='bbox 803 5433 844 5496; x_wconf 89' lang='lat' dir='ltr'><strong>ad</strong></span> <span class='ocrx_word' id='word_1_626' title='bbox 859 5449 974 5497; x_wconf 86' lang='lat' dir='ltr'><strong>vocem</strong></span> <span class='ocrx_word' id='word_1_627' title='bbox 990 5451 1106 5498; x_wconf 89' lang='lat' dir='ltr'><strong>sacer-</strong></span> <span class='ocrx_word' id='word_1_628' title='bbox 1161 5441 1280 5513; x_wconf 79' lang='lat' dir='ltr'><strong>titiam,</strong></span> <span class='ocrx_word' id='word_1_629' title='bbox 1296 5439 1374 5518; x_wconf 90' lang='lat' dir='ltr'><strong>quia</strong></span> <span class='ocrx_word' id='word_1_630' title='bbox 1389 5438 1476 5500; x_wconf 88' lang='lat' dir='ltr'><strong>sicut</strong></span> <span class='ocrx_word' id='word_1_631' title='bbox 1488 5436 1569 5498; x_wconf 91' lang='lat' dir='ltr'><strong>dicit</strong></span> <span class='ocrx_word' id='word_1_632' title='bbox 1581 5434 1706 5498; x_wconf 78' lang='lat' dir='ltr'><strong>Dauid:</strong></span> <span class='ocrx_word' id='word_1_633' title='bbox 1726 5437 1851 5496; x_wconf 84' lang='lat' dir='ltr'><strong>Vinum</strong></span> <span class='ocrx_word' id='word_1_634' title='bbox 1864 5432 1957 5494; x_wconf 84' lang='lat' dir='ltr'><strong>loeti-</strong></span> 
     </span>
     <span class='ocr_line' id='line_1_54' title="bbox 312 5527 1955 5612; baseline -0.005 -15"><span class='ocrx_word' id='word_1_635' title='bbox 312 5538 409 5609; x_wconf 89' lang='lat' dir='ltr'><strong>dotis,</strong></span> <span class='ocrx_word' id='word_1_636' title='bbox 428 5536 512 5598; x_wconf 87' lang='lat' dir='ltr'><strong>teste</strong></span> <span class='ocrx_word' id='word_1_637' title='bbox 529 5533 625 5596; x_wconf 88' lang='lat' dir='ltr'><strong>beato</strong></span> <span class='ocrx_word' id='word_1_638' title='bbox 646 5533 817 5610; x_wconf 82' lang='lat' dir='ltr'><strong>Gregorio,</strong></span> <span class='ocrx_word' id='word_1_639' title='bbox 835 5536 924 5596; x_wconf 46' lang='lat' dir='ltr'><strong>‘Caett</strong></span> <span class='ocrx_word' id='word_1_640' title='bbox 942 5539 1108 5608; x_wconf 78' lang='lat' dir='ltr'><strong>coemun-</strong></span> <span class='ocrx_word' id='word_1_641' title='bbox 1160 5539 1241 5612; x_wconf 76' lang='lat' dir='ltr'><strong>licat</strong></span> <span class='ocrx_word' id='word_1_642' title='bbox 1269 5551 1330 5598; x_wconf 83' lang='lat' dir='ltr'><strong>cor</strong></span> <span class='ocrx_word' id='word_1_643' title='bbox 1363 5538 1513 5599; x_wconf 79' lang='lat' dir='ltr'><strong>botntnts</strong></span> <span class='ocrx_word' id='word_1_644' title='bbox 1537 5532 1604 5606; x_wconf 88' lang='lat' dir='ltr'><strong>(Ps.</strong></span> <span class='ocrx_word' id='word_1_645' title='bbox 1635 5533 1710 5604; x_wconf 85' lang='lat'><strong>10³,</strong></span> <span class='ocrx_word' id='word_1_646' title='bbox 1738 5527 1803 5610; x_wconf 89' lang='lat'><strong>15.)</strong></span> <span class='ocrx_word' id='word_1_647' title='bbox 1835 5530 1955 5592; x_wconf 85' lang='lat' dir='ltr'><strong>Vinum</strong></span> 
     </span>
     <span class='ocr_line' id='line_1_55' title="bbox 313 5627 1957 5722; baseline -0.005 -25"><span class='ocrx_word' id='word_1_648' title='bbox 313 5637 382 5708; x_wconf 78' lang='lat' dir='ltr'><strong>intr,</strong></span> <span class='ocrx_word' id='word_1_649' title='bbox 403 5634 522 5696; x_wconf 83' lang='lat' dir='ltr'><strong>etima</strong></span> <span class='ocrx_word' id='word_1_650' title='bbox 536 5635 682 5694; x_wconf 77' lang='lat' dir='ltr'><strong>sttmmis</strong></span> <span class='ocrx_word' id='word_1_651' title='bbox 695 5632 946 5694; x_wconf 83' lang='lat' dir='ltr'><strong>consectentur.</strong></span> <span class='ocrx_word' id='word_1_652' title='bbox 964 5633 1057 5695; x_wconf 92' lang='lat' dir='ltr'><strong>Unde</strong></span> <span class='ocrx_word' id='word_1_653' title='bbox 1071 5634 1106 5696; x_wconf 92' lang='lat' dir='ltr'><strong>in</strong></span> <span class='ocrx_word' id='word_1_654' title='bbox 1160 5634 1272 5697; x_wconf 88' lang='lat' dir='ltr'><strong>delicit</strong></span> <span class='ocrx_word' id='word_1_655' title='bbox 1290 5633 1323 5696; x_wconf 91' lang='lat' dir='ltr'><strong>in</strong></span> <span class='ocrx_word' id='word_1_656' title='bbox 1348 5633 1484 5712; x_wconf 88' lang='lat' dir='ltr'><strong>nuptiis,</strong></span> <span class='ocrx_word' id='word_1_657' title='bbox 1513 5631 1591 5710; x_wconf 88' lang='lat' dir='ltr'><strong>quia</strong></span> <span class='ocrx_word' id='word_1_658' title='bbox 1612 5627 1765 5722; x_wconf 81' lang='lat' dir='ltr'><strong>camales</strong></span> <span class='ocrx_word' id='word_1_659' title='bbox 1790 5627 1915 5704; x_wconf 75' lang='lat' dir='ltr'><strong>nuptia</strong></span> <span class='ocrx_word' id='word_1_660' title='bbox 1937 5641 1957 5688; x_wconf 89' lang='lat' dir='ltr'><strong>a</strong></span> 
     </span>
    </p>
   </div>
   <div class='ocr_carea' id='block_1_3' title="bbox 0 0 2042 6420">
    <p class='ocr_par' dir='ltr' id='par_1_3' title="bbox 0 0 2042 6420">
     <span class='ocr_line' id='line_1_56' title="bbox 0 0 2042 6420; baseline 0 0"><span class='ocrx_word' id='word_1_661' title='bbox 0 0 2042 6420; x_wconf 95' lang='lat' dir='ltr'><strong> </strong></span> 
     </span>
    </p>
   </div>
  </div>
 </body>
</html>
