4076 6420
338 271 414 336 orl
820 267 996 334 Houonn
1018 271 1062 332 111
1084 269 1232 334 OPERA.
1249 299 1287 316 -
1303 267 1535 336 setthoitas.
1963 269 2011 332 tta

355 429 580 509 triplexest:
605 428 984 502 sementariarum
1010 430 1043 493 et
1069 429 1146 508 dig·
1240 432 1287 493 at
1307 431 1485 493 oocabttar
1504 443 1630 494 nomeu
1658 431 1734 502 ejus
1762 429 1908 491 Fortis.
1948 429 2009 504 lpse

357 528 481 590 nitatis.
509 527 746 589 utputo-tom
776 528 966 600 servitutis,
999 528 1147 605 corporis
1202 527 1290 589 enim
1316 527 1411 590 tortis
1436 527 1500 589 luit
1524 527 1559 588 in
1588 525 1758 604 passione,
1781 525 1828 586 de
1858 540 1935 602 quo
1962 541 2009 602 pa

357 625 550 701 castigatio
565 625 756 696 cborttotts,
774 623 893 685 mentis
907 623 1037 686 devotio
1054 647 1062 683 :
1079 629 1148 702 stip-
1202 621 1414 685 Psalmistam
1435 621 1557 683 dicitur
1575 643 1582 681 :
1599 625 1767 684 Dominus
1784 621 1905 695 sortis
1917 622 1953 681 et
1962 638 2008 694 po

355 723 487 794 attatts,
504 721 658 798 Corporis
682 720 804 783 Christi
825 721 1041 783 consecratio.
1067 723 1146 782 Pri-
1202 721 1288 792 tear,
1302 723 1470 781 Dominus
1483 720 1603 794 potens
1617 722 1655 780 tn
1665 721 1788 794 proelto
1806 714 1887 796 (Ps.
1902 719 1957 786 23,
1971 719 2005 793 8).

355 833 446 880 mum
474 818 525 880 est
553 817 755 879 sacrificium
789 817 935 890 timoris,
967 818 1147 880 secundum
1202 817 1263 878 Hie
1296 817 1346 879 est
1376 815 1500 895 {tortior
1543 816 1601 877 illo
1636 815 1677 877 de
1707 830 1773 892 quo
1810 814 1950 890 legitur
1980 817 2005 874 ir

356 916 491 988 amoris,
507 915 640 977 tertium
654 914 773 974 laudis.
1202 913 1380 990 Evangelio
1404 935 1411 974 ε
1438 917 1524 975 Cum
1546 913 1650 987 tortu
1674 913 1830 974 arantis
1856 913 2005 973 custodtt

400 1013 579 1075 Vocabitur
599 1026 724 1073 reomau
744 1015 819 1084 ejus
839 1013 1069 1074 admirabilis.
1085 1011 1148 1072 Ad·
1201 1013 1333 1074 atrium
1342 1025 1455 1083 suum,
1468 1015 1598 1083 topace
1607 1009 1689 1072 suat
1699 1025 1741 1072 eo
1750 1025 1834 1084 oooe
1840 1013 2004 1084 persida.

354 1109 517 1172 mirabilis
547 1108 609 1171 luit
638 1103 789 1170 Christus
817 1108 852 1170 in
883 1109 1145 1182 conversatione,
1200 1111 1238 1171 st
1251 1109 1369 1170 autem
1382 1109 1510 1183 sortior
1529 1111 1585 1170 tuo
1605 1109 1866 1181 superveniens
1890 1109 2003 1168 uicerit

354 1207 433 1285 quia
455 1206 519 1269 luit
542 1207 613 1268 sine
636 1207 781 1283 peccato.
810 1207 857 1268 De
878 1222 942 1283 quo
967 1207 1146 1268 secundum
1200 1222 1290 1279 eum,
1303 1209 1584 1268 autocrsaorma
1593 1205 1823 1278 obscuraret
1836 1208 1880 1265 ia
1892 1208 2004 1278 maiora

351 1303 1146 1382 humanitatemdicituriuEvangeliozouoniam
1199 1305 1396 1376 confidebat,
1418 1303 1452 1364 ct
1473 1305 1582 1376 spelta
1602 1304 1678 1374 aas
1699 1302 1897 1363 dtrtrc'buet
1920 1299 2001 1371 (Lus,

351 1401 561 1464 mirabuntur
593 1415 693 1478 super
724 1399 885 1472 doctrina,
912 1401 946 1462 et
976 1401 1146 1477 responsis
1200 1415 1248 1473 11,
1261 1399 1327 1480 21).

350 1502 425 1574 ejus
447 1498 480 1560 et
502 1513 602 1574 super
624 1498 769 1574 hisquae
795 1497 939 1572 gloriose
962 1495 1084 1559 flebant
1104 1497 1145 1558 ab
1239 1499 1286 1559 Et
1306 1499 1483 1560 oocomtar
1502 1511 1627 1559 nemea
1653 1499 1728 1569 ejus
1748 1497 1872 1558 Pater
1898 1495 2002 1569 saturi

353 1611 393 1656 eo
416 1593 509 1674 (Luc.
532 1610 568 1665 11,
584 1592 714 1673 athad
738 1609 835 1670 quem
856 1594 1074 1670 spiritualiter
1094 1594 1147 1654 di·
1199 1597 1325 1656 samaa
1343 1597 1442 1656 Pater
1454 1593 1558 1655 laturi
1570 1593 1685 1655 saeculi
1700 1592 1763 1654 luit
1777 1593 1815 1653 in
1829 1607 2001 1654 resurrec-

350 1691 441 1753 oitur
454 1707 514 1767 per
528 1689 648 1751 isaiam
667 1711 674 1750 :
690 1695 823 1752 Inuoco
841 1694 951 1767 staua,
969 1691 1002 1752 et
1016 1695 1145 1752 immu—
1199 1691 1300 1764 hone,
1317 1691 1394 1768 quia
1409 1691 1445 1752 in
1459 1690 1703 1752 resurrectione
1715 1705 1778 1751 sua
1795 1705 1900 1766 spem
1913 1689 2001 1750 uobis

356 1789 392 1850 ta
414 1791 587 1850 mirabttta
608 1782 706 1857 (Eccl.
723 1802 839 1857 xxxm,
854 1785 900 1866 6).
913 1789 960 1849 Et
969 1789 1147 1850 vocabitur
1199 1789 1232 1849 et
1244 1787 1399 1852 fiduciam
1413 1787 1553 1848 contulit
1564 1785 1771 1862 resurgendi.
1786 1787 1893 1848 Unde
1907 1789 2000 1861 Apes

352 1899 478 1946 nemea
488 1887 562 1956 ejus
572 1887 790 1945 coasdtartas
801 1881 857 1962 (Is.
869 1899 916 1956 1x,
927 1882 973 1962 6).
986 1887 1146 1947 consttu-
1198 1883 1999 1952 tolus:Staottoadamomnesawrtantur,ita

351 1983 429 2043 rius
443 1981 505 2042 luit
519 1981 554 2041 in
575 1980 821 2058 praedicatione,
836 1981 915 2060 quia
929 1980 1020 2042 dedit
1033 1981 1146 2042 consi·
1198 1983 1233 2043 ct
1252 1985 1290 2044 ta
1305 1981 1439 2044 Christo
1455 1995 1575 2042 omues
1594 1979 1872 2052 vivificabuntur
1886 1977 1997 2058 (icor.

352 2078 433 2139 lium
449 2077 653 2155 poenitenliee
667 2077 789 2138 mundo
804 2077 918 2138 dicens
940 2099 947 2138 :
966 2078 1145 2140 Poeattcue
1198 2095 1255 2151 xv,
1270 2077 1336 2159 22).
1353 2080 1427 2155 lpse
1441 2078 1493 2140 est
1506 2077 1594 2140 enim
1609 2077 1709 2138 Pater
1723 2075 1842 2158 noster
1857 2075 1999 2137 coelestis

351 2175 438 2237 tiam
460 2175 568 2252 apttc,
584 2174 874 2249 appropinquavit
890 2176 984 2236 cutm
997 2191 1144 2253 reanum
1199 2177 1379 2238 secundum
1409 2174 1641 2251 Evangelium,
1665 2173 1723 2252 qui
1750 2173 1810 2236 dat
1845 2174 1998 2251 spiritum

351 2277 515 2334 coctorum
530 2269 660 2348 (Matth.
672 2287 721 2342 111,
730 2269 774 2350 2).
786 2273 860 2348 Ipse
870 2272 958 2333 enim
969 2272 1144 2333 consilium
1197 2273 1320 2335 bonum
1335 2272 1521 2350 petentibus
1536 2288 1583 2332 se.

350 2368 443 2445 pacis
465 2368 602 2440 invenit,
624 2367 709 2430 sicut
730 2368 801 2444 ipse
821 2367 963 2431 testatur
976 2383 1035 2446 per
1049 2372 1144 2431 Jere-
1236 2372 1282 2432 at
1294 2371 1471 2432 vocabitur
1483 2383 1608 2431 uomere
1620 2371 1695 2442 ctos
1706 2371 1878 2444 prtaccps
1890 2373 1995 2442 pacis.

349 2465 452 2526 miam
476 2485 487 2526 τ
513 2465 719 2542 apocopae
744 2465 1085 2540 copttottonespocts
1109 2467 1144 2528 et
1197 2467 1356 2544 Princeps
1386 2467 1479 2543 pacis
1511 2465 1576 2528 luit
1605 2465 1642 2525 in
1671 2465 1896 2528 ascensione.
1931 2469 1995 2542 lpse

349 2577 419 2624 aaa
432 2563 630 2636 afflictionis
649 2559 784 2640 (terem.
806 2575 902 2634 xxm,
925 2559 986 2633 ll).
1007 2564 1054 2624 De
1077 2577 1142 2640 quo
1197 2564 1284 2626 enim
1303 2564 1354 2625 est
1374 2579 1441 2640 pax
1463 2563 1588 2635 nostra,
1605 2563 1702 2640 juxta
1726 2563 1994 2639 apostolumque

350 2657 431 2720 dicit
444 2658 621 2720 Psalmista
637 2679 644 2719 :
659 2661 844 2721 consutam
866 2661 1004 2720 Domini
1024 2660 1142 2721 maaet
1195 2661 1275 2734 fecit
1294 2661 1442 2735 utraque
1460 2677 1580 2732 uuum,
1596 2661 1634 2720 ta
1654 2673 1723 2721 orco
1747 2673 1837 2720 aouo
1858 2663 1994 2721 beatius

347 2757 386 2816 tu
416 2753 600 2828 aeteruum,
623 2755 846 2831 enodatiores
871 2759 985 2817 corais
1010 2758 1142 2828 ajusto
1194 2760 1325 2834 tacteus
1343 2773 1465 2832 pacem
1483 2755 1581 2835 (Eph.
1601 2771 1638 2828 11,
1660 2757 1709 2828 ll,
1731 2753 1795 2835 15).
1820 2755 1915 2817 Nam
1939 2772 1994 2816 ro·

347 2859 511 2914 socculum
525 2856 640 2914 soecutt
655 2850 724 2931 (Ps.
740 2853 790 2924 32,
807 2850 872 2932 ll).
1195 2854 1291 2916 niens
1319 2853 1560 2930 evangelizarit
1586 2869 1700 2930 pacem
1733 2852 1787 2915 his
1804 2853 1865 2930 qui
1901 2853 1994 2928 longe

329 2949 334 2958 '
387 2949 848 3019 Eteocobtturoomeucjos
859 2946 1138 3028 Bersumno).
1195 2951 1302 3024 erant,
1317 2952 1350 3014 et
1364 2967 1478 3028 pacem
1499 2950 1552 3010 his
1562 2950 1619 3027 qui
1628 2964 1741 3028 prope.
1753 2949 1928 3022 Quoniam
1943 2965 1995 3027 per

347 3045 659 3106 HocaomeaDcus
678 3043 791 3104 multis
810 3043 915 3104 modis
930 3044 1092 3120 accipitur
1105 3045 1140 3104 iu
1195 3048 1302 3124 ipsum
1334 3047 1493 3109 habemus
1526 3061 1696 3108 accessum
1731 3045 1831 3108 ambo
1861 3046 1904 3107 in
1935 3061 1992 3107 uno

348 3139 531 3216 scripturis.
541 3139 670 3200 Dicitur
684 3137 772 3199 enim
786 3143 879 3200 Deus
893 3139 1072 3200 secundum
1085 3157 1141 3202 na·
1194 3145 1313 3222 spiritu
1328 3145 1369 3206 ad
1384 3144 1527 3216 Patrem,
1543 3144 1579 3204 in
1599 3147 1693 3221 cujus
1714 3142 1899 3205 nativitate
1914 3143 1993 3204 mud-

345 3237 468 3307 turam,
486 3235 666 3297 secundum
686 3237 839 3311 gratiam,
860 3236 1040 3298 secundum
1061 3238 1139 3327 0111·-
1193 3243 1299 3304 titudo
1327 3242 1454 3303 militiae
1484 3241 1628 3302 coelestis
1656 3239 1853 3317 psallebat:
1879 3245 1992 3303 Gloria

286 3410 290 3418 Ι
347 3332 969 3418 oium‚secundumvitiumsecundum
986 3335 1139 3396 naturam
1192 3341 1231 3399 ta
1245 3342 1389 3400 caecata
1402 3343 1484 3411 Dee,
1498 3339 1533 3400 et
1546 3341 1582 3399 ta
1598 3337 1697 3400 terra
1707 3348 1784 3412 pam
1797 3341 1992 3400 temeramus

345 3429 800 3506 diciturDcus,sicutinlege
811 3428 1140 3509 scriptumestjzaodt
1194 3431 1705 3512 boaoeootuatatts(Luc.11,1t).
1724 3433 1788 3504 Qui
1802 3433 1901 3494 circa
1917 3450 1991 3511 pas-

345 3531 457 3589 Jsrocl
469 3544 480 3588 :
491 3529 658 3589 Dominus
669 3527 863 3600 bratteas,
878 3532 971 3590 Deus
984 3544 1075 3590 onas
1087 3529 1139 3591 cst
1193 3531 1320 3592 sionem
1336 3545 1429 3593 suam
1444 3529 1702 3608 dixilhpostolis
1716 3532 1875 3591 :Pacem
1890 3535 1993 3593 relta-

345 3621 454 3704 (baut.
463 3639 509 3697 vr,
520 3622 564 3703 4).
575 3623 761 3686 Secundum
769 3623 910 3699 gratiam
918 3623 1139 3688 diciturDcus
1192 3643 1258 3702 ooo
1280 3631 1385 3698 eobts,
1406 3641 1529 3704 pacem
1556 3641 1671 3690 mcum
1692 3629 1734 3688 do
1756 3630 1854 3690 vobis
1883 3625 1992 3708 (Joan

344 3721 431 3784 sicut
445 3721 602 3798 scriptum
617 3721 714 3783 estin
727 3720 853 3798 psalmo
868 3741 876 3781 ε
893 3725 966 3798 Epo
977 3725 1064 3794 diat,
1081 3725 1139 3783 Dtt
1191 3739 1262 3798 xrv,
1278 3722 1344 3803 27).

344 3819 438 3890 estis,
462 3819 525 3891 aut
545 3820 684 3882 Bacchi
713 3832 831 3880 omnes
854 3815 924 3896 (Pe.
945 3819 995 3890 81,
1013 3814 1059 3897 6).
1078 3820 1138 3879 Se-

343 3914 487 3978 cundum
509 3914 655 3976 officium
679 3913 801 3975 dicitur
821 3917 924 3978 Deus,
949 3915 1043 3976 utin
1064 3914 1138 3990 lege
1549 3935 1625 4023 VH

342 4011 501 4087 scriptum
530 4010 580 4072 est
605 4031 612 4070 ε
637 4013 712 4070 Dtts
739 4025 808 4071 aon
834 4010 994 4071 detrahes
1018 4006 1135 4088 (Exod.

342 4121 427 4178 xxu,
458 4105 523 4185 28),
555 4105 651 4177 idest,
681 4104 918 4167 sacerdotibus.
950 4106 1136 4167 Secundum
1231 4139 1276 4200 IN
1297 4139 1548 4200 ΝΑΤΙἮΤΑΤΕ
1569 4139 1731 4200 DOMINI·
1748 4139 1897 4202 SERMO
1927 4143 1957 4202 Π

341 4203 471 4272 vitium,
487 4201 609 4263 dicitur
621 4205 725 4273 Deos,
743 4201 828 4262 sicut
842 4201 922 4262 dicit
936 4201 1112 4264 Psalmista
1127 4223 1134 4264 =

341 4299 467 4361 Omnes
485 4301 542 4358 Dit
563 4297 724 4360 Gentium
747 4297 917 4360 damonia
935 4295 1004 4376 (Ps.
1021 4301 1072 4372 95,
1088 4299 1133 4379 5).

341 4395 403 4457 Hic
416 4395 527 4456 autem
542 4395 630 4454 Puer
641 4393 778 4455 vocatur
787 4396 880 4456 Deus
894 4410 960 4456 non
975 4395 1068 4473 putat

341 4507 408 4554 non
422 4491 621 4568 adoptative,
636 4506 702 4552 non
718 4491 921 4568 usurpative,
938 4494 995 4554 sed
1015 4509 1133 4556 essen·
1229 4527 1384 4602 Legimus

339 4587 465 4651 tialiter
479 4589 512 4650 et
526 4587 740 4661 substantive,
755 4587 898 4651 testante
918 4589 1013 4652 beato
1028 4591 1133 4653 Paulo
1188 4623 1248 4684 Oct

338 4685 496 4763 AP⁰⁸t⁰¹⁰
511 4706 518 4745 ²
532 4689 590 4748 Ex
599 4686 760 4759 patrm
775 4688 931 4748 mmm
944 4689 996 4749 θεῖ
1010 4703 1134 4750 mun·
1187 4722 1371 4797 gestantem
1392 4719 1497 4781 tllium
1522 4721 1563 4782 ad
1593 4721 1817 4783 ostensionem
1845 4723 1987 4786 Sibillae.

338 4787 421 4846 dom
441 4797 594 4855 Carnemv
616 4786 675 4856 wi
698 4783 749 4844 θεῖ
771 4797 877 4856 scher
897 4788 1014 4892 (ΜΨ
1038 4789 1133 4894 93}ss
1187 4819 1226 4879 Et
1238 4822 1370 4879 extunc
1385 4816 1554 4895 prohibuit
1568 4833 1610 4879 ne
1623 4817 1697 4896 quis
1713 4835 1788 4880 eum
1807 4821 1989 4882 Dominum

338 4881 719 4944 bertedtctostosaecola
733 4877 1131 4959 (Rom.1x,5).Hrcenrm
1186 4914 1379 4997 appellaret,
1410 4915 1487 4992 quia
1510 4915 1607 4976 natus
1629 4916 1679 4976 est
1709 4919 1782 4977 Rex
1804 4932 1929 4994 regum
1960 4919 1991 4979 el

337 4981 427 5040 Puer
440 4979 475 5038 in
497 4976 732 5038 miraculorum
748 4976 952 5039 exhibitione
968 4979 1133 5040 essentia·
1186 5013 1345 5074 Dominus
1361 5012 1612 5073 dominantium·
1630 5013 1723 5074 Unde
1739 5013 1861 5074 Poeta:

336 5075 414 5136 liter
438 5074 591 5150 apparuit
605 5075 705 5145 Daue,
731 5074 817 5135 sicut
840 5074 998 5150 scriptum
1022 5076 1073 5137 est
1095 5075 1130 5136 iu

336 5171 533 5247 Evangelio:
547 5173 576 5232 A
591 5175 714 5232 Μαάθ
728 5185 797 5230 ,lon
814 5170 866 5231 333
879 5171 1036 5233 auditum
1044 5177 1131 5246 quod
1259 5145 1304 5200 En
1318 5157 1392 5200 nova
1408 5143 1562 5216 progenies
1576 5141 1648 5201 ooelo
1669 5141 1818 5200 dimittitur
1830 5143 1901 5201 alto.

336 5269 474 5344 operate
498 5269 575 5342 ouis
600 5272 712 5328 omues
736 5269 817 5327 cam
844 5269 929 5340 uoti,
952 5271 1021 5330 atsi
1042 5271 1131 5332 essct
1224 5268 1379 5343 Legimus
1399 5267 1500 5328 etiam
1519 5267 1606 5345 quod
1625 5266 1699 5330 lons
1714 5268 1780 5329 olei
1795 5284 1856 5345 per
1879 5271 1986 5333 totum

336 5365 390 5424 tto
409 5377 432 5423 a
453 5365 524 5423 Deo
554 5359 663 5441 (toan.
690 5375 737 5431 rx,
764 5357 829 5438 32).
858 5360 955 5432 Idest,
983 5363 1048 5423 nisi
1075 5363 1129 5424 bic
1184 5364 1326 5426 diemde
1342 5363 1691 5437 tabernaemetitorla,
1709 5381 1782 5442 quae
1802 5369 1987 5430 estEccle-

336 5459 535 5520 essetrerus
558 5461 655 5532 Deus,
673 5474 739 5520 non
753 5456 883 5534 poterat
902 5456 1012 5522 facere
1027 5461 1127 5539 quid·
1184 5462 1234 5522 sia
1272 5463 1305 5522 S.
1335 5461 1450 5522 Mariae
1476 5461 1512 5522 in
1538 5461 1763 5534 Transtiberi,
1790 5463 1984 5538 largissime

334 5569 444 5630 quam.
1183 5557 1361 5627 emanavit,
1378 5558 1533 5636 quoniam
1545 5559 1604 5621 ille
1618 5559 1816 5621 nascebatur
1831 5560 1867 5621 in
1882 5563 1982 5625 terris

1230 4333 1329 4393 acciit
1355 4333 1504 4395 edictum
1529 4349 1551 4394 a
1577 4335 1713 4396 Caesare
1752 4337 1926 4412 Aupusto,
1955 4337 1991 4398 ut

1069 4413 1132 4470 Μ’
1189 4432 1443 4491 αοεονῑϋενείιιν
1456 4435 1641 4493 tcatoersus
1655 4433 1747 4493 orbis
1764 4429 1861 4510 (Luc.
1884 4449 1925 4506 11,
1947 4433 1988 4512 l).

1408 4527 1494 4604 quod
1521 4530 1632 4590 caesar
1659 4530 1840 4605 augustus,
1869 4530 1909 4591 id
1939 4535 1987 4591 est

1249 4623 1388 4684 avianus
1401 4623 1505 4685 fertur
1519 4624 1553 4685 in
1569 4625 1652 4686 coelo
1666 4625 1793 4687 vidisse
1811 4627 1988 4703 Virginem
