4078 6442
70 267 136 330 519

116 429 153 488 16
169 423 733 504 6616666616116161166661,661661
748 429 872 490 domini

73 528 188 603 Papae.

117 625 154 685 16
164 621 875 703 archiepiscopaturcletano:archiepisco

72 737 138 798 666
163 721 341 782 Toletanus
365 737 424 798 616
450 721 592 784 66616616
621 724 735 786 Sancti
761 725 871 798 Cerni,

74 821 116 882 10
144 818 266 881 solidos
294 818 475 897 pipionum‚
500 819 660 882 velinos
688 822 871 885 aniusinos.

74 919 158 979 Item
177 933 236 994 616
252 917 453 979 monasterio
466 918 580 981 Sancti
597 919 770 992 Servandi,
786 920 873 999 quod

71 1015 182 1078 estin
204 1015 397 1093 episcopatu
419 1015 613 1092 Saguntina,
637 1017 875 1080 156616166-

72 1112 237 1176 6666611.

115 1210 875 1291 inepiscopatuseguntino:lpsearchiepisco-

73 1327 138 1388 pus
150 1325 209 1388 616
225 1309 427 1372 manasterio
442 1311 554 1372 Sancti
569 1310 742 1386 servandi,
758 1313 876 1375 15166-

72 1407 259 1480 rabutinos,
277 1406 440 1485 6166616.

117 1509 154 1568 In
165 1506 355 1583 episcopatu
366 1506 544 1568 oxomensi
558 1528 567 1568 ι
583 1507 733 1570 Ecclesia
744 1508 874 1572 Sanctae

74 1604 193 1666 Mariae
208 1603 248 1664 de
265 1604 367 1677 Silva,
382 1604 587 1666 1666661166
602 1605 785 1683 pipianum.

117 1700 356 1764 Monasterium
386 1702 500 1765 Sancti
529 1703 619 1765 Petri
647 1703 688 1766 de
713 1702 873 1776 (lomello,

73 1815 179 1866 unum
194 1798 439 1862 marabutinum
455 1799 540 1862 6611.

116 1900 154 1959 16
178 1897 371 1975 6616666616
394 1897 573 1974 Burgensi,
595 1898 652 1975 qui
676 1898 728 1960 est
750 1898 899 1968 domini}

75 1999 177 2071 Papae
212 2015 220 2055 ε
259 1995 499 2057 Monasterium
542 1995 655 2059 Sancti
693 1995 876 2060 salvatoris

75 2092 240 2162 01166616,
257 2109 357 2154 unam
371 2091 503 2168 unciam
518 2093 603 2155 auri.
711 2171 715 2182 ⁴

116 2191 356 2254 Monasterium
379 2191 491 2254 Sancti
520 2191 695 2264 Dominici,
720 2191 741 2254 5
764 2207 899 2254 mara-1

73 2288 220 2352 1611666.

117 2385 356 2449 Monasterium
371 2386 411 2450 da
424 2386 592 2460 cardinia,
608 2400 710 2449 unum
725 2385 878 2448 marabu-

74 2484 197 2546 tinum.

117 2585 156 2644 In
178 2582 370 2660 episcopatu
383 2582 581 2645 Palantinc:
600 2581 749 2645 Ecclesia
769 2580 876 2645 Vallis

74 2680 175 2752 Oleii,
188 2682 230 2742 25
243 2678 482 2742 marabutinos.

119 2781 157 2840 16
172 2777 366 2855 6616666616
379 2775 623 2852 segobricensi.

118 2877 156 2938 In
167 2875 360 2952 episcopatu
373 2872 576 2936 Secoblensi.

118 2973 156 3033 In
172 2973 364 3051 episcopatu
382 2972 544 3034 Conoensi
560 2993 568 3033 ε
585 2973 708 3034 Domus
723 2973 877 3036 Fratrum

75 3070 207 3134 Militiae
232 3069 345 3133 Sancti
367 3068 484 3134 iacobi
510 3069 682 3133 annuatim
710 3069 879 3135 1061616-

75 3168 206 3230 chinos.
733 3221 734 3226 ,

119 3269 157 3328 16
170 3266 360 3344 6616666616
375 3265 656 3340 1661116666,161
672 3267 879 3346 compostel·

76 3365 155 3426 lano
177 3385 185 3424 ε
208 3364 447 3427 Monasterium
467 3364 509 3427 de
530 3364 750 3440 antealtaria,
773 3381 876 3428 unum

76 3462 336 3524 marabotinum.

118 3563 155 3622 In
169 3559 329 3622 Abulensi
344 3559 547 3637 episcopatu.

117 3661 155 3720 In
169 3657 361 3735 episcopatu
377 3655 582 3718 Placentino.

117 3758 156 3817 Ι6
170 3754 362 3832 6616666616
374 3753 567 3816 Civitatensi
579 3777 587 3815 :
599 3753 747 3817 Ecclesia
763 3755 877 3818 Sancti

73 3850 523 3925 JulianidePirario,unum
533 3852 874 3916 marabutinumauri.

118 3950 358 4014 Monasterium
393 3950 508 4013 Sancti
546 3952 708 4029 Spiritus,
748 3951 876 4016 ordinis

76 4049 193 4111 Sancti
214 4049 378 4122 Damiani,
402 4065 503 4114 unam
522 4048 642 4112 libram
657 4065 754 4113 cerae.
773 4052 814 4113 Et
827 4049 878 4113 661

77 4148 278 4225 exemptum,
305 4146 485 4209 secundum
513 4149 600 4226 quod
626 4149 816 4212 continetur
842 4147 876 4210 in

74 4246 86 4306 i
90 4245 183 4323 psius
198 4243 385 4323 privilegio.

117 4348 155 4407 16
168 4343 361 4422 6616666616
376 4342 595 4407 salmantino.

118 4444 156 4504 ln
169 4442 361 4520 episcopatu
376 4439 561 4504 Elbarensi.

118 4543 156 4602 In
171 4540 364 4617 episcopatu
375 4539 561 4602 (lauriensi.

118 4639 156 4699 In
185 4637 377 4716 episcopatu
404 4635 666 4700 Ulixiboneusi:
695 4639 876 4718 Templarii

75 4753 138 4815 pro
152 4734 259 4798 111166
278 4734 439 4808 ecclesiis,
459 4734 615 4798 videlicet
633 4735 774 4812 Radius,
793 4739 875 4815 Ega,

75 4836 111 4897 et
131 4832 337 4908 Palumbata,
363 4849 463 4896 unam
487 4831 619 4896 6661616
644 4833 719 4896 6611
742 4851 874 4898 166666-

76 4932 292 4995 mutinorum.

117 5029 355 5094 Monasterium
388 5029 501 5093 Sancti
522 5029 691 5094 vincentii
718 5029 874 5095 11111116-

76 5128 203 5201 nensis,
219 5132 238 5191 l
253 5129 367 5191 616166
379 5127 645 5192 mascemutinas.

118 5231 155 5290 in
170 5227 363 5306 episcopatu
384 5225 593 5304 nogionensi,
610 5227 733 5306 quiesi
751 5228 876 5292 damini

78 5330 179 5404 Papae
196 5347 203 5386 :
220 5325 458 5390 Monasterium
481 5325 593 5389 Sancti
612 5325 772 5402 Facundi,
791 5329 878 5390 266

77 5425 163 5487 lidos
178 5425 319 5487 monetae
331 5423 423 5485 illius
435 5425 546 5486 161166.

117 5522 357 5585 Monasterium
377 5522 489 5587 Sancti
503 5521 633 5598 Isidori,
648 5539 749 5588 unum
765 5541 878 5589 16616-

76 5621 241 5684 16116661.

721 268 846 332 LIBER
867 267 1080 334 CENSUUM.

1668 263 1726 323 550

968 419 1088 509 Militia
1103 425 1196 488 Beati
1210 422 1336 492 Jacobi,
1354 422 1644 484 1666161611666.

968 524 1206 588 Monasterium
1218 522 1411 594 Trianense,
1427 521 1695 584 3marabutinos.

968 625 1006 684 In
1032 620 1225 701 episcopatu
1249 617 1415 692 ovetensi,
1445 619 1503 697 qui
1526 620 1577 682 est
1600 618 1726 683 domini

928 723 1028 799 Papae
1043 739 1051 781 ε
1067 719 1307 782 Monasterium
1322 717 1503 781 (lauriense
1517 717 1614 781 debet
1628 720 1727 780 annis

929 818 1070 896 singulis
1081 819 1103 879 2
1114 817 1229 881 obolas
1243 831 1374 880 aureos.

969 919 1006 978 in
1021 916 1214 996 episcopatu
1224 912 1417 978 zamorensi
1433 915 1604 978 :Castrum
1614 918 1725 990 Torat,

928 1031 1029 1078 unam
1044 1031 1189 1078 marcam
1205 1015 1290 1077 auri.

968 1113 1117 1176 Ecclesia
1149 1115 1264 1177 Sancti
1292 1114 1429 1177 Martini
1458 1113 1612 1192 Episcopi
1640 1114 1729 1176 inter

928 1212 1074 1273 Taurum
1098 1212 1131 1273 et
1153 1214 1325 1274 zamoram
1351 1213 1386 1273 in
1410 1213 1495 1286 loca,
1523 1210 1579 1290 qui
1605 1211 1730 1274 dicitur

929 1307 1080 1383 Ereisn0‚
1097 1323 1200 1371 unum
1215 1309 1473 1372 marabutinum.

970 1407 1008 1469 in
1023 1407 1216 1485 episcopatu
1231 1408 1447 1485 Egitaniansi.

970 1507 1007 1567 ln
1021 1505 1309 1584 archiepiscopatu
1321 1507 1543 1568 Bracharensi
1558 1528 1565 1568 ε
1580 1507 1728 1570 Ecclesia

931 1603 1044 1665 Sancti
1059 1605 1206 1677 Martini,
1223 1605 1243 1664 2
1257 1604 1495 1666 marabutinos.

971 1700 1008 1788 ln
1042 1701 1236 1778 episcopatu
1268 1701 1513 1778 Partugallensi
1530 1703 1727 1778 :canonica

930 1813 1004 1876 quae
1018 1799 1160 1860 1666161
1173 1798 1360 1874 ecclesiola,
1376 1801 1396 1860 2
1410 1799 1649 1862 marabutinos.

970 1895 1106 1958 Fratres
1129 1896 1258 1960 Militiae
1279 1896 1417 1975 Templi,
1441 1901 1461 1961 4
1479 1897 1597 1959 666166
1618 1913 1732 1960 mara-

930 1989 1121 2056 butinorum
1152 2010 1212 2073 pro
1245 1995 1407 2069 ecclesiis,
1435 2011 1518 2074 quas
1547 1995 1730 2057 16166116

898 2119 899 2148 ;
930 2107 1034 2170 regno
1056 2093 1283 2169 portugalliae.
1301 2093 1340 2156 Et
1354 2107 1415 2170 616
1432 2092 1574 2156 66616616
1587 2093 1628 2155 de
1640 2095 1731 2157 Tho-

930 2205 1032 2263 mars,
1056 2205 1130 2268 quae
1154 2190 1277 2253 dicitur
1297 2191 1443 2265 Ozizera,
1465 2193 1607 2270 quatuor
1626 2192 1731 2255 libras

930 2303 1029 2360 carae.
1042 2287 1729 2366 1161666616611616Ρ616611616,11611166,

931 2386 965 2447 et
977 2387 1057 2462 Ega,
1072 2401 1173 2449 unam
1192 2385 1325 2450 unciam
1340 2388 1416 2450 auri
1432 2388 1728 2464 marabutinorum,

931 2482 1093 2561 utsupra.
1779 2549 1781 2553 .

972 2580 1169 2657 Adelonsus,
1197 2583 1266 2647 dux
1291 2584 1566 2662 Partugallensis,
1597 2585 1638 2648 de
1661 2585 1730 2649 tcta
1834 2586 1836 2590 ’

898 2735 899 2738 ,
931 2679 1022 2742 16116
1035 2696 1107 2755 666,
1121 2696 1220 2760 quam
1235 2693 1324 2747 nunc
1336 2683 1447 2756 16161,
1464 2684 1568 2748 16116
1583 2683 1732 2748 loturum

932 2779 1000 2839 Deo
1016 2777 1159 2856 61661116
1176 2779 1301 2860 6616111
1314 2780 1465 2858 adipisci,
1480 2784 1499 2843 4
1512 2783 1628 2844 666166
1643 2782 1730 2843 6611.

932 2874 1136 2939 Procedente
1150 2891 1230 2940 1616
1241 2877 1402 2956 tempore,
1414 2878 1456 2941 61
1470 2879 1660 2942 Alexandro
1673 2881 1731 2952 111,

931 2971 1025 3049 regio
1056 2969 1218 3037 16661616
1241 2975 1421 3053 insignitus
1449 2975 1513 3039 suit
1532 2977 1620 3039 idam
1644 2979 1733 3039 Ade-

931 3066 1057 3144 lonsus,
1085 3073 1119 3134 61
1140 3073 1353 3152 praescriptas
1382 3077 1525 3153 quatuor
1552 3075 1731 3138 66616616

932 3164 1015 3231 duas
1042 3185 1173 3232 marcas
1199 3171 1274 3234 auri
1295 3172 1465 3250 purissimi
1488 3172 1564 3252 6661
1588 3175 1731 3236 Latera-

931 3281 1035 3330 nensa
1047 3266 1226 3331 concilium
1241 3269 1479 3346 augmentavit.

971 3365 1211 3430 Monasterium
1241 3367 1356 3431 Sancti
1385 3368 1477 3431 Petri
1511 3369 1552 3432 da
1581 3371 1730 3446 arganil,

932 3459 1061 3524 ordinis
1075 3461 1188 3525 Sancti
1201 3464 1389 3540 Augustini,
1405 3465 1426 3524 2
1439 3465 1679 3528 marabutinos.

972 3560 1009 3620 Ι6
1047 3559 1240 3638 6616666616
1275 3560 1504 3625 (161161116666
1539 3585 1546 3625 :
1581 3563 1731 3626 Ecclesia

933 3656 1062 3718 Sanctae
1077 3657 1203 3730 Crucis,
1219 3659 1241 3719 2
1256 3657 1495 3722 marabutinos.

971 3753 1210 3817 Monasterium
1244 3757 1358 3819 Sancti
1391 3757 1483 3820 Petri
1513 3758 1554 3820 de
1579 3759 1729 3835 arganil,

930 3853 951 3913 2
964 3852 1229 3931 portugallenses
1242 3869 1374 3916 aureos.

971 3951 1210 4014 Monasterium
1250 3953 1365 4016 Sancti
1405 3954 1560 4030 Georgii,
1603 3954 1731 4018 ordinis

932 4049 1045 4112 Sancti
1059 4050 1248 4132 Augustini,
1270 4054 1430 4114 2661666
1452 4053 1730 4132 portugallenses.

932 4147 1024 4220 Quod
1053 4149 1294 4212 monasterium
1324 4149 1449 4213 lactum
1480 4152 1531 4213 661
1562 4153 1729 4226 66666616,

930 4245 1078 4324 tempore
1092 4241 1133 4328 (·)
1152 4245 1278 4310 domini
1297 4249 1436 4312 Honorii
1452 4251 1498 4312 111
1513 4252 1625 4328 Papae,
1642 4265 1731 4314 6666

931 4344 1059 4422 quinto.
1147 4337 1149 4341 ’

971 4445 1009 4506 16
1024 4441 1375 4522 661666661611166661.

971 4542 1008 4602 16
1020 4539 1214 4620 episcopatu
1229 4543 1434 4606 lamecensi.

970 4640 1008 4700 16
1022 4638 1216 4718 6616666616
1230 4641 1387 4704 auriensi
1406 4663 1413 4702 ε
1431 4643 1670 4706 Monasterium
1689 4643 1731 4706 de

931 4736 1081 4806 Ursaria,
1095 4753 1198 4800 unum
1210 4737 1468 4800 marabotinum.

971 4836 1009 4896 iu
1031 4833 1226 4912 episcopatu
1244 4835 1390 4897 Tudensi
1404 4857 1412 4896 1
1426 4823 1575 4898 Ecclesia
1600 4837 1730 4900 Sanctae

930 4931 1047 4994 Mariae
1062 4932 1103 4998 dc
1116 4932 1290 5005 16161166,
1306 4934 1327 4993 2
1341 4933 1580 4997 166161611666.

971 5032 1009 5091 16
1024 5030 1217 5108 episcopatu
1233 5031 1385 5094 Lucensi.

971 5130 1010 5190 In
1031 5127 1225 5205 6616666616
1242 5128 1450 5192 16161166661
1467 5152 1474 5190 :
1491 5131 1729 5194 Monasterium

932 5225 1045 5288 Sancti
1060 5226 1197 5289 Martini
1207 5226 1248 5288 de
1259 5228 1465 5302 castaneria,
1479 5229 1620 5306 singulis
1632 5229 1728 5291 66616

932 5339 1034 5386 unum
1051 5324 1308 5388 marabutinum.

972 5423 1009 5484 16
1025 5422 1216 5502 6616666616
1229 5423 1466 5486 Minduniensi.

970 5623 1006 5700 (’)
1026 5627 1258 5689 additamentum
1273 5629 1440 5689 recentioris
1456 5630 1607 5704 scriptoris
