4076 6420
31 289 107 352 773
488 287 533 352 ΙΝ
555 287 895 362 avennionem.
918 287 1123 354 batlinias
1142 291 1304 356 ranila.
1657 301 1717 362 vti

35 446 233 520 animam,
247 447 871 528 animamrempropurnsum,neum
925 447 959 511 et
971 447 1177 525 negligentes
1188 452 1266 516 eunt
1279 466 1359 530 erga
1373 448 1533 529 subditos,
1549 451 1614 532 ipsi
1627 456 1719 520 vide·

35 560 133 606 vero
148 545 304 623 propter
315 544 472 624 seipsum.
924 545 1003 607 rint.
1018 545 1141 623 vigilet
1154 563 1233 625 ergo
1249 548 1387 627 quilibet
1400 551 1549 614 nostrum
1564 553 1598 616 et
1617 552 1715 616 labo·
1767 549 1773 564 '

84 645 119 703 A
141 642 260 703 laude
276 641 335 703 Dei
356 641 437 704 iacit
455 641 623 703 bominem
644 657 717 704 esse
731 642 868 714 mutum,
925 643 976 704 ret
989 644 1157 721 implendo
1177 647 1401 710 ministerium
1418 653 1635 729 suum,'opus
1659 651 1715 714 ia-

38 739 199 817 quando
227 739 351 802 avertit
368 739 510 802 mentem
529 739 716 816 peccatoris
729 755 771 800 ne
785 755 869 800 con·
925 740 1016 803 ciens
1037 743 1251 818 evangelista
1276 744 1347 808 sive
1366 746 1605 824 praedicatoris,
1628 749 1717 812 sicut

40 837 191 898 siderei
209 835 378 898 beneficia
400 853 473 913 quae
499 838 589 897 Deus
613 836 753 898 contulit
773 835 815 908 ei,
839 836 872 898 et
925 837 1006 899 dicit
1028 839 1182 902 Paulus:
1212 843 1396 918 Unicuique
1425 844 1582 906 vestrum
1613 845 1719 910 datur

28 949 90 994 -ne
104 933 157 995 sit
172 933 323 996 devotus
346 933 382 994 in
403 933 500 994 laude
516 934 588 1007 Dei,
605 949 666 996 nec
678 934 803 1010 gratias
815 949 872 994 re·
924 937 1159 1010 manifestatio
1172 940 1325 1013 Spiritus
1339 944 1384 1002 aa
1395 941 1580 1005 utilitatem
1595 940 1625 1022 (Ι
1642 945 1716 1006 Gor.

41 1031 144 1092 ierat
177 1030 230 1092 ei.
264 1030 359 1094 Unde
383 1031 488 1092 isaias
505 1052 513 1091 ε
537 1035 630 1092 Tunc
660 1021 872 1093 saliet'sicui
924 1047 985 1105 ιιιι,
999 1030 1042 1105 7).
1055 1033 1094 1095 nt
1106 1033 1206 1096 alibiz
1223 1040 1272 1097 i¹u
1285 1052 1368 1099 aero
1381 1041 1496 1114 viqita,
1512 1041 1719 1103 tramitibus

38 1143 189 1190 cervus
203 1131 359 1200 claudus,
372 1128 538 1202 eiaperia
550 1128 619 1190 erit
635 1131 753 1203 linqua
762 1129 872 1190 muta-
924 1133 1052 1206 ubera,
1070 1147 1155 1206 opus
1165 1134 1222 1207 sac
1240 1136 1469 1210 eaaaqeiistre,
1483 1138 1720 1200 ministerium
1791 1121 1794 1126 ’

42 1241 138 1286 mum
156 1223 227 1304 (Is.
244 1239 351 1297 xxxv,
373 1224 418 1305 6).
440 1225 522 1287 Muti
537 1225 616 1287 sunt
630 1226 688 1302 qui
703 1227 871 1288 cessante
926 1226 1023 1288 tuum
1032 1230 1135 1302 impu
1161 1226 1206 1308 (ΙΙ
1218 1229 1301 1302 iim.
1313 1246 1360 1304 vv,
1381 1229 1427 1312 5),
1444 1231 1480 1293 ut
1492 1232 1719 1298 testimonium

43 1322 160 1384 lande
184 1323 265 1384 Dei.
288 1323 417 1398 Lingua
431 1325 597 1384 mutorum
612 1323 770 1400 aperitur,
788 1337 872 1400 quo-
923 1324 1017 1386 tuum
1030 1325 1073 1388 sit
1087 1325 1252 1389 laudabile
1274 1344 1385 1390 coram
1400 1329 1550 1392 Domino.
1567 1331 1636 1392 Nos
1650 1331 1719 1395 iia-

43 1420 118 1482 ties
142 1421 318 1482 Dominus
336 1418 543 1482 benedicitur
564 1420 606 1481 ab
626 1420 705 1481 illis.
728 1419 821 1482 Unde
835 1421 871 1482 in
925 1437 1000 1499 que,
1022 1420 1153 1496 iratres,
1170 1424 1200 1486 si
1216 1423 1312 1487 nobis
1331 1426 1540 1490 dictumest:
1557 1431 1720 1492 Pratitae

39 1517 279 1593 Evangelio:
306 1520 464 1580 Viaemes
482 1519 600 1580 autem
618 1521 795 1594 principes
812 1531 871 1578 sa·
924 1521 1079 1592 verbum,
1103 1523 1196 1584 tastu
1223 1523 1424 1598 opportune,
1450 1524 1485 1586 et
1509 1527 1717 1600 importum.

45 1616 253 1678 centetum
267 1615 435 1677 etscriboe
447 1618 622 1677 mirabilia
636 1615 871 1690 quaesacicbat
924 1627 1044 1686 arque,
1069 1615 1224 1687 obseura,
1250 1618 1392 1689 increpa
1410 1613 1458 1694 (ΙΙ
1480 1617 1563 1679 Tim.
1585 1633 1634 1693 ιι,
1661 1619 1717 1698 2))

45 1716 177 1786 Jescrs,
206 1712 244 1774 et
268 1727 398 1788 pueros
426 1713 607 1776 laudantes
624 1715 812 1775 Dominum
836 1713 872 1775 ei
925 1708 974 1769 sic
987 1708 1163 1784 vigilemus
1178 1711 1212 1772 et
1233 1711 1270 1772 in
1291 1712 1443 1774 omnibus
1459 1709 1659 1789 laboremus,
1684 1717 1721 1780 ut

48 1811 228 1872 dicentes
242 1809 475 1873 :Benedictus
493 1810 664 1884 quiverit
682 1813 719 1872 ia
732 1811 871 1872 nomiae
924 1820 1007 1882 opus
1035 1806 1196 1868 iaciamus
1233 1809 1467 1886 evangelistae,
1503 1812 1537 1874 et
1570 1813 1719 1876 nostrum

49 1909 224 1980 Domini,
253 1909 422 1970 Hosaana
446 1910 481 1970 ta
513 1909 673 1979 circuiris,
700 1907 871 1982 indignati
924 1902 1146 1966 ministerium
1162 1905 1369 1983 impleamus.
1387 1908 1423 1969 Si
1438 1925 1552 1970 sumus
1567 1912 1718 1987 pastores

50 2005 192 2067 suntet
206 2004 871 2078 amemnter:nzmuquocurraicuarr
925 2001 1037 2062 ovium
1062 2001 1180 2078 quibus
1206 2002 1351 2065 dicitur:
1382 2009 1492 2068 Pasce
1513 2020 1594 2069 caes
1619 2021 1717 2070 meus

49 2105 167 2164 Jesus
188 2102 311 2182 autem
332 2103 424 2163 aicit
440 2105 516 2164 eis:
534 2103 656 2164 Audio.
671 2104 871 2176 Numquam
927 2094 1035 2177 (ioan.
1048 2113 1120 2167 xxv,
1136 2097 1200 2177 17),
1215 2100 1263 2162 sic
1279 2099 1436 2162 debemus
1456 2117 1535 2164 oves
1548 2117 1627 2164 suas
1640 2119 1720 2181 pas-

52 2201 202 2276 iepistis
221 2202 310 2273 quoa
332 2213 380 2260 erc
402 2213 463 2261 ore
481 2200 669 2273 tasaaiium
690 2198 725 2260 ei
737 2187 869 2261 waten-
925 2209 1013 2266 cere,
1029 2195 1076 2266 ut,
1091 2194 1246 2257 veniente
1269 2196 1359 2274 lupo,
1375 2213 1449 2259 cum
1464 2197 1550 2261 bono
1572 2202 1716 2278 pastore,

54 2297 154 2357 tium
168 2296 357 2372 perfecisti
376 2299 513 2358 laudem
535 2294 665 2376 (Mattb.
691 2311 763 2368 xm,
785 2295 823 2357 15
838 2295 871 2356 et
925 2291 1055 2354 animas
1080 2292 1210 2354 nostras
1229 2309 1390 2371 ponamus
1417 2311 1478 2374 pro
1497 2297 1614 2360 ovibus
1638 2313 1720 2360 nas-

56 2391 167 2472 seq.).
187 2396 364 2454 Damones
382 2393 472 2454 enim
486 2393 543 2472 qui
558 2409 617 2470 per
632 2391 798 2470 principes
810 2407 870 2454 sa·
924 2387 997 2450 tris.

36 2491 248 2560 ‚cardetum
265 2490 507 2567 intelliguntur,
529 2489 675 2567 quotidie
687 2488 869 2566 indignan—
966 2485 1001 2547 Si
1016 2486 1240 2563 speculatores
1255 2488 1324 2552 dati
1339 2503 1453 2552 sumus
1474 2489 1586 2553 domui
1599 2490 1716 2562 Israel,

58 2589 118 2650 tur
129 2588 259 2651 'contra
272 2603 329 2649 eos
342 2587 399 2664 qui
412 2587 562 2648 serviunt
580 2586 740 2660 Creatori,
764 2587 797 2650 et
810 2587 870 2649 Dei
925 2581 1142 2660 ipsodicente
1165 2584 1207 2646 ad
1223 2585 1389 2664 impium:
1413 2588 1527 2652 morte
1539 2591 1717 2664 narreris,

58 2685 232 2746 laudibus
246 2699 329 2763 pure
350 2684 519 2755 insistunt,
541 2682 576 2744 et
593 2682 738 2760 quotidie
753 2683 802 2746 eis
816 2684 871 2764 inf
925 2679 1082 2742 debemus
1097 2682 1299 2745 annuntiare
1311 2683 1373 2756 illi,
1389 2685 1427 2746 ut
1444 2683 1623 2748 liberemus
1638 2686 1717 2748 ani-

59 2783 242 2843 sidiantur
256 2782 288 2843 et
302 2780 440 2858 cupiunt
454 2795 511 2842 eos
530 2779 717 2856 opprimere
731 2795 872 2858 sugges·
924 2795 996 2840 mas
1017 2778 1160 2849 nostras,
1185 2779 1332 2844 neforto
1355 2782 1552 2858 sanguinem
1577 2785 1650 2861 ejus
1676 2782 1719 2846 de

60 2879 223 2942 tionibus
236 2878 348 2955 pravis
363 2879 396 2939 et
406 2875 646 2939 tentationibus
667 2877 820 2952 diversis,
835 2880 871 2941 ut
924 2892 1026 2938 manu
1046 2878 1160 2940 nostra
1184 2878 1343 2940 Dominus
1366 2881 1525 2958 requirat,
1546 2881 1634 2945 sicut
1658 2897 1719 2960 per

64 2993 86 3038 a
101 2974 268 3037 laudibus
279 2972 707 3037 conditorisobmutescant.
724 2974 819 3039 Unde
834 2977 870 3038 in
924 2973 1130 3038 Ezechielem
1153 2976 1313 3038 Dominus
1337 2977 1437 3039 dicit:
1461 2979 1718 3054 Speculatorem

63 3071 257 3148 Evangelio
289 3071 412 3147 legitur
436 3070 522 3149 quod
557 3071 721 3134 clamante
755 3088 868 3136 caeco:
924 3074 1001 3134 dedi
1013 3071 1045 3134 te
1056 3083 1164 3146 super
1174 3075 1314 3136 domum
1327 3078 1448 3147 israel,
1459 3079 1491 3138 ei
1503 3091 1573 3140 aaa
1581 3091 1721 3140 annua-'-

63 3174 155 3234 Jcsu
177 3171 229 3244 sili
253 3171 366 3232 Dacia
392 3173 662 3242 misereremei,
687 3173 746 3244 qui
755 3175 868 3244 praei-
925 3170 1070 3231 tiaveris
1083 3171 1201 3244 miquo
1216 3172 1434 3246 imquitatem
1444 3188 1555 3247 meam,
1569 3177 1718 3251 sanqui-

65 3269 152 3330 baat
180 3267 407 3342 increpabant
429 3281 520 3340 eum,
546 3267 586 3330 ut
620 3267 750 3332 taceret
774 3266 868 3348 (Luc.
924 3279 1005 3328 uem
1023 3269 1160 3338 ejusde
1182 3283 1291 3330 mauu
1310 3269 1370 3332 tua
1389 3274 1568 3343 requiram
1584 3268 1717 3350 (Erech.

66 3379 171 3438 xvim,
184 3363 251 3442 38).
924 3379 974 3434 ιιι,
992 3358 1054 3436 18).
1078 3364 1202 3424 Domus
1220 3364 1324 3425 Israel
1339 3366 1390 3427 est
1411 3367 1577 3444 Ecclesia3
1595 3385 1718 3445 specu-

105 3462 158 3524 Ab
168 3459 358 3524 eruditione
370 3458 515 3539 proximi
527 3457 608 3522 iacit
617 3459 785 3523 bominem
796 3475 869 3524 esse
924 3459 1011 3521 lator
1024 3459 1074 3520 est
1084 3458 1222 3536 quilibet
1234 3459 1391 3537 praelatus
1406 3475 1506 3538 super
1520 3465 1641 3540 populo
1654 3465 1719 3526 sibi

67 3559 213 3630 mutum,
238 3557 369 3636 quando
396 3556 520 3618 claudit
550 3572 587 3618 os
611 3558 805 3631 sacerdotis,
835 3558 871 3621 ut
925 3556 1112 3618 commisso.
1135 3556 1236 3628 Quasi
1251 3555 1400 3620 diceret:
1425 3559 1503 3620 Feci
1519 3561 1551 3621 te
1566 3561 1720 3638 specula-

67 3671 136 3718 non
160 3655 282 3717 doceat
304 3655 492 3732 proximum
519 3653 561 3714 ad
583 3652 668 3714 bene
692 3653 868 3730 agendum,
925 3653 1143 3729 toremsuper
1162 3652 1284 3730 populo
1304 3652 1366 3717 tibi
1383 3655 1573 3732 commisso;
1590 3673 1669 3734 ergo
1689 3658 1720 3720 si

69 3769 178 3831 neque
210 3751 360 3814 subditos
396 3751 542 3826 corrigat
569 3749 609 3812 de
641 3751 797 3828 peccatis.
823 3754 871 3814 De
925 3765 992 3814 non
1003 3750 1253 3813 annuntiaveris
1265 3749 1379 3829 iniquo
1388 3751 1599 3829 iniquitatem
1611 3771 1719 3828 suam,

70 3851 195 3928 quibus
219 3849 349 3912 isaias:
377 3851 487 3911 Canes
513 3847 603 3910 muti
627 3862 697 3909 aaa
719 3850 871 3911 amentes
925 3845 1121 3923 sanguinem
1144 3848 1227 3923 ejus,
1251 3846 1347 3920 idest,
1364 3850 1534 3924 peccatum
1557 3850 1598 3911 de
1616 3867 1721 3915 manu

71 3950 208 4011 latrare
221 3944 279 4026 (is.
291 3962 362 4018 uxr,
375 3943 440 4025 10).
457 3946 562 4006 Canes
574 3945 658 4006 muti
673 3959 740 4006 non
754 3945 872 4007 valen·
923 3945 982 4006 tua
1001 3944 1180 4022 requiram.
1197 3945 1322 4023 ltaque,
1339 3943 1452 4018 irater,
1475 3946 1505 4008 si
1530 3947 1721 4024 speculator

71 4045 121 4106 tes
135 4046 264 4118 latrare
279 4044 357 4106 sunt
368 4042 499 4121 praelati
521 4043 578 4120 qui
592 4041 711 4104 timent
721 4041 870 4106 subditos
924 4057 971 4114 es,
1009 4039 1108 4102 debes
1141 4041 1282 4117 vigilare
1314 4042 1348 4105 et
1377 4043 1644 4122 circumspicere.
1672 4049 1720 4109 De

74 4155 151 4203 suos
179 4156 323 4218 arguere
349 4140 389 4201 de
417 4140 563 4217 peccatis
590 4139 726 4217 propter
748 4139 871 4202 malam
925 4138 1119 4216 vigilatione
1134 4139 1183 4200 aii
1195 4139 1356 4204 Dominus
1368 4141 1557 4218 apostolis:
1576 4146 1719 4221 Virtute

75 4239 314 4301 conscientiam
325 4253 424 4315 quam
439 4236 573 4310 babent,
589 4253 631 4299 ne
652 4236 872 4300 dicant2Me-
925 4237 959 4298 et
988 4237 1096 4309 orate,
1117 4237 1157 4298 ut
1177 4251 1246 4298 aaa
1267 4238 1407 4302 tuirciis
1430 4241 1468 4301 ia
1494 4241 1720 4308 tentationem

75 4337 149 4398 dice
161 4351 251 4398 eura
264 4337 412 4410 teipsum
427 4331 520 4414 (Luc.
534 4349 580 4406 ιι,
600 4331 665 4413 23).
679 4336 871 4410 Hupacrtta
926 4331 1056 4413 (Mattb.
1081 4345 1174 4405 xxm,
1189 4331 1254 4412 41).
1275 4336 1323 4396 De
1343 4335 1639 4414 circumspectione
1667 4341 1722 4403 lo-

75 4435 160 4502 eiice
167 4435 287 4509 prima
302 4433 434 4493 trabem
446 4434 488 4493 de
509 4436 602 4494 oculo
621 4431 690 4504 tuo,
704 4432 737 4494 et
751 4433 872 4507 postea
925 4431 1038 4509 quitur
1051 4429 1087 4494 in
1101 4430 1581 4508 Ezechi01020i'iumraims,
1598 4453 1721 4511 specu-

77 4532 193 4599 er'ictes
203 4529 373 4604 festucam
386 4531 428 4590 de
440 4529 669 4602 oeuusrarru
681 4529 732 4590 tui
739 4528 869 4609 (Mattb.
924 4529 1072 4590 datorem
1093 4530 1171 4589 decli
1192 4527 1226 4589 ie
1248 4530 1365 4590 amnui
1385 4533 1497 4592 israel
1512 4527 1645 4610 (Dzeab.
1668 4549 1718 4608 111,

78 4641 136 4700 vn,
152 4625 200 4706 5).
218 4627 297 4700 Quae
319 4626 409 4687 enim
434 4628 543 4702 major
563 4625 793 4688 misericordia
813 4627 872 4688 aut
925 4627 995 4705 1ης
1011 4640 1091 4702 ergo
1103 4624 1133 4686 si
1145 4623 1390 4703 speculatores,
1403 4625 1506 4703 vigila
1520 4629 1722 4696 etcircums-

78 4723 183 4800 pietas
198 4723 249 4785 est
263 4737 362 4800 quam
376 4722 507 4785 animas
527 4723 740 4786 morientium
753 4722 871 4785 subdi·
925 4723 1014 4802 pice3
1040 4738 1108 4785 non
1128 4723 1218 4784 enim
1232 4722 1343 4802 posuit
1362 4724 1395 4784 te
1418 4725 1578 4805 Dominus
1592 4729 1628 4790 ut
1642 4727 1722 4790 dor-

79 4819 185 4884 torum
197 4821 379 4895 vivificare,
405 4820 556 4882 errantes
571 4819 612 4881 ad
627 4819 716 4882 viam
731 4821 871 4897 justitiae
924 4821 1021 4893 mias‚
1036 4818 1093 4881 sed
1106 4820 1143 4883 ut
1152 4819 1282 4896 vigiles,
1294 4834 1361 4880 non
1372 4820 1408 4881 ut
1415 4821 1553 4883 stolidus
1568 4840 1716 4900 maneas,

80 4919 249 4990 reducere,
271 4917 395 4980 fractos
430 4915 656 4989 consolidare,
679 4919 814 4980 maestos
839 4919 872 4982 ei
925 4918 982 4981 sed
997 4917 1183 4996 utprovide
1208 4916 1467 4994 circumspicias.
1492 4919 1568 4982 Non
1589 4921 1625 4984 ut
1638 4926 1721 4986 aar·

81 5029 241 5094 pauperes
265 5014 455 5078 consolarii
476 5015 517 5077 nt
539 5013 615 5075 ideo
628 5015 774 5077 ioannes
798 5016 872 5078 ala·
925 5018 1026 5087 miae,
1042 5014 1120 5093 quia
1144 5013 1201 5092 qui
1223 5013 1402 5088 dormiunt,
1428 5016 1525 5086 nocte
1538 5017 1717 5094 dormiunt,

82 5115 156 5187 mat,
170 5113 203 5176 et
213 5113 294 5175 dicit
303 5111 439 5174 cuilibet
450 5111 698 5190 prelatoznsto
711 5115 869 5190 aucam,
925 5112 958 5175 et
970 5112 1030 5190 qui
1051 5111 1136 5176 ebrii
1155 5111 1243 5184 sunt,
1269 5112 1365 5175 nocte
1386 5111 1471 5176 ebrii
1496 5116 1590 5192 sunt3
1611 5117 1721 5181 sedui

81 5209 114 5270 ei
134 5212 302 5284 confirma
319 5211 453 5284 reliqua
469 5223 546 5284 quca
569 5208 745 5271 moritura
769 5211 872 5274 erant
924 5212 1055 5287 matter,
1077 5209 1155 5286 quia
1178 5207 1235 5287 qui
1258 5223 1357 5272 mane
1370 5210 1584 5287 vigilaverint
1603 5213 1646 5275 ad
1660 5229 1720 5278 sa-
1765 5267 1773 5290 ,

83 5302 193 5385 (apoc.
206 5323 258 5381 ιιι,
271 5305 320 5388 2).
924 5307 1084 5386 pientiam
1108 5305 1281 5398 invenient
1302 5307 1406 5370 illam.
1425 5309 1501 5372 Non
1521 5310 1558 5372 ut
1577 5311 1721 5376 stolidus

119 5404 325 5480 charissimi,
346 5405 417 5481 jam
441 5401 612 5465 moritura
642 5403 721 5466 sunt
748 5403 870 5467 animae
924 5419 1078 5478 moneas,
1100 5404 1179 5483 quia
1207 5404 1303 5482 pueri
1334 5403 1478 5468 Abrabae
1508 5406 1617 5470 adbuc
1644 5425 1721 5474 cum

85 5497 295 5575 subditorum,
320 5499 387 5563 nisi
407 5500 645 5563 confirmentur
671 5515 733 5580 per
755 5517 871 5566 curam
925 5503 1020 5566 asino
1058 5516 1103 5564 ex
1142 5501 1324 5566 stoliditate
1356 5504 1534 5582 expectant
1565 5509 1641 5569 euin
1678 5507 1721 5571 de

83 5597 115 5660 et
127 5599 384 5664 sollicitudinem
396 5597 867 5679 prelatommouitorpenus
924 5600 1035 5664 monte
1052 5599 1240 5664 venturum.
1261 5598 1324 5663 Sed
1340 5599 1377 5682 ui
1398 5604 1544 5678 procide
1568 5607 1721 5668 atreum-
