4076 6420
331 275 390 342 731
796 265 972 329 HONORII
993 263 1039 326 111
1060 261 1209 324 OPERA.
1225 291 1264 306 -
1280 256 1511 326 SERMONES.
1939 265 1996 326 aa».

333 434 427 498 noris
443 431 593 496 scientiae
616 431 658 494 de
683 443 748 510 qna
766 451 774 494 ε
790 433 873 494 Noa
886 427 978 490 nocti
997 423 1129 488 iridioai
1182 422 1364 486 adinstar
1384 423 1507 496 puncti
1535 419 1608 502 (xx,
1634 420 1681 505 5).
1704 426 1771 486 Per
1790 425 1992 499 avaritiam,

331 529 516 595 scientiam
528 526 597 608 (Ps.
614 529 663 600 18,
678 524 725 605 3).
739 527 785 588 nt
798 523 992 610 iniquitatis
1007 519 1048 582 de
1062 535 1128 598 qua
1182 519 1313 600 quando
1337 519 1436 582 bomo
1455 521 1599 599 jeiunat
1619 522 1654 584 et
1676 522 1763 600 quod
1783 523 1894 585 debet
1915 524 1993 586 dare

332 626 509 706 Apostolus
526 647 534 685 ι
551 628 615 692 Qui
628 623 816 696 dormiunt,
832 622 929 684 nocte
951 616 1129 682 dormiunt
1182 617 1384 697 pauperibus
1398 619 1529 695 reponit
1551 617 1614 680 sibl
1633 620 1687 682 vel
1708 621 1871 682 comedit.
1900 623 1992 684 Unde

333 727 368 789 et
382 728 440 800 oui
454 723 646 795 cortisani,
663 723 760 784 nocie
775 719 953 782 cortisani
967 715 996 796 (Ι
1010 717 1125 778 Thess.
1182 716 1340 778 Dominus
1362 732 1422 794 per
1438 715 1633 778 Zachariam
1655 734 1663 778 :
1683 721 1868 792 Numquid
1897 723 1993 792 ,1313-

332 839 366 896 r,
388 820 435 901 7).
460 821 500 882 Et
521 819 754 881 damnationis
780 817 933 888 aterna,
961 813 1001 875 de
1025 829 1090 890 qua
1118 833 1126 872 ε
1182 817 1281 876 nium
1295 814 1467 887 jejunasti
1489 817 1586 886 mint,
1612 820 1780 890 numquid
1799 832 1879 878 non
1899 821 1991 880 votis

332 919 500 992 mamre
539 931 619 980 cum
657 919 695 978 tn
734 917 893 977 tenebras
933 914 1129 975 anteriores
1182 911 1339 985 aretipsts
1347 912 1541 972 concedistis
1550 913 1585 973 et
1595 913 1726 974 61113113
1738 913 1856 992 (zeon
1869 932 1933 986 vu,
1945 918 1988 993 5).

334 1017 466 1099 (1131111.
494 1031 585 1088 xxn,
614 1013 678 1094 13).
710 1014 843 1075 Primus
868 1012 940 1073 dies
962 1009 1130 1072 illuminat
1184 1008 1255 1070 Sibi
1280 1009 1412 1087 jejunat
1441 1007 1498 1086 qui
1528 1009 1614 1086 qood
1641 1009 1808 1072 subtrahit
1838 1015 1987 1088 corpon',

332 1117 469 1188 terram,
490 1113 655 1175 secundus
677 1127 810 1189 corpus,
825 1110 947 1172 tertius
969 1109 1127 1180 animam,
1181 1107 1314 1184 reponit
1332 1105 1408 1168 sibi.
1422 1106 1599 1183 Apostolus
1614 1107 1655 1168 de
1667 1107 1731 1170 hac
1745 1109 1831 1171 dicit
1847 1129 1855 1171 ε
1871 1113 1989 1172 Radia

332 1215 471 1292 3333133
493 1227 612 1289 corpus
635 1211 669 1273 et
691 1209 848 1272 animam.
864 1207 1006 1268 Dcontra
1021 1205 1128 1283 prima
1182 1208 1514 1268 omniummalorum
1524 1205 1575 1266 est
1587 1206 1741 1268 ovantia
1752 1204 1985 1287 (1133310).

333 1327 402 1374 nox
413 1309 568 1372 obscurat
578 1309 714 1381 terram,
726 1305 871 1370 secunda
886 1320 1018 1381 corpus,
1030 1302 1129 1365 tertia
1183 1303 1265 1364 Item
1292 1323 1300 1362 ε
1328 1304 1446 1364 Minis
1472 1303 1667 1376 fornicator
1693 1304 1754 1365 aut
1781 1307 1987 1368 immundis

332 1410 490 1481 animam,
507 1407 624 1485 quarta
637 1421 757 1484 corpus
769 1405 803 1466 et
813 1404 970 1467 animam.
985 1401 1130 1474 Quadra·
1182 1401 1244 1462 out
1251 1414 1384 1462 anemis
1394 1415 1463 1461 non
1474 1400 1987 1481 moctdaeredttateminrepno

333 1507 427 1584 ginta
454 1506 566 1582 itaque
594 1503 710 1565 diebus
738 1503 771 1565 et
798 1501 950 1564 noctibus
978 1499 1129 1561 Christus
1184 1498 1312 1560 Cariati
1325 1498 1446 1560 etDet.

334 1603 501 1680 corporali
509 1601 638 1679 jejunio
650 1600 825 1678 jejunarit,
840 1601 877 1662 ut
888 1615 948 1660 nos
963 1595 1129 1676 spirituali
1224 1597 1289 1658 Per
1301 1595 1414 1671 gulam
1426 1617 1434 1672 3
1451 1595 1583 1674 quando
1598 1596 1698 1658 nimis
1707 1598 1816 1675 replet
1830 1599 1986 1661 uentrem

330 1700 461 1780 jeiunio
482 1699 518 1760 in
542 1698 658 1760 diebus
678 1697 919 1774 prosperitatis,
935 1696 968 1756 et
989 1695 1024 1756 in
1048 1709 1131 1755 noc-
1184 1710 1290 1767 suum,
1320 1693 1373 1756 vel
1399 1694 1543 1756 comedit
1565 1710 1641 1756 cum
1662 1711 1783 1772 magna
1809 1697 1985 1758 aviditate.

331 1797 422 1862 tibus
455 1795 666 1858 adversitatis
693 1811 714 1856 a
741 1793 832 1856 vitiis
860 1791 1043 1871 jejunando
1071 1807 1130 1869 per
1185 1792 1278 1854 Unde
1287 1791 1405 1854 beatus
1418 1792 1597 1868 Gregorius
1608 1794 1681 1854 :est
1695 1809 1817 1871 corpus
1830 1795 1988 1858 inresec-

333 1895 527 1971 decalogum
548 1893 657 1970 Legis
673 1893 705 1955 31
720 1891 969 1969 quaternarium
985 1904 1130 1964 evange-
1183 1889 1285 1951 tionis
1305 1889 1524 1952 delectatione
1543 1891 1733 1964 resolvitur,
1753 1907 1836 1953 caro
1852 1893 1926 1955 cito
1947 1894 1986 1954 ad

331 1994 471 2066 tiorum,
496 1990 798 2070 quadragenarium
826 1989 1035 2066 impleamus.
1064 1987 1126 2048 Sed
1183 1987 1354 2050 libidinem
1364 1987 1575 2072 ,ettraenatun
1591 1988 1710 2052 »Unde
1724 1989 1760 2050 in
1775 1991 1983 2067 Evangelio:

333 2093 371 2156 in
406 2090 535 2170 jeiuuio
580 2089 708 2151 esuriit.
752 2087 863 2159 Quidl
901 2087 976 2148 Non
1019 2085 1128 2147 cibum
1182 2085 1356 2148 Attendite
1371 2101 1414 2148 ne
1427 2087 1984 2162 pendeantcoraaoestraincru-

333 2188 495 2268 corporis,
512 2203 587 2250 cum
611 2187 644 2249 et
665 2187 738 2264 ipse
759 2185 803 2246 sit
821 2184 926 2257 cibus,
942 2184 1000 2245 sed
1019 2183 1128 2244 cibum
1178 2189 1262 2258 peda
1276 2185 1312 2246 et
1324 2185 1489 2247 ebrietate
1509 2183 1602 2264 (Luc.
1621 2197 1693 2254 xxr,
1708 2183 1775 2266 31).
1789 2188 1906 2257 Quare
1921 2190 1985 2248 Do-

332 2287 465 2350 mentis.
489 2287 601 2358 Beati,
624 2283 742 2362 inquit,
758 2285 817 2358 oui
844 2283 1003 2346 esuriunt
1026 2281 1060 2342 et
1079 2285 1130 2343 si-
1183 2281 1292 2343 minus
1325 2282 1466 2345 dixisset
1493 2282 1556 2345 hoo
1584 2283 1733 2356 verbum,
1763 2283 1832 2344 nisi
1858 2284 1983 2346 diffusa

333 2385 425 2448 tiunt
444 2385 624 2457 justitiam
647 2380 777 2462 (Matth.
800 2397 832 2454 v,
852 2379 898 2461 6).
925 2383 995 2442 Hac
1018 2378 1128 2442 esurie
1183 2380 1374 2442 commestio
1390 2381 1591 2458 essetgrare
1608 2383 1803 2458 peccatuml
1823 2382 1915 2443 Gula
1934 2385 1983 2445 at-

332 2483 405 2562 ipse
427 2497 494 2544 non
518 2497 625 2552 suam,
643 2480 701 2542 sed
718 2479 810 2542 tuam
826 2479 943 2540 esuriit
950 2477 1126 2556 justitiam.
1181 2478 1298 2540 tenuat
1321 2494 1456 2541 carnem
1476 2478 1621 2540 bominis
1640 2479 1719 2556 quia
1735 2479 1833 2542 multi
1852 2481 1983 2542 133133

333 2581 370 2645 Si
400 2596 480 2656 ergo
511 2578 644 2652 esuriit,
671 2577 830 2656 numquid
861 2592 927 2638 non
958 2575 1052 2637 dabis
1078 2575 1129 2636 illi
1182 2576 1360 2640 comedunt
1374 2577 1460 2654 quod
1475 2577 1687 2640 infirmantur
1704 2578 1757 2640 vel
1778 2578 1981 2640 moriuntur.

221 2731 223 2736 .
332 2677 553 2739 manducaret
567 2677 655 2738 Num
670 2675 840 2753 permittes
855 2691 931 2736 eum
945 2673 1129 2736 13336311-
1183 2674 1267 2735 Gula
1282 2673 1432 2736 debilrtat
1446 2675 1613 2748 virtutem,
1631 2674 1709 2753 quia
1724 2675 1882 2738 homines
1896 2677 1984 2738 mul-

331 2791 408 2838 cere
432 2774 489 2853 qui
512 2775 545 2837 13
559 2773 650 2836 venit
672 2773 833 2835 reficeret
855 2777 941 2840 Cum
957 2773 1128 2846 jejunatis
1182 2771 1251 2835 tum
1267 2773 1475 2836 comedentes
1497 2789 1633 2835 necesse
1662 2773 1713 2835 est
1738 2789 1813 2834 esse
1839 2774 1980 2848 debitae,

331 2876 434 2937 nolite
466 2875 545 2946 lteri
567 2872 657 2934 sicta
679 2872 866 2947 anpocritoe
887 2871 1007 2934 tristes
1025 2887 1037 2932 :
1058 2885 1126 2932 ca·
1182 2871 1261 2948 qula
1290 2885 1412 2947 magna
1446 2870 1580 2932 sarcina
1619 2871 1746 2933 ventris
1782 2875 1979 2948 gravantur.

331 2971 525 3033 terminant
555 2972 649 3031 enim
676 2971 783 3044 sactes
810 2983 903 3042 suas,
918 2969 958 3030 ut
975 2967 1127 3042 pareant
1183 2968 1277 3030 Unde
1305 2969 1584 3032 Ecclesiasticus:
1612 2971 1736 3032 Melior
1759 2969 1813 3032 est
1841 2985 1982 3045 pauper

331 3065 731 3138 aomtnimnjejunantcs
746 3063 877 3144 (Matth.
893 3081 938 3137 ιιι,
954 3063 1018 3144 16).
1180 3081 1299 3139 sanus,
1316 3067 1350 3128 et
1362 3067 1466 3142 sortis
1480 3069 1623 3138 uiribus,
1640 3081 1745 3141 quam
1757 3071 1855 3130 dives
1878 3071 1983 3142 infir*

379 3163 526 3238 Quatuor
556 3160 663 3224 modis
696 3161 920 3239 corrumpitur
947 3161 1124 3240 jejunium,
1181 3179 1259 3225 mers
1282 3163 1316 3226 et
1339 3167 1513 3228 imbeciuts
1531 3163 1671 3244 (Diocles.
1697 3181 1780 3237 xxx,
1802 3163 1869 3244 11).
1898 3167 1982 3228 Gula

329 3261 495 3334 videlicet,
511 3260 646 3339 propter
659 3259 840 3331 tristitiam,
862 3259 997 3336 propter
1009 3260 1126 3322 33311-
1181 3260 1336 3324 obscurat
1354 3262 1528 3336 rationem,
1550 3261 1628 3340 quia
1647 3263 1734 3326 sicut
1754 3263 1835 3325 dicit
1849 3266 1982 3341 Hyaro-

328 3362 422 3434 iiam,
439 3359 574 3438 propter
586 3357 709 3434 gulam,
719 3357 752 3419 31
761 3357 895 3434 propter
905 3357 1124 3422 iracundiam.
1181 3359 1346 3422 nimum
1366 3360 1506 3436 Pinguis
1517 3362 1633 3423 venter
1643 3377 1709 3424 non
1721 3361 1830 3438 gignit
1842 3363 1981 3424 tenuem

331 3464 397 3524 Per
406 3457 589 3529 tristitiam,
600 3457 636 3518 in
650 3455 843 3533 hypocritis,
856 3455 934 3534 quia
949 3456 1128 3520 ostendunt
1181 3473 1325 3520 sensum.
1356 3473 1375 3518 a
1411 3459 1466 3521 Sic
1502 3458 1592 3521 enim
1625 3475 1646 3520 a
1674 3459 1757 3523 cibis
1785 3461 1981 3537 jeJunemus

326 3558 457 3622 tristem
471 3555 591 3618 taciem
611 3554 647 3616 ut
664 3553 841 3616 videantur
863 3554 1053 3617 bominibus
1068 3557 1125 3632 je·
1180 3554 1215 3616 in
1250 3571 1408 3634 corpore,
1441 3556 1527 3634 quod
1553 3573 1574 3618 3
1600 3556 1692 3620 vitiis
1716 3559 1913 3635 jejunemus
1945 3559 1979 3620 in

325 3661 459 3736 junare,
474 3654 561 3715 sicut
574 3651 697 3715 dicitur
709 3651 745 3714 in
760 3652 940 3728 Evangelio
957 3653 1044 3730 quod
1063 3669 1126 3714 au·
1179 3655 1300 3716 mente.
1316 3653 1422 3716 Aliter
1435 3653 1524 3716 enim
1536 3654 1578 3716 ad
1590 3655 1757 3716 modicum
1774 3654 1864 3718 valet
1882 3659 1979 3734 jeju-

328 3754 424 3818 distis
441 3775 449 3814 3
466 3751 740 3824 Cumjejunatis,
757 3751 860 3812 nolite
873 3752 952 3823 liert
966 3751 1055 3814 sient
1068 3755 1125 3826 bn·
1179 3751 1283 3824 ulum,
1307 3751 1394 3814 sicut
1414 3752 1574 3815 Dominus
1594 3754 1613 3815 J
1616 3752 1720 3816 udaeis
1741 3753 1978 3830 improperans

326 3851 471 3930 pocritae
497 3849 617 3911 tristes
636 3845 748 3928 (ibid).
776 3848 965 3924 Hypocritae
998 3847 1124 3910 similes
1179 3847 1246 3910 ait:
1267 3851 1571 3924 Gumjer'unaretis
1580 3851 1886 3928 perscptnapinta
1910 3868 1978 3914 αη-

328 3951 408 4013 sunt
427 3946 613 4026 sepulchris
633 3943 805 4018 dealbatis,
827 3945 884 4024 qui
903 3945 985 4007 toris
1005 3948 1123 4009 osten·
1178 3961 1251 4020 nos,
1267 3949 1630 4022 nonaquidjejunastis
1647 3950 1754 4010 milui
1776 3945 1893 4026 (zach.
1915 3966 1976 4022 vn,

327 4047 400 4111 tant
413 4043 601 4107 bominibus
617 4043 837 4116 sanctitatem,
851 4043 941 4104 intus
955 4044 1125 4107 occultant
1177 4042 1222 4123 5).
1242 4043 1282 4111 Et
1304 4044 1406 4106 alibi:
1429 4048 1640 4109 Neomenias
1667 4046 1805 4108 vestras
1827 4047 1978 4120 311313-

328 4141 557 4221 tarquinum,
587 4140 668 4201 ioris
692 4139 770 4202 sunt
795 4140 905 4202 ornati
931 4140 1120 4216 virtutibus,
1177 4146 1276 4206 nium
1297 4143 1454 4205 vestrum
1471 4144 1615 4216 amarat
1638 4147 1758 4206 anima
1776 4143 1932 4223 mea(1s.
1945 4159 1975 4216 n,

327 4240 418 4303 intus
426 4239 536 4300 autem
544 4236 634 4314 pleni
644 4237 868 4299 suntmortuis
876 4237 1121 4314 ossibusidest,
1177 4237 1242 4320 14).
1267 4241 1425 4318 Magnum
1446 4239 1548 4317 igitur
1573 4241 1607 4303 et
1626 4239 1773 4302 salutare
1793 4241 1974 4318 jejunium,

328 4334 569 4415 iniquitatibus.
579 4333 674 4395 Foris
689 4331 843 4396 videntur
858 4336 967 4397 ornati
976 4337 1119 4414 justitia,
1177 4338 1228 4400 est
1238 4354 1258 4400 a
1270 4339 1361 4401 vitiis
1376 4338 1555 4412 declinare,
1567 4338 1716 4416 alioquin
1730 4353 1798 4400 uon
1814 4341 1868 4402 est
1878 4355 1978 4400 sano-

326 4438 416 4500 intus
438 4434 514 4496 sunt
532 4431 622 4510 pleni
644 4431 815 4509 spurcitia.
833 4435 941 4505 Quare
955 4432 1038 4497 bene
1053 4437 1123 4512 sig·
1176 4437 1245 4497 tum
1256 4436 1432 4513 jejunium,
1449 4436 1507 4498 sed
1522 4435 1737 4498 immundum.

326 4533 496 4598 nitlcatum
516 4531 566 4594 est
582 4530 617 4591 in
633 4529 721 4592 idolo
736 4529 884 4592 Danielis
899 4533 985 4609 quod
999 4534 1123 4598 intrin-
1217 4537 1281 4595 Per
1300 4532 1521 4610 iracundiam
1547 4533 1678 4612 quando
1697 4534 1739 4595 ad
1760 4534 1826 4596 hoc
1842 4536 1977 4612 jejunat

325 4631 502 4697 secuserat
511 4629 636 4691 luteum
645 4628 1119 4694 etextrinsecuserataeneum.
1175 4630 1285 4706 homo,
1322 4633 1359 4694 ut
1392 4631 1594 4694 13313111133
1621 4634 1654 4694 31
1681 4631 1919 4694 contentiones
1945 4632 1976 4694 et

324 4731 426 4796 Recte
457 4727 631 4807 hypocrita
662 4726 866 4790 assimilatur
900 4728 1005 4798 idolo,
1042 4731 1120 4808 quia
1175 4729 1721 4808 3333333333631331333331.
1739 4728 1974 4791 Undelsaias:

323 4831 396 4897 vult
415 4826 576 4891 honorari
596 4825 638 4887 ab
660 4824 863 4898 hominibus,
889 4827 977 4889 sicut
996 4827 1121 4890 idolum
1174 4831 1262 4889 Ecce
1280 4830 1325 4888 ad
1342 4828 1419 4891 lites
1438 4827 1472 4888 et
1490 4826 1726 4890 contentiones
1736 4827 1929 4900 jejunatis,
1945 4827 1975 4890 ct

323 4929 482 4994 adoratur
504 4923 708 5002 agentibus.
741 4924 781 4985 at
805 4925 892 4985 sicut
919 4924 1043 4986 idolum
1069 4927 1121 4989 est
1171 4926 1354 4998 percutitis
1362 4927 1595 5001 pnonoimpic
1611 4922 1770 5003 (13333,
1784 4921 1935 5003 spargo
1949 4925 1974 4986 si

322 5029 434 5104 imago
463 5022 609 5086 hominis
634 5021 706 5083 sine
730 5021 852 5094 anima,
876 5022 923 5084 ita
947 5022 1120 5100 hypocrita
1174 5021 1273 5098 digne
1304 5022 1457 5084 volumus
1494 5021 1664 5084 celebrare
1687 5021 1879 5099 jejunium,
1912 5023 1975 5084 boc

322 5125 424 5189 babet
442 5121 650 5184 sanctitatem
672 5120 743 5182 sine
768 5119 951 5182 intentione
965 5120 1064 5184 bona.
1080 5125 1120 5184 Et
1170 5119 1334 5196 jejunium
1358 5135 1427 5197 prae
1446 5119 1576 5182 caeteris
1591 5118 1817 5190 observemus,
1845 5119 1889 5180 de
1912 5137 1974 5198 quo

322 5223 409 5286 sicut
430 5219 540 5282 idolus
561 5219 611 5279 est
631 5216 831 5279 intrinsecus
857 5217 983 5280 luteum
1002 5219 1036 5282 et
1054 5236 1118 5282 ex·
1173 5219 1332 5280 Dominus
1349 5217 1496 5295 loquitur
1518 5233 1578 5296 per
1596 5216 1803 5295 prophetam.
1826 5217 1902 5279 Hoc
1927 5218 1974 5279 est

320 5323 486 5386 trinsecus
502 5331 642 5389 aeneum,
659 5315 706 5377 ita
720 5315 894 5392 hypocrita
918 5316 1118 5380 intrinsecus
1173 5319 1281 5395 majus
1298 5315 1464 5393 jeiunium
1486 5315 1572 5393 quod
1581 5314 1687 5391 elegi:
1702 5312 1856 5376 Dissolve
1877 5316 1974 5376 oolli-

321 5419 467 5483 ocoultat
492 5430 585 5476 suam
614 5413 826 5492 spurcitiam,
851 5413 885 5475 et
909 5413 1118 5478 extrinsecus
1172 5413 1324 5489 gationes
1353 5413 1598 5490 impietatis.....
1621 5411 1678 5492 (ls.
1704 5427 1802 5483 nvrn,
1824 5410 1873 5492 6).
1891 5415 1972 5474 Tres

322 5515 466 5580 ostendit
486 5527 640 5590 magnam
660 5511 837 5590 justitiam.
861 5513 901 5574 at
922 5512 985 5582 Job
1002 5534 1009 5572 :
1026 5517 1118 5576 Laus
1172 5511 1249 5572 sunt
1273 5509 1504 5586 colligationes
1518 5509 1699 5589 impietatis
1719 5509 1970 5580 haereticorum,

321 5610 1118 5691 133333333333131333313333333313
1171 5608 1205 5672 et
1225 5609 1449 5688 peccatorum,
1481 5609 1515 5672 et
1544 5608 1785 5672 damnatorum.
1817 5608 1970 5686 Colliga-
