4084 6428
299 237 357 300 931
763 239 940 302 HONORII
962 239 1007 301 111
1029 239 1181 302 OPERA:
1196 269 1235 284 -·
1251 237 1484 304 SERMONES.
1905 242 1980 304 932

295 398 430 475 dignior
444 397 478 460 et
491 396 691 460 eminentior
705 399 825 460 oaetero
844 397 1026 461 sacerdotis
1041 413 1098 461 or-
1151 399 1261 462 ribusl
1289 399 1353 462 Sed
1379 399 1463 478 proh
1476 399 1595 478 pudor!
1614 400 1765 463 Christus
1790 398 1974 476 ascendii,

297 498 390 558 natu.
415 498 509 558 Hanc
532 494 621 557 enim
648 497 802 558 Summus
823 495 978 558 Pontifex
998 499 1098 559 Jesus
1152 498 1208 560 sed
1238 513 1299 560 nos
1318 497 1561 560 descendimus.
1583 498 1733 560 Christus
1749 499 1884 577 bajulis
1901 516 1978 560 nu·
2034 551 2035 568 ,

298 593 460 666 Christus,
486 594 543 671 qui
566 593 617 654 est
640 594 795 655 sacerdos
809 594 845 654 in
860 594 1021 655 aeternum
1043 609 1098 655 se-
1151 595 1260 668 hibuS,
1275 597 1307 657 et
1322 612 1383 656 nos
1398 595 1610 674 circumsepti
1625 596 1783 658 tenebris
1801 598 1974 658 Christus
2034 579 2035 642 1

298 691 440 752 cundum
465 690 615 753 ordinem
637 691 892 764 Melchisedech,
909 691 1095 754 evidentis·
1151 693 1193 754 ad
1208 693 1339 765 coelum,
1356 695 1389 754 et
1412 709 1472 755 nos
1497 694 1538 755 ad
1551 693 1757 755 barathrum.
1773 696 1862 766 Quia
1882 711 1973 770 ergo

298 789 380 850 sime
400 788 493 850 nohis
517 789 678 860 exhihuit,
707 788 784 849 dum
810 804 870 866 pro
885 788 980 850 nohis
996 789 1095 850 homo
1152 789 1208 850 nbi
1235 791 1334 852 luerit
1362 807 1481 868 corpus
1507 791 1578 852 illic
1608 791 1914 868 congregabuntur
1937 795 1972 855 et
2034 787 2035 852 3

298 886 404 949 iactus
419 888 557 950 mortem
581 885 735 962 gustavit,
753 901 817 963 qua
833 887 1001 947 hominem
1019 902 1097 963 per·
1152 888 1284 964 aquilae,
1302 887 1335 949 et
1350 887 1427 965 quia
1444 889 1606 950 iunctam
1620 905 1776 964 magnum
1791 889 1861 951 iuit
1877 907 1970 966 gau-
2034 897 2035 952 i

299 987 431 1046 euntem
454 985 605 1056 redemit,
624 983 711 1060 quod
736 984 825 1045 inter
853 984 966 1045 omnia
995 999 1096 1060 opera
1151 981 1241 1043 dium
1254 983 1498 1059 Apostolorum,
1517 982 1724 1059 quodsermo
1739 987 1894 1061 nequeat
1910 1002 1971 1046 ex·
2034 969 2035 1050 1

297 1081 361 1144 init
390 1082 571 1158 egregium.
608 1081 702 1142 Unde
743 1081 778 1142 in
820 1081 935 1142 eadem
972 1080 1096 1142 lamina
1152 1079 1287 1156 plicare,
1312 1079 1389 1157 quia
1417 1079 1586 1141 ineffabile
1612 1079 1675 1141 luit
1702 1096 1778 1141 cum
1802 1081 1969 1144 viderent
2034 1085 2035 1098 ³

298 1179 457 1256 scripturn
478 1181 551 1241 erat
573 1177 745 1240 ineffabile
769 1193 888 1240 nomen
910 1177 970 1240 Del
993 1179 1099 1241 tetra·
1152 1177 1318 1238 Christum
1339 1177 1374 1237 in
1396 1177 1516 1239 coelurn
1538 1178 1732 1250 ascendere,
1755 1179 1849 1240 recte
1877 1179 1969 1241 dici-

299 1278 518 1352 grammaton,
540 1275 636 1350 idest,
653 1277 796 1354 quatuor
815 1275 1014 1348 litterarum,
1031 1275 1099 1337 soi·
1151 1275 1206 1335 tur
1233 1297 1240 1335 ε
1267 1275 1429 1336 Ascendit
1452 1279 1545 1336 Deris
1569 1279 1607 1336 tn
1626 1277 1847 1348 jubilatione.
1880 1279 1965 1337 Cum

296 1372 375 1434 licet
388 1377 461 1446 jod,
481 1377 533 1449 he,
548 1389 628 1446 vau,
646 1373 744 1446 bellu
759 1372 846 1450 quod
860 1373 1098 1450 interpretatur
1147 1371 1348 1449 jubilatione
1362 1371 1523 1444 ascendit,
1542 1373 1620 1450 quia
1642 1373 1783 1435 elevatis
1798 1373 1968 1435 manibus

292 1473 507 1544 principium
526 1470 609 1530 ottae
628 1471 802 1544 passionis
821 1470 902 1530 Iste.
923 1472 970 1531 Ac
994 1469 1023 1530 si
1045 1469 1098 1530 di·
1152 1468 1319 1532 terebatur
1341 1470 1377 1530 in
1401 1469 1538 1542 coelum,
1565 1471 1598 1531 et
1620 1469 1794 1532 benedixit
1817 1471 1906 1543 illie,
1932 1475 1966 1534 et
2034 1543 2035 1554 2

297 1569 387 1628 cerei
402 1588 409 1626 ι
426 1565 496 1638 ille,
509 1569 604 1643 cujus
620 1566 692 1627 haec
704 1565 823 1642 ligura,
837 1567 887 1630 est
900 1565 994 1627 nobis
1009 1567 1099 1643 prin·
1152 1581 1225 1629 cum
1248 1565 1450 1645 jubilatione
1472 1566 1667 1644 angelorum
1690 1569 1747 1645 qui
1768 1569 1963 1631 dixerunt:
2034 1583 2035 1608 1

297 1663 420 1742 cipium
442 1663 520 1723 vitae
547 1679 606 1740 per
633 1663 834 1739 passionem.
857 1665 967 1726 Vitam
994 1664 1094 1737 enim,
1156 1667 1469 1738 rememoraturus
1482 1665 1583 1726 stattr
1597 1668 1824 1740 respicientes
1838 1670 1880 1727 tn
1891 1683 1966 1728 οω-
2034 1731 2035 1744 ,

298 1775 397 1837 quam
417 1759 621 1836 perdidimus
636 1775 696 1836 per
707 1759 822 1832 Adam,
838 1761 988 1840 Christus
1001 1761 1096 1823 nobis
1150 1763 1278 1824 tumr...
1292 1759 1379 1841 (Act.
1394 1777 1418 1834 r,
1436 1760 1506 1842 11);
1519 1762 1965 1841 etcumjubilationeApos·
2034 1837 2035 1844 ἵ

297 1873 358 1935 per
378 1857 566 1934 passionem
580 1857 803 1933 recuperavit,
826 1856 912 1934 quod
928 1859 1048 1918 mirum
1063 1858 1097 1920 et
1150 1859 1309 1932 tolonum,
1338 1860 1416 1937 quia
1445 1859 1573 1922 reversi
1600 1859 1677 1921 sunt
1702 1861 1737 1921 in
1763 1861 1962 1924 ienisalem

296 1952 465 2015 ineffabile
479 1953 563 2016 adeo
578 1954 639 2026 est,
662 1955 699 2016 ut
719 1968 853 2016 sensum
869 1954 1011 2017 excellat
1031 1955 1097 2016 hu·
1150 1955 1324 2018 laudantes
1336 1958 1371 2018 et
1381 1945 1615 2018 benedicentes
1631 1959 1746 2018 Deum.
2034 2031 2035 2036 ἵ

295 2067 442 2114 manum.
1191 2055 1295 2126 Quam
1316 2054 1493 2116 manifeste
1515 2055 1675 2124 ascendit,
1707 2055 1856 2118 ostendit
1879 2073 1958 2118 cum
2034 2105 2035 2114 ,

337 2148 428 2221 Quod
452 2147 540 2210 enim
564 2147 732 2210 infirmum
757 2149 810 2211 est
831 2149 890 2210 Dei
912 2147 1030 2212 lortius
1045 2150 1096 2212 est
1150 2151 1232 2213 dicit
1246 2172 1253 2211 ε
1267 2153 1313 2212 et
1326 2155 1497 2214 Domtnns
1506 2156 1544 2213 in
1558 2167 1638 2214 voce
1649 2153 1738 2214 tnboe
1752 2150 1825 2232 (Ps.
1842 2155 1897 2226 46,
1910 2153 1959 2233 6).
2034 2171 2035 2232 t

295 2241 496 2318 hominihus,
514 2248 547 2308 et
559 2247 645 2324 quod
661 2247 797 2308 stultum
814 2248 865 2309 est
877 2247 946 2320 Dei,
962 2247 1096 2326 sapien·
1150 2250 1187 2309 In
1202 2249 1398 2310 ascensione
1409 2249 1531 2310 Christi
1540 2265 1605 2311 non
1619 2249 1742 2325 legitur
1752 2249 1859 2312 fuisse
1875 2251 1956 2313 tuba
2034 2287 2035 2332 3

295 2345 361 2406 tius
383 2345 433 2405 est
453 2343 654 2406 hominihus.
675 2344 759 2416 Quid
787 2345 875 2406 enim
907 2345 1095 2406 mirabilius
1149 2346 1228 2417 alia,
1245 2345 1311 2406 nisi
1326 2346 1465 2408 illavox
1485 2347 1639 2422 angelica
1660 2347 1859 2424 quaedinit:
1881 2352 1956 2410 Vtri
2034 2359 2035 2424 ξ

295 2457 394 2519 quam
418 2443 524 2504 morte
545 2443 692 2502 mortuos
718 2442 882 2504 suscitare
905 2442 963 2504 aut
983 2443 1096 2504 viriii-
1149 2446 1316 2505 suaet...
1337 2447 1411 2506 Vox
1435 2443 1525 2505 enim
1551 2444 1744 2520 angelorum
1759 2443 1958 2523 frequenter

295 2539 419 2600 liceret
435 2554 534 2616 quam
555 2539 656 2611 vinci,
670 2539 703 2601 et
717 2539 752 2600 in
768 2539 830 2601 hoc
845 2541 1000 2602 uinceret
1014 2539 1095 2612 Quis
1148 2539 1228 2600 tuba
1243 2541 1375 2614 dicitur,
1390 2541 1489 2618 Juxta
1504 2541 1585 2602 illud
1604 2542 1824 2620 Apocalypsis
1842 2564 1850 2602 ι
1877 2547 1954 2604 An·
2034 2559 2035 2608 1

295 2637 384 2698 enim
404 2636 513 2712 attigit
527 2636 591 2697 hoc
606 2638 785 2697 arcanuml
800 2637 875 2714 quis
895 2653 962 2699 non
982 2636 1093 2698 admi·
1147 2643 1245 2714 petus
1259 2639 1339 2700 tuoe
1358 2638 1482 2700 cecinit
1497 2636 1613 2717 (Apoc.
1629 2653 1703 2712 vni,
1723 2638 1758 2719 7)
1780 2639 1882 2712 idest,
1897 2641 1952 2701 lo·
2034 2707 2035 2722 χ

292 2733 389 2796 ratur
403 2731 466 2794 hoc
486 2733 707 2810 protunduml
720 2733 878 2796 Ascendit
899 2735 988 2795 enim
1004 2734 1095 2796 occi-
1149 2734 1245 2796 cutus
1259 2735 1320 2796 est.
1338 2736 1468 2796 inroce
1487 2749 1567 2811 ergo
1586 2735 1685 2808 tubae,
1706 2735 1804 2809 idest,
1818 2737 1856 2798 in
1870 2753 1954 2798 roco
2034 2737 2035 2816 ζ

293 2829 401 2892 dendo
419 2829 599 2891 secundum
615 2829 695 2892 illud
713 2851 721 2890 τ
737 2833 802 2896 (lut
820 2831 1096 2906 meenditsuper
1149 2832 1344 2908 angelorum
1369 2832 1521 2893 Christus
1547 2833 1710 2903 ascendit,
1735 2834 1823 2896 sicut
1844 2835 1954 2912 scrip-
2034 2827 2035 2870 ἶ

292 2943 452 2990 occasum
463 2930 632 2988 Dominus
645 2942 771 2989 nomen
784 2929 837 2989 est
851 2932 883 2989 et
899 2927 968 3006 (Ps.
982 2930 1032 3000 67,
1046 2925 1092 3007 5).
1148 2931 1218 2991 tum
1240 2931 1312 2992 est:
1339 2932 1491 3004 (inmune
1517 2931 1742 2994 intuerentur
1766 2935 1803 2992 in
1828 2937 1951 2994 coeinm

294 3023 576 3084 Tuncenimeum
589 3024 766 3084 Dominum
781 3022 1095 3101 ioreprincepsno-
1149 3028 1288 3089 euntem
1313 3030 1418 3098 mum,
1445 3041 1521 3089 ecce
1549 3030 1615 3089 duo
1640 3030 1710 3088 utri
1738 3026 1825 3107 (Act
1849 3043 1873 3100 1,
1899 3028 1951 3110 10)

292 3120 352 3192 vit,
375 3120 411 3180 in
435 3121 530 3194 cujus
562 3119 667 3179 morte
691 3118 782 3180 vires
808 3135 887 3180 suas
913 3119 1094 3183 adnihilari
1150 3123 1245 3196 idest,
1262 3123 1326 3184 duo
1345 3123 1457 3199 angeli
1480 3124 1515 3184 in
1539 3123 1649 3201 specie
1664 3125 1814 3186 virorum
1830 3127 1951 3188 astite-

294 3215 481 3293 praesensit,
504 3213 590 3274 sicut
611 3229 670 3290 per
692 3215 811 3274 Oseam
833 3214 1027 3292 prophetam
1043 3215 1095 3276 di·
1149 3220 1228 3281 runt
1249 3219 1347 3296 juxta
1374 3221 1451 3282 illos
1477 3219 1513 3281 in
1540 3220 1688 3284 restibus
1712 3221 1810 3294 albis,
1838 3224 1896 3300 qui
1920 3223 1954 3284 et

294 3315 339 3374 cit
354 3316 554 3373 :bremens
567 3313 637 3383 tuo,
652 3325 788 3385 omcrs,
803 3312 836 3374 et
850 3327 988 3376 morsus
1001 3315 1093 3388 tuus,
1149 3317 1307 3379 dixerunt
1322 3339 1330 3378 ι
1345 3321 1419 3379 Vnt
1433 3321 1564 3380 Getttaet
1566 3361 1626 3378 .....
1637 3321 1683 3380 De
1698 3318 1761 3380 hac
1775 3319 1856 3380 tuba
1871 3319 1953 3382 dicit
2034 3323 2035 3398 ξ

293 3412 463 3484 oloferne
487 3406 598 3488 (Osee,
619 3425 693 3481 1111,
716 3407 781 3488 11).
807 3411 946 3472 Mortem
971 3412 1093 3491 quippe
1149 3414 1350 3493 Apostolus:
1368 3417 1770 3490 ipsehominnsintuba
1789 3419 1953 3479 Detetin
2034 3419 2035 3470 1

294 3512 328 3570 ο1
343 3524 419 3570 eum
434 3506 491 3584 qui
506 3506 648 3568 hahebat
662 3507 779 3569 mortis
791 3507 979 3586 imperium,
995 3510 1093 3584 idest,
1149 3528 1230 3576 voce
1243 3517 1442 3590 archangeli
1455 3515 1628 3576 deseendit
1648 3517 1690 3576 de
1704 3519 1787 3576 coeto
1802 3514 1833 3594 (Ι
1847 3515 1949 3577 Thes.

295 3605 462 3668 diabolum
490 3605 641 3666 Christus
668 3621 728 3666 sua
755 3605 912 3682 passione
943 3609 1094 3684 peremit,
1150 3625 1197 3679 ιν,
1211 3610 1275 3689 15).
1293 3611 1487 3672 sicutenim
1503 3609 1583 3672 tuba
1598 3613 1848 3688 congregantur
1862 3613 1953 3672 mili·
2034 3605 2035 3636 ³

297 3706 331 3766 et
362 3703 530 3764 internum
565 3701 752 3775 momordit,
780 3703 836 3780 qui
871 3703 1019 3780 captivos
1054 3721 1097 3767 ex
1150 3710 1212 3781 tes,
1228 3709 1276 3770 ita
1287 3707 1447 3770 Dominus
1459 3707 1596 3770 vocibus
1609 3709 1804 3785 angelorum
1813 3727 1950 3771 suorum

296 3802 388 3878 parte
412 3799 566 3862 liberavit
593 3815 660 3861 non
688 3815 732 3861 ex
749 3801 830 3872 toto,
844 3801 881 3862 nt
905 3802 991 3877 quod
1005 3818 1098 3863 mor-
1151 3806 1186 3865 in
1199 3806 1252 3867 die
1261 3805 1381 3882 judicii
1395 3805 1610 3884 congregabit
1629 3807 1763 3880 electos,
1781 3807 1840 3884 qrri
1855 3807 1951 3870 modo

296 3899 401 3971 detur,
426 3913 492 3959 non
516 3913 559 3958 ex
579 3897 647 3958 toto
668 3897 821 3969 sumitur,
845 3897 968 3959 sodex
989 3906 1094 3976 parte.
1151 3903 1292 3980 dispersi
1306 3904 1383 3965 sunt
1395 3919 1455 3980 per
1469 3903 1637 3965 mundum.
1655 3904 1749 3966 Unde
1765 3906 1840 3981 ipse
1857 3906 1906 3966 ait
1915 3907 1951 3966 in

295 3996 336 4059 nt
349 3996 468 4057 merito
490 3995 613 4056 lamina
628 3994 758 4071 reliquo
776 3995 960 4058 sacerdotis
977 3997 1096 4060 ornatu
1151 4000 1350 4076 Evangelio:
1362 4001 1477 4062 Mittet
1487 4002 1520 4063 et
1532 4005 1642 4064 itlius
1653 4005 1802 4064 bominis
1811 4009 1951 4079 angens

288 4093 476 4165 eminebat,
507 4091 585 4169 quia
613 4090 785 4153 miseratio
818 4092 878 4154 Dei
912 4095 965 4155 ost
996 4109 1098 4172 super
1150 4113 1231 4160 suos
1245 4113 1324 4161 enm
1339 4099 1419 4161 turbe
1439 4099 1476 4160 et
1498 4113 1579 4161 voce
1597 4115 1736 4176 inagna,
1752 4101 1949 4177 etconpre·

297 4190 408 4252 omnia
428 4203 529 4265 opera
551 4191 633 4264 ejus,
651 4191 746 4264 cujus
765 4189 928 4266 exemplo,
952 4193 988 4252 ut
1009 4207 1099 4269 prae-
1150 4198 1279 4274 pnbnnt
1310 4197 1432 4258 eoectoa
1452 4200 1527 4269 ejus
1553 4198 1751 4271 aduatuci·
1777 4199 1950 4272 sentiae

297 4286 421 4346 dictum
447 4286 513 4357 est,
537 4284 571 4346 et
596 4299 657 4345 nos
678 4285 719 4346 ad
744 4285 1007 4350 misericordiam
1030 4307 1097 4353 mo-
1150 4307 1287 4356 nmmo
1325 4293 1433 4355 terroe
1468 4308 1576 4368 unque
1605 4297 1651 4356 ad
1679 4309 1857 4356 summum
1877 4301 1950 4358 coed

296 4397 426 4446 nemun.
1151 4389 1283 4471 (matth.
1300 4407 1396 4464 xxiv,
1410 4388 1475 4471 31).

338 4483 538 4543 Oasoensns
552 4476 728 4552 mirabilis,
742 4495 807 4558 quo
825 4481 916 4544 terra
938 4481 1043 4547 fertur
1062 4485 1096 4546 in
1191 4491 1260 4550 iios
1287 4488 1430 4566 quatuor
1461 4501 1620 4550 ascensus
1649 4489 1772 4550 Christi
1800 4489 1950 4566 designat

298 4578 429 4650 coelum,
446 4574 555 4653 pulvis
577 4575 620 4636 ad
645 4576 817 4640 dexteram
833 4579 953 4654 Patris,
969 4584 1003 4645 et
1018 4599 1096 4646 soa-
1151 4585 1314 4658 Ezechiel,
1331 4586 1388 4663 qui
1404 4587 1519 4648 narrat
1533 4601 1570 4648 se
1582 4586 1708 4648 vidisse
1720 4589 1864 4664 quatuor
1878 4589 1950 4650 ani-

297 4675 420 4737 bellum
439 4671 558 4752 pedum
574 4675 646 4751 eJus
667 4674 754 4738 sedit
775 4675 815 4736 ad
838 4677 1009 4740 dexmram
1024 4697 1098 4742 ma·
1152 4685 1263 4756 malla,
1281 4699 1420 4762 quorum
1435 4684 1578 4761 primurn
1597 4684 1874 4747 hahebatiaciem
1890 4687 1949 4747 bo-

293 4771 424 4852 jestatis
438 4774 510 4849 ejus
530 4771 564 4832 in
584 4771 744 4834 excelsis!
769 4775 794 4834 0
816 4774 988 4850 ingressus
1003 4793 1098 4840 ama·
1151 4781 1262 4854 minis,
1272 4782 1454 4844 secundum
1462 4780 1716 4855 vituli,tertium
1726 4781 1845 4855 leonis,
1856 4799 1950 4861 quar·

296 4870 384 4942 bilis,
401 4883 466 4947 quo
492 4869 611 4931 natura
634 4869 747 4932 nostra
769 4869 810 4931 de
831 4872 935 4933 exilio
953 4874 1040 4937 redit
1055 4876 1097 4937 ad
1150 4879 1221 4940 tum
1252 4894 1333 4940 vero
1359 4877 1503 4940 hahebat
1538 4878 1791 4940 similitudinem
1815 4880 1946 4957 aquilae.

299 4967 442 5046 patriam
456 4966 636 5043 propriam,
653 4966 694 5027 de
707 4967 823 5029 umbra
833 4970 950 5031 mortis
962 4971 994 5033 et
1009 4971 1098 5036 tene·
1152 4979 1231 5049 Quae
1256 4976 1368 5038 omnia
1388 4975 1535 5053 protecto
1556 4975 1722 5038 Christum
1750 4977 1947 5054 figurabant

298 5065 368 5127 bris
392 5064 432 5125 ad
459 5062 567 5124 lucem
591 5063 867 5134 inaccessibilem,
887 5065 1096 5132 deductibus
1151 5075 1226 5152 ipse
1239 5089 1382 5151 namque
1397 5073 1447 5134 est
1461 5072 1571 5146 homo,
1586 5074 1618 5134 et
1627 5071 1764 5147 vitulus,
1783 5077 1817 5137 et
1837 5075 1902 5148 leo,
1918 5078 1950 5139 et

296 5159 497 5228 turbationis
524 5159 567 5220 ad
599 5162 730 5237 portum
762 5164 1040 5240 tranquillitatis!
1071 5171 1097 5230 0
1151 5171 1277 5249 aquila.

297 5259 431 5337 requies
455 5255 665 5334 exoptabilis,
683 5273 747 5334 qua
769 5273 848 5322 caro
868 5263 1047 5339 requiescit
1060 5266 1096 5327 in
1190 5271 1296 5330 Homo
1317 5283 1459 5346 namque
1480 5267 1547 5330 est:
1562 5267 1639 5346 quia
1657 5281 1732 5330 cum
1754 5271 1843 5330 Deus
1862 5273 1951 5346 esset

265 5405 267 5412 ,
298 5356 418 5435 patria,
443 5371 516 5432 quae
536 5353 709 5416 laborabat
729 5355 765 5416 in
785 5357 852 5418 uia.
875 5361 915 5422 nt
937 5359 1024 5424 iacta
1045 5365 1098 5426 est
1150 5367 1228 5428 ante
1240 5366 1363 5438 omnia,
1377 5366 1475 5439 idest,
1498 5365 1539 5426 ab
1559 5366 1696 5438 aeterno,
1720 5366 1878 5443 quoniam
1891 5368 1948 5430 illa

299 5451 517 5516 immutabilis
550 5467 624 5529 quae
657 5452 767 5516 iuerat
797 5457 1034 5534 corruptibilis,
1064 5463 1097 5524 et
1150 5465 1323 5541 generatio
1346 5464 1470 5526 aeterna
1501 5479 1567 5526 non
1598 5462 1697 5526 hahet
1722 5464 1867 5537 initium,
1889 5483 1949 5528 nec

300 5567 373 5628 qua
389 5547 537 5612 scatebat
552 5549 731 5623 vermibus,
745 5550 1014 5629 relulgetgloriae
1029 5557 1095 5619 ilo-
1150 5562 1249 5626 habet
1272 5562 1381 5624 tinem.
1400 5563 1447 5624 De
1470 5560 1643 5642 quaPater
1665 5561 1714 5623 ait
1730 5559 1771 5629 ad
1796 5563 1943 5626 Filium:
