<?xml version="1.0" encoding="UTF-8"?>
<!DOCTYPE html PUBLIC "-//W3C//DTD XHTML 1.0 Transitional//EN"
    "http://www.w3.org/TR/xhtml1/DTD/xhtml1-transitional.dtd">
<html xmlns="http://www.w3.org/1999/xhtml" xml:lang="en" lang="en">
 <head>
  <title>
</title>
<meta http-equiv="Content-Type" content="text/html;charset=utf-8" />
  <meta name='ocr-system' content='tesseract 3.04.00' />
  <meta name='ocr-capabilities' content='ocr_page ocr_carea ocr_par ocr_line ocrx_word'/>
</head>
<body>
  <div class='ocr_page' id='page_1' title='image "./mediiaevibiblio05bottgoog_0157.png"; bbox 0 0 4108 6418; ppageno 0'>
   <div class='ocr_carea' id='block_1_1' title="bbox 305 252 1973 318">
    <p class='ocr_par' dir='ltr' id='par_1_1' title="bbox 305 252 1973 318">
     <span class='ocr_line' id='line_1_1' title="bbox 305 252 1973 318; baseline 0.001 -8"><span class='ocrx_word' id='word_1_1' title='bbox 305 252 365 310; x_wconf 74' lang='lat'>235</span> <span class='ocrx_word' id='word_1_2' title='bbox 923 253 1099 316; x_wconf 88' lang='lat' dir='ltr'><strong>HONORII</strong></span> <span class='ocrx_word' id='word_1_3' title='bbox 1121 255 1167 318; x_wconf 82' lang='lat'>111</span> <span class='ocrx_word' id='word_1_4' title='bbox 1187 257 1336 318; x_wconf 82' lang='lat' dir='ltr'>OPERA.</span> <span class='ocrx_word' id='word_1_5' title='bbox 1900 253 1973 312; x_wconf 76' lang='grc'>236</span> 
     </span>
    </p>
   </div>
   <div class='ocr_carea' id='block_1_2' title="bbox 300 408 2031 2438">
    <p class='ocr_par' dir='ltr' id='par_1_2' title="bbox 300 408 2031 2438">
     <span class='ocr_line' id='line_1_2' title="bbox 307 408 1967 490; baseline 0.001 -21"><span class='ocrx_word' id='word_1_6' title='bbox 307 410 371 487; x_wconf 88' lang='lat' dir='ltr'>ipsi</span> <span class='ocrx_word' id='word_1_7' title='bbox 386 408 501 470; x_wconf 79' lang='lat' dir='ltr'>deesse</span> <span class='ocrx_word' id='word_1_8' title='bbox 516 409 665 472; x_wconf 88' lang='lat' dir='ltr'>ecclesiae</span> <span class='ocrx_word' id='word_1_9' title='bbox 687 411 759 472; x_wconf 87' lang='lat' dir='ltr'>sine</span> <span class='ocrx_word' id='word_1_10' title='bbox 781 412 887 488; x_wconf 89' lang='lat' dir='ltr'>ipsius</span> <span class='ocrx_word' id='word_1_11' title='bbox 906 411 1101 474; x_wconf 88' lang='lat' dir='ltr'>detrimento</span> <span class='ocrx_word' id='word_1_12' title='bbox 1157 414 1246 475; x_wconf 89' lang='lat' dir='ltr'>retro</span> <span class='ocrx_word' id='word_1_13' title='bbox 1274 411 1477 490; x_wconf 79' lang='lat' dir='ltr'>temporibus</span> <span class='ocrx_word' id='word_1_14' title='bbox 1509 409 1654 472; x_wconf 71' lang='lat' dir='ltr'>atrebat.</span> <span class='ocrx_word' id='word_1_15' title='bbox 1685 409 1843 472; x_wconf 75' lang='lat' dir='ltr'>Ecclesiae</span> <span class='ocrx_word' id='word_1_16' title='bbox 1863 425 1967 486; x_wconf 88' lang='lat' dir='ltr'>prae-</span> 
     </span>
     <span class='ocr_line' id='line_1_3' title="bbox 308 493 2031 584; baseline -0.001 -15"><span class='ocrx_word' id='word_1_17' title='bbox 308 507 455 584; x_wconf 89' lang='lat' dir='ltr'>potestis,</span> <span class='ocrx_word' id='word_1_18' title='bbox 478 523 539 568; x_wconf 89' lang='lat' dir='ltr'>nec</span> <span class='ocrx_word' id='word_1_19' title='bbox 558 507 665 569; x_wconf 89' lang='lat' dir='ltr'>eidem</span> <span class='ocrx_word' id='word_1_20' title='bbox 689 508 818 571; x_wconf 89' lang='lat' dir='ltr'>audetis</span> <span class='ocrx_word' id='word_1_21' title='bbox 838 509 965 582; x_wconf 90' lang='lat' dir='ltr'>adesse,</span> <span class='ocrx_word' id='word_1_22' title='bbox 987 526 1029 572; x_wconf 91' lang='lat' dir='ltr'>ne</span> <span class='ocrx_word' id='word_1_23' title='bbox 1050 511 1103 570; x_wconf 86' lang='lat' dir='ltr'>vi·</span> <span class='ocrx_word' id='word_1_24' title='bbox 1158 511 1302 582; x_wconf 85' lang='lat' dir='ltr'>luerunt,</span> <span class='ocrx_word' id='word_1_25' title='bbox 1328 511 1399 572; x_wconf 86' lang='lat' dir='ltr'>sive</span> <span class='ocrx_word' id='word_1_26' title='bbox 1421 508 1600 570; x_wconf 78' lang='lat' dir='ltr'>saeculares</span> <span class='ocrx_word' id='word_1_27' title='bbox 1615 507 1750 580; x_wconf 85' lang='lat' dir='ltr'>tuerint,</span> <span class='ocrx_word' id='word_1_28' title='bbox 1768 507 1841 570; x_wconf 83' lang='lat' dir='ltr'>sire</span> <span class='ocrx_word' id='word_1_29' title='bbox 1855 508 1968 570; x_wconf 88' lang='lat' dir='ltr'>etiam</span> <span class='ocrx_word' id='word_1_30' title='bbox 2030 493 2031 518; x_wconf 63' lang='lat'>¹</span> 
     </span>
     <span class='ocr_line' id='line_1_4' title="bbox 308 604 1968 685; baseline 0.001 -21"><span class='ocrx_word' id='word_1_31' title='bbox 308 604 452 665; x_wconf 90' lang='lat' dir='ltr'>deamini</span> <span class='ocrx_word' id='word_1_32' title='bbox 468 607 582 668; x_wconf 85' lang='lat' dir='ltr'>contra</span> <span class='ocrx_word' id='word_1_33' title='bbox 598 606 720 668; x_wconf 88' lang='lat' dir='ltr'>dictum</span> <span class='ocrx_word' id='word_1_34' title='bbox 739 606 849 669; x_wconf 85' lang='lat' dir='ltr'>lacere</span> <span class='ocrx_word' id='word_1_35' title='bbox 863 608 1100 685; x_wconf 86' lang='lat' dir='ltr'>juramentum.</span> <span class='ocrx_word' id='word_1_36' title='bbox 1157 609 1339 684; x_wconf 79' lang='lat' dir='ltr'>regulares,</span> <span class='ocrx_word' id='word_1_37' title='bbox 1359 607 1512 669; x_wconf 88' lang='lat' dir='ltr'>canonici</span> <span class='ocrx_word' id='word_1_38' title='bbox 1534 622 1609 668; x_wconf 90' lang='lat' dir='ltr'>esse</span> <span class='ocrx_word' id='word_1_39' title='bbox 1630 607 1876 668; x_wconf 89' lang='lat' dir='ltr'>consueverunt</span> <span class='ocrx_word' id='word_1_40' title='bbox 1897 622 1968 667; x_wconf 89' lang='lat' dir='ltr'>ec-</span> 
     </span>
     <span class='ocr_line' id='line_1_5' title="bbox 308 703 1968 782; baseline 0.001 -20"><span class='ocrx_word' id='word_1_41' title='bbox 308 705 417 773; x_wconf 88' lang='lat' dir='ltr'>Quare</span> <span class='ocrx_word' id='word_1_42' title='bbox 429 703 524 764; x_wconf 93' lang='lat' dir='ltr'>nobis</span> <span class='ocrx_word' id='word_1_43' title='bbox 535 704 705 766; x_wconf 88' lang='lat' dir='ltr'>humiliter</span> <span class='ocrx_word' id='word_1_44' title='bbox 717 704 940 782; x_wconf 89' lang='lat' dir='ltr'>supplicastis,</span> <span class='ocrx_word' id='word_1_45' title='bbox 954 707 990 767; x_wconf 91' lang='lat' dir='ltr'>ut</span> <span class='ocrx_word' id='word_1_46' title='bbox 1003 720 1104 782; x_wconf 90' lang='lat' dir='ltr'>super</span> <span class='ocrx_word' id='word_1_47' title='bbox 1158 706 1269 768; x_wconf 88' lang='lat' dir='ltr'>clasiae</span> <span class='ocrx_word' id='word_1_48' title='bbox 1284 705 1486 777; x_wconf 88' lang='lat' dir='ltr'>memoratae,</span> <span class='ocrx_word' id='word_1_49' title='bbox 1509 703 1606 765; x_wconf 89' lang='lat' dir='ltr'>bonae</span> <span class='ocrx_word' id='word_1_50' title='bbox 1620 703 1790 765; x_wconf 85' lang='lat' dir='ltr'>memoriae</span> <span class='ocrx_word' id='word_1_51' title='bbox 1803 706 1843 766; x_wconf 91' lang='lat' dir='ltr'>R.</span> <span class='ocrx_word' id='word_1_52' title='bbox 1857 704 1968 764; x_wconf 85' lang='lat' dir='ltr'>Atre-</span> 
     </span>
     <span class='ocr_line' id='line_1_6' title="bbox 308 797 1969 880; baseline 0.001 -22"><span class='ocrx_word' id='word_1_53' title='bbox 308 797 361 860; x_wconf 90' lang='lat' dir='ltr'>his</span> <span class='ocrx_word' id='word_1_54' title='bbox 385 801 523 876; x_wconf 89' lang='lat' dir='ltr'>paterna</span> <span class='ocrx_word' id='word_1_55' title='bbox 546 800 719 877; x_wconf 89' lang='lat' dir='ltr'>providere</span> <span class='ocrx_word' id='word_1_56' title='bbox 739 801 961 864; x_wconf 88' lang='lat' dir='ltr'>sollicitudine</span> <span class='ocrx_word' id='word_1_57' title='bbox 985 801 1104 878; x_wconf 84' lang='lat' dir='ltr'>digna·</span> <span class='ocrx_word' id='word_1_58' title='bbox 1157 802 1223 867; x_wconf 90' lang='lat' dir='ltr'>bat.</span> <span class='ocrx_word' id='word_1_59' title='bbox 1256 803 1410 880; x_wconf 90' lang='lat' dir='ltr'>episcopo</span> <span class='ocrx_word' id='word_1_60' title='bbox 1446 802 1535 863; x_wconf 87' lang='lat' dir='ltr'>viam</span> <span class='ocrx_word' id='word_1_61' title='bbox 1569 801 1735 864; x_wconf 81' lang='lat' dir='ltr'>universae</span> <span class='ocrx_word' id='word_1_62' title='bbox 1763 800 1878 866; x_wconf 83' lang='lat' dir='ltr'>carnis</span> <span class='ocrx_word' id='word_1_63' title='bbox 1904 802 1969 861; x_wconf 92' lang='lat' dir='ltr'>in-</span> 
     </span>
     <span class='ocr_line' id='line_1_7' title="bbox 307 897 1966 977; baseline 0.001 -20"><span class='ocrx_word' id='word_1_64' title='bbox 307 911 430 957; x_wconf 88' lang='lat' dir='ltr'>remur.</span> <span class='ocrx_word' id='word_1_65' title='bbox 447 899 515 960; x_wconf 89' lang='lat' dir='ltr'>Nos</span> <span class='ocrx_word' id='word_1_66' title='bbox 530 897 632 974; x_wconf 82' lang='lat' dir='ltr'>igitur</span> <span class='ocrx_word' id='word_1_67' title='bbox 642 898 776 961; x_wconf 87' lang='lat' dir='ltr'>utilitati</span> <span class='ocrx_word' id='word_1_68' title='bbox 787 898 934 977; x_wconf 87' lang='lat' dir='ltr'>ejusdem</span> <span class='ocrx_word' id='word_1_69' title='bbox 952 899 1102 960; x_wconf 84' lang='lat' dir='ltr'>eeclesiae</span> <span class='ocrx_word' id='word_1_70' title='bbox 1157 916 1283 976; x_wconf 83' lang='lat' dir='ltr'>gresso,</span> <span class='ocrx_word' id='word_1_71' title='bbox 1314 899 1404 962; x_wconf 88' lang='lat' dir='ltr'>certa</span> <span class='ocrx_word' id='word_1_72' title='bbox 1438 897 1491 960; x_wconf 90' lang='lat' dir='ltr'>die</span> <span class='ocrx_word' id='word_1_73' title='bbox 1520 898 1561 960; x_wconf 89' lang='lat' dir='ltr'>ad</span> <span class='ocrx_word' id='word_1_74' title='bbox 1589 898 1777 974; x_wconf 82' lang='lat' dir='ltr'>eligendum</span> <span class='ocrx_word' id='word_1_75' title='bbox 1810 898 1966 970; x_wconf 90' lang='lat' dir='ltr'>statuta,</span> 
     </span>
     <span class='ocr_line' id='line_1_8' title="bbox 308 995 1965 1076; baseline -0.001 -20"><span class='ocrx_word' id='word_1_76' title='bbox 308 995 642 1056; x_wconf 65' lang='lat' dir='ltr'>canstantiniana</span> <span class='ocrx_word' id='word_1_77' title='bbox 664 998 802 1070; x_wconf 86' lang='lat' dir='ltr'>vestrae,</span> <span class='ocrx_word' id='word_1_78' title='bbox 828 997 861 1058; x_wconf 89' lang='lat' dir='ltr'>et</span> <span class='ocrx_word' id='word_1_79' title='bbox 882 997 1002 1058; x_wconf 92' lang='lat' dir='ltr'>honori</span> <span class='ocrx_word' id='word_1_80' title='bbox 1022 995 1103 1057; x_wconf 89' lang='lat' dir='ltr'>dicti</span> <span class='ocrx_word' id='word_1_81' title='bbox 1157 997 1305 1076; x_wconf 90' lang='lat' dir='ltr'>ejusdem</span> <span class='ocrx_word' id='word_1_82' title='bbox 1329 996 1480 1058; x_wconf 90' lang='lat' dir='ltr'>ecclesiae</span> <span class='ocrx_word' id='word_1_83' title='bbox 1504 995 1675 1068; x_wconf 85' lang='lat' dir='ltr'>canonici,</span> <span class='ocrx_word' id='word_1_84' title='bbox 1700 995 1734 1058; x_wconf 89' lang='lat' dir='ltr'>et</span> <span class='ocrx_word' id='word_1_85' title='bbox 1757 1011 1832 1058; x_wconf 79' lang='lat' dir='ltr'>ven.</span> <span class='ocrx_word' id='word_1_86' title='bbox 1868 996 1892 1056; x_wconf 87' lang='lat' dir='ltr'>t&#39;.</span> <span class='ocrx_word' id='word_1_87' title='bbox 1927 1013 1965 1056; x_wconf 91' lang='lat' dir='ltr'>n.</span> 
     </span>
     <span class='ocr_line' id='line_1_9' title="bbox 308 1091 1967 1172; baseline 0.001 -20"><span class='ocrx_word' id='word_1_88' title='bbox 308 1091 468 1169; x_wconf 87' lang='lat' dir='ltr'>principis</span> <span class='ocrx_word' id='word_1_89' title='bbox 495 1093 621 1169; x_wconf 91' lang='lat' dir='ltr'>pariter</span> <span class='ocrx_word' id='word_1_90' title='bbox 649 1093 872 1170; x_wconf 79' lang='lat' dir='ltr'>providentes,</span> <span class='ocrx_word' id='word_1_91' title='bbox 898 1095 1102 1170; x_wconf 88' lang='lat' dir='ltr'>interpreta—</span> <span class='ocrx_word' id='word_1_92' title='bbox 1158 1094 1303 1157; x_wconf 88' lang='lat' dir='ltr'>Atrebat.</span> <span class='ocrx_word' id='word_1_93' title='bbox 1323 1095 1509 1172; x_wconf 88' lang='lat' dir='ltr'>episcopas,</span> <span class='ocrx_word' id='word_1_94' title='bbox 1530 1095 1609 1156; x_wconf 91' lang='lat' dir='ltr'>tunc</span> <span class='ocrx_word' id='word_1_95' title='bbox 1626 1093 1903 1166; x_wconf 88' lang='lat' dir='ltr'>archidiaconus,</span> <span class='ocrx_word' id='word_1_96' title='bbox 1930 1099 1967 1154; x_wconf 89' lang='lat' dir='ltr'>et</span> 
     </span>
     <span class='ocr_line' id='line_1_10' title="bbox 306 1189 1967 1272; baseline 0.001 -22"><span class='ocrx_word' id='word_1_97' title='bbox 306 1189 396 1251; x_wconf 88' lang='lat' dir='ltr'>tione</span> <span class='ocrx_word' id='word_1_98' title='bbox 420 1205 566 1272; x_wconf 82' lang='lat' dir='ltr'>congrua</span> <span class='ocrx_word' id='word_1_99' title='bbox 588 1190 806 1263; x_wconf 88' lang='lat' dir='ltr'>declaramus,</span> <span class='ocrx_word' id='word_1_100' title='bbox 836 1207 895 1253; x_wconf 81' lang='lat' dir='ltr'>vos</span> <span class='ocrx_word' id='word_1_101' title='bbox 913 1191 1103 1268; x_wconf 90' lang='lat' dir='ltr'>juramento</span> <span class='ocrx_word' id='word_1_102' title='bbox 1159 1193 1310 1254; x_wconf 91' lang='lat' dir='ltr'>canonici</span> <span class='ocrx_word' id='word_1_103' title='bbox 1330 1191 1436 1272; x_wconf 88' lang='lat' dir='ltr'>ipsius</span> <span class='ocrx_word' id='word_1_104' title='bbox 1455 1192 1606 1254; x_wconf 89' lang='lat' dir='ltr'>ecclesiae</span> <span class='ocrx_word' id='word_1_105' title='bbox 1626 1191 1813 1253; x_wconf 89' lang='lat' dir='ltr'>statuerunt</span> <span class='ocrx_word' id='word_1_106' title='bbox 1826 1207 1888 1269; x_wconf 93' lang='lat' dir='ltr'>per</span> <span class='ocrx_word' id='word_1_107' title='bbox 1900 1195 1967 1269; x_wconf 87' lang='lat' dir='ltr'>ju-</span> 
     </span>
     <span class='ocr_line' id='line_1_11' title="bbox 307 1287 1967 1370; baseline 0.002 -24"><span class='ocrx_word' id='word_1_108' title='bbox 307 1287 496 1363; x_wconf 88' lang='lat' dir='ltr'>hujusmodi</span> <span class='ocrx_word' id='word_1_109' title='bbox 511 1303 576 1348; x_wconf 94' lang='lat' dir='ltr'>non</span> <span class='ocrx_word' id='word_1_110' title='bbox 598 1288 716 1361; x_wconf 88' lang='lat' dir='ltr'>teneri,</span> <span class='ocrx_word' id='word_1_111' title='bbox 738 1289 817 1366; x_wconf 91' lang='lat' dir='ltr'>quin</span> <span class='ocrx_word' id='word_1_112' title='bbox 847 1305 906 1366; x_wconf 91' lang='lat' dir='ltr'>pro</span> <span class='ocrx_word' id='word_1_113' title='bbox 925 1287 1053 1350; x_wconf 83' lang='lat' dir='ltr'>viribus</span> <span class='ocrx_word' id='word_1_114' title='bbox 1072 1289 1105 1350; x_wconf 88' lang='lat' dir='ltr'>et</span> <span class='ocrx_word' id='word_1_115' title='bbox 1158 1292 1344 1353; x_wconf 88' lang='lat' dir='ltr'>ramentum</span> <span class='ocrx_word' id='word_1_116' title='bbox 1368 1307 1432 1370; x_wconf 91' lang='lat' dir='ltr'>quo</span> <span class='ocrx_word' id='word_1_117' title='bbox 1461 1288 1659 1352; x_wconf 88' lang='lat' dir='ltr'>tenebantur</span> <span class='ocrx_word' id='word_1_118' title='bbox 1683 1289 1850 1362; x_wconf 89' lang='lat' dir='ltr'>ecclesiae,</span> <span class='ocrx_word' id='word_1_119' title='bbox 1878 1305 1967 1350; x_wconf 88' lang='lat' dir='ltr'>con-</span> 
     </span>
     <span class='ocr_line' id='line_1_12' title="bbox 306 1383 1966 1466; baseline 0.001 -22"><span class='ocrx_word' id='word_1_120' title='bbox 306 1383 487 1445; x_wconf 87' lang='lat' dir='ltr'>honoribns</span> <span class='ocrx_word' id='word_1_121' title='bbox 502 1385 607 1462; x_wconf 89' lang='lat' dir='ltr'>ipsius</span> <span class='ocrx_word' id='word_1_122' title='bbox 629 1385 791 1459; x_wconf 89' lang='lat' dir='ltr'>ecclesiae,</span> <span class='ocrx_word' id='word_1_123' title='bbox 806 1387 958 1448; x_wconf 89' lang='lat' dir='ltr'>acetiam</span> <span class='ocrx_word' id='word_1_124' title='bbox 975 1387 1105 1464; x_wconf 88' lang='lat' dir='ltr'>specia—</span> <span class='ocrx_word' id='word_1_125' title='bbox 1159 1389 1340 1462; x_wconf 84' lang='lat' dir='ltr'>firmantes,</span> <span class='ocrx_word' id='word_1_126' title='bbox 1366 1387 1452 1466; x_wconf 88' lang='lat' dir='ltr'>quod</span> <span class='ocrx_word' id='word_1_127' title='bbox 1476 1387 1663 1465; x_wconf 85' lang='lat' dir='ltr'>quicunque</span> <span class='ocrx_word' id='word_1_128' title='bbox 1693 1385 1733 1447; x_wconf 81' lang='lat' dir='ltr'>(le</span> <span class='ocrx_word' id='word_1_129' title='bbox 1756 1387 1886 1462; x_wconf 79' lang='lat' dir='ltr'>gremio</span> <span class='ocrx_word' id='word_1_130' title='bbox 1908 1389 1966 1464; x_wconf 94' lang='lat' dir='ltr'>ip-</span> 
     </span>
     <span class='ocr_line' id='line_1_13' title="bbox 307 1480 1965 1562; baseline 0.004 -23"><span class='ocrx_word' id='word_1_131' title='bbox 307 1480 394 1542; x_wconf 90' lang='lat' dir='ltr'>tibus</span> <span class='ocrx_word' id='word_1_132' title='bbox 424 1481 544 1543; x_wconf 88' lang='lat' dir='ltr'>vestris</span> <span class='ocrx_word' id='word_1_133' title='bbox 567 1481 716 1559; x_wconf 78' lang='lat' dir='ltr'>legitime</span> <span class='ocrx_word' id='word_1_134' title='bbox 748 1483 962 1562; x_wconf 79' lang='lat' dir='ltr'>defendendis</span> <span class='ocrx_word' id='word_1_135' title='bbox 989 1483 1103 1545; x_wconf 85' lang='lat' dir='ltr'>contra</span> <span class='ocrx_word' id='word_1_136' title='bbox 1159 1488 1229 1548; x_wconf 87' lang='lat' dir='ltr'>sius</span> <span class='ocrx_word' id='word_1_137' title='bbox 1244 1486 1393 1549; x_wconf 90' lang='lat' dir='ltr'>ecclesiae</span> <span class='ocrx_word' id='word_1_138' title='bbox 1409 1486 1437 1545; x_wconf 90' lang='lat' dir='ltr'>si</span> <span class='ocrx_word' id='word_1_139' title='bbox 1456 1485 1615 1546; x_wconf 91' lang='lat' dir='ltr'>canonice</span> <span class='ocrx_word' id='word_1_140' title='bbox 1632 1485 1743 1561; x_wconf 88' lang='lat' dir='ltr'>posset</span> <span class='ocrx_word' id='word_1_141' title='bbox 1761 1485 1834 1545; x_wconf 87' lang='lat' dir='ltr'>lieri</span> <span class='ocrx_word' id='word_1_142' title='bbox 1861 1500 1965 1545; x_wconf 90' lang='lat' dir='ltr'>assu-</span> 
     </span>
     <span class='ocr_line' id='line_1_14' title="bbox 306 1577 1961 1661; baseline 0.003 -25"><span class='ocrx_word' id='word_1_143' title='bbox 306 1577 609 1656; x_wconf 87' lang='lat' dir='ltr'>ipsumprincipem</span> <span class='ocrx_word' id='word_1_144' title='bbox 633 1581 722 1642; x_wconf 89' lang='lat' dir='ltr'>stare</span> <span class='ocrx_word' id='word_1_145' title='bbox 745 1581 848 1642; x_wconf 92' lang='lat' dir='ltr'>libere</span> <span class='ocrx_word' id='word_1_146' title='bbox 873 1580 1025 1654; x_wconf 76' lang='lat' dir='ltr'>valcelle,</span> <span class='ocrx_word' id='word_1_147' title='bbox 1041 1597 1101 1642; x_wconf 90' lang='lat' dir='ltr'>oo·</span> <span class='ocrx_word' id='word_1_148' title='bbox 1159 1585 1305 1646; x_wconf 89' lang='lat' dir='ltr'>meretur</span> <span class='ocrx_word' id='word_1_149' title='bbox 1325 1583 1360 1643; x_wconf 93' lang='lat' dir='ltr'>in</span> <span class='ocrx_word' id='word_1_150' title='bbox 1382 1583 1585 1660; x_wconf 88' lang='lat' dir='ltr'>episcopum,</span> <span class='ocrx_word' id='word_1_151' title='bbox 1614 1581 1653 1642; x_wconf 91' lang='lat' dir='ltr'>de</span> <span class='ocrx_word' id='word_1_152' title='bbox 1682 1577 1854 1661; x_wconf 59' lang='lat' dir='ltr'>celerent)</span> <span class='ocrx_word' id='word_1_153' title='bbox 1891 1598 1961 1642; x_wconf 91' lang='lat' dir='ltr'>uon</span> 
     </span>
     <span class='ocr_line' id='line_1_15' title="bbox 308 1675 1964 1756; baseline 0.002 -21"><span class='ocrx_word' id='word_1_154' title='bbox 308 1675 449 1736; x_wconf 86' lang='lat' dir='ltr'>arcendo</span> <span class='ocrx_word' id='word_1_155' title='bbox 469 1692 527 1737; x_wconf 88' lang='lat' dir='ltr'>vos</span> <span class='ocrx_word' id='word_1_156' title='bbox 546 1692 567 1737; x_wconf 91' lang='lat' dir='ltr'>a</span> <span class='ocrx_word' id='word_1_157' title='bbox 590 1677 836 1739; x_wconf 81' lang='lat' dir='ltr'>machinatione</span> <span class='ocrx_word' id='word_1_158' title='bbox 863 1677 1024 1739; x_wconf 82' lang='lat' dir='ltr'>duntaxat</span> <span class='ocrx_word' id='word_1_159' title='bbox 1045 1694 1104 1755; x_wconf 91' lang='lat' dir='ltr'>per</span> <span class='ocrx_word' id='word_1_160' title='bbox 1159 1684 1247 1744; x_wconf 87' lang='lat' dir='ltr'>esset</span> <span class='ocrx_word' id='word_1_161' title='bbox 1261 1680 1441 1742; x_wconf 90' lang='lat' dir='ltr'>canonicus</span> <span class='ocrx_word' id='word_1_162' title='bbox 1459 1681 1494 1740; x_wconf 91' lang='lat' dir='ltr'>iu</span> <span class='ocrx_word' id='word_1_163' title='bbox 1510 1679 1637 1751; x_wconf 91' lang='lat' dir='ltr'>eadem,</span> <span class='ocrx_word' id='word_1_164' title='bbox 1654 1679 1741 1756; x_wconf 90' lang='lat' dir='ltr'>quod</span> <span class='ocrx_word' id='word_1_165' title='bbox 1758 1680 1870 1740; x_wconf 90' lang='lat' dir='ltr'>utrum</span> <span class='ocrx_word' id='word_1_166' title='bbox 1886 1694 1964 1738; x_wconf 88' lang='lat' dir='ltr'>ser-</span> 
     </span>
     <span class='ocr_line' id='line_1_16' title="bbox 306 1773 1962 1855; baseline 0.002 -23"><span class='ocrx_word' id='word_1_167' title='bbox 306 1789 404 1849; x_wconf 87' lang='lat' dir='ltr'>qunm</span> <span class='ocrx_word' id='word_1_168' title='bbox 423 1773 510 1834; x_wconf 90' lang='lat' dir='ltr'>idem</span> <span class='ocrx_word' id='word_1_169' title='bbox 526 1773 678 1852; x_wconf 89' lang='lat' dir='ltr'>princeps</span> <span class='ocrx_word' id='word_1_170' title='bbox 694 1774 828 1837; x_wconf 84' lang='lat' dir='ltr'>deberet</span> <span class='ocrx_word' id='word_1_171' title='bbox 840 1775 1010 1836; x_wconf 82' lang='lat' dir='ltr'>laesionem</span> <span class='ocrx_word' id='word_1_172' title='bbox 1029 1792 1105 1853; x_wconf 83' lang='lat' dir='ltr'>per·</span> <span class='ocrx_word' id='word_1_173' title='bbox 1159 1779 1231 1841; x_wconf 87' lang='lat' dir='ltr'>vari</span> <span class='ocrx_word' id='word_1_174' title='bbox 1246 1778 1373 1850; x_wconf 88' lang='lat' dir='ltr'>debeat,</span> <span class='ocrx_word' id='word_1_175' title='bbox 1390 1776 1574 1855; x_wconf 89' lang='lat' dir='ltr'>praesertim</span> <span class='ocrx_word' id='word_1_176' title='bbox 1595 1792 1694 1854; x_wconf 92' lang='lat' dir='ltr'>quum</span> <span class='ocrx_word' id='word_1_177' title='bbox 1710 1793 1753 1836; x_wconf 80' lang='lat' dir='ltr'>ex</span> <span class='ocrx_word' id='word_1_178' title='bbox 1766 1777 1830 1838; x_wconf 93' lang='lat' dir='ltr'>hoc</span> <span class='ocrx_word' id='word_1_179' title='bbox 1847 1776 1962 1852; x_wconf 85' lang='lat' dir='ltr'>digni-</span> 
     </span>
     <span class='ocr_line' id='line_1_17' title="bbox 307 1871 1962 1952; baseline 0.002 -22"><span class='ocrx_word' id='word_1_180' title='bbox 307 1885 408 1941; x_wconf 88' lang='lat' dir='ltr'>sonae‚</span> <span class='ocrx_word' id='word_1_181' title='bbox 423 1871 475 1932; x_wconf 87' lang='lat' dir='ltr'>vel</span> <span class='ocrx_word' id='word_1_182' title='bbox 493 1872 545 1932; x_wconf 92' lang='lat' dir='ltr'>sui</span> <span class='ocrx_word' id='word_1_183' title='bbox 560 1872 774 1934; x_wconf 89' lang='lat' dir='ltr'>amissionem</span> <span class='ocrx_word' id='word_1_184' title='bbox 791 1873 963 1934; x_wconf 91' lang='lat' dir='ltr'>incurrere</span> <span class='ocrx_word' id='word_1_185' title='bbox 978 1873 1105 1950; x_wconf 91' lang='lat' dir='ltr'>princi·</span> <span class='ocrx_word' id='word_1_186' title='bbox 1158 1878 1258 1939; x_wconf 88' lang='lat' dir='ltr'>tatem</span> <span class='ocrx_word' id='word_1_187' title='bbox 1277 1875 1455 1952; x_wconf 77' lang='lat' dir='ltr'>contigerit</span> <span class='ocrx_word' id='word_1_188' title='bbox 1469 1874 1501 1936; x_wconf 89' lang='lat' dir='ltr'>et</span> <span class='ocrx_word' id='word_1_189' title='bbox 1520 1872 1726 1950; x_wconf 85' lang='lat' dir='ltr'>episcopales</span> <span class='ocrx_word' id='word_1_190' title='bbox 1744 1872 1872 1935; x_wconf 87' lang='lat' dir='ltr'>reditus</span> <span class='ocrx_word' id='word_1_191' title='bbox 1895 1875 1962 1934; x_wconf 93' lang='lat' dir='ltr'>mi-</span> 
     </span>
     <span class='ocr_line' id='line_1_18' title="bbox 304 1965 1960 2051; baseline 0.004 -25"><span class='ocrx_word' id='word_1_192' title='bbox 304 1965 414 2042; x_wconf 87' lang='lat' dir='ltr'>patus.</span> <span class='ocrx_word' id='word_1_193' title='bbox 429 1967 644 2028; x_wconf 89' lang='lat' dir='ltr'>Deceruimus</span> <span class='ocrx_word' id='word_1_194' title='bbox 655 1968 758 2044; x_wconf 79' lang='lat' dir='ltr'>igitur</span> <span class='ocrx_word' id='word_1_195' title='bbox 768 1985 827 2029; x_wconf 88' lang='lat' dir='ltr'>vos</span> <span class='ocrx_word' id='word_1_196' title='bbox 842 1984 901 2046; x_wconf 92' lang='lat' dir='ltr'>pro</span> <span class='ocrx_word' id='word_1_197' title='bbox 913 1968 1103 2030; x_wconf 80' lang='lat' dir='ltr'>defensione</span> <span class='ocrx_word' id='word_1_198' title='bbox 1158 1975 1283 2047; x_wconf 89' lang='lat' dir='ltr'>norari,</span> <span class='ocrx_word' id='word_1_199' title='bbox 1315 1973 1473 2051; x_wconf 76' lang='lat' dir='ltr'>praetatus</span> <span class='ocrx_word' id='word_1_200' title='bbox 1508 1972 1685 2048; x_wconf 88' lang='lat' dir='ltr'>episcopus</span> <span class='ocrx_word' id='word_1_201' title='bbox 1717 1973 1876 2048; x_wconf 89' lang='lat' dir='ltr'>tanquam</span> <span class='ocrx_word' id='word_1_202' title='bbox 1906 1973 1960 2032; x_wconf 81' lang='lat' dir='ltr'>vir</span> 
     </span>
     <span class='ocr_line' id='line_1_19' title="bbox 300 2063 1961 2150; baseline -0.005 -12"><span class='ocrx_word' id='word_1_203' title='bbox 300 2063 389 2138; x_wconf 76' lang='lat' dir='ltr'>iuris</span> <span class='ocrx_word' id='word_1_204' title='bbox 412 2079 470 2124; x_wconf 77' lang='lat' dir='ltr'>seu</span> <span class='ocrx_word' id='word_1_205' title='bbox 489 2063 625 2126; x_wconf 78' lang='lat' dir='ltr'>honoris</span> <span class='ocrx_word' id='word_1_206' title='bbox 650 2065 800 2127; x_wconf 74' lang='lat' dir='ltr'>ecclesie</span> <span class='ocrx_word' id='word_1_207' title='bbox 816 2081 905 2142; x_wconf 74' lang='lat' dir='ltr'>sape</span> <span class='ocrx_word' id='word_1_208' title='bbox 926 2065 1034 2137; x_wconf 75' lang='lat' dir='ltr'>dicta,</span> <span class='ocrx_word' id='word_1_209' title='bbox 1050 2065 1104 2128; x_wconf 79' lang='lat' dir='ltr'>vet</span> <span class='ocrx_word' id='word_1_210' title='bbox 1158 2071 1316 2150; x_wconf 72' lang='lat' dir='ltr'>provinus</span> <span class='ocrx_word' id='word_1_211' title='bbox 1338 2071 1371 2132; x_wconf 79' lang='lat' dir='ltr'>et</span> <span class='ocrx_word' id='word_1_212' title='bbox 1393 2070 1556 2131; x_wconf 74' lang='lat' dir='ltr'>arsacius</span> <span class='ocrx_word' id='word_1_213' title='bbox 1581 2084 1642 2130; x_wconf 84' lang='lat' dir='ltr'>nos</span> <span class='ocrx_word' id='word_1_214' title='bbox 1664 2068 1759 2129; x_wconf 76' lang='lat' dir='ltr'>aaut</span> <span class='ocrx_word' id='word_1_215' title='bbox 1784 2069 1961 2130; x_wconf 74' lang='lat' dir='ltr'>uentura·</span> 
     </span>
     <span class='ocr_line' id='line_1_20' title="bbox 307 2160 1958 2242; baseline 0.002 -20"><span class='ocrx_word' id='word_1_216' title='bbox 307 2160 516 2232; x_wconf 88' lang='lat' dir='ltr'>vestri,dicto</span> <span class='ocrx_word' id='word_1_217' title='bbox 527 2162 669 2240; x_wconf 90' lang='lat' dir='ltr'>principi</span> <span class='ocrx_word' id='word_1_218' title='bbox 681 2179 782 2241; x_wconf 91' lang='lat' dir='ltr'>quum</span> <span class='ocrx_word' id='word_1_219' title='bbox 795 2178 877 2240; x_wconf 90' lang='lat' dir='ltr'>opus</span> <span class='ocrx_word' id='word_1_220' title='bbox 890 2162 990 2225; x_wconf 86' lang='lat' dir='ltr'>luerit</span> <span class='ocrx_word' id='word_1_221' title='bbox 1002 2163 1105 2225; x_wconf 88' lang='lat' dir='ltr'>resis—</span> <span class='ocrx_word' id='word_1_222' title='bbox 1159 2166 1388 2230; x_wconf 78' lang='lat' dir='ltr'>consulendae.</span> <span class='ocrx_word' id='word_1_223' title='bbox 1406 2167 1474 2228; x_wconf 92' lang='lat' dir='ltr'>Nos</span> <span class='ocrx_word' id='word_1_224' title='bbox 1492 2165 1594 2240; x_wconf 83' lang='lat' dir='ltr'>igitur</span> <span class='ocrx_word' id='word_1_225' title='bbox 1612 2164 1713 2225; x_wconf 88' lang='lat' dir='ltr'>saluti</span> <span class='ocrx_word' id='word_1_226' title='bbox 1727 2167 1800 2241; x_wconf 90' lang='lat' dir='ltr'>ejus</span> <span class='ocrx_word' id='word_1_227' title='bbox 1815 2166 1958 2242; x_wconf 88' lang='lat' dir='ltr'>paterna</span> 
     </span>
     <span class='ocr_line' id='line_1_21' title="bbox 306 2259 1961 2338; baseline 0.004 -20"><span class='ocrx_word' id='word_1_228' title='bbox 306 2259 413 2320; x_wconf 88' lang='lat' dir='ltr'>tentes</span> <span class='ocrx_word' id='word_1_229' title='bbox 436 2259 519 2319; x_wconf 92' lang='lat' dir='ltr'>nulli</span> <span class='ocrx_word' id='word_1_230' title='bbox 542 2276 601 2336; x_wconf 91' lang='lat' dir='ltr'>per</span> <span class='ocrx_word' id='word_1_231' title='bbox 623 2259 685 2322; x_wconf 90' lang='lat' dir='ltr'>hoc</span> <span class='ocrx_word' id='word_1_232' title='bbox 714 2261 812 2333; x_wconf 86' lang='lat' dir='ltr'>notae,</span> <span class='ocrx_word' id='word_1_233' title='bbox 839 2277 898 2322; x_wconf 90' lang='lat' dir='ltr'>seu</span> <span class='ocrx_word' id='word_1_234' title='bbox 928 2261 1103 2324; x_wconf 87' lang='lat' dir='ltr'>calumniae</span> <span class='ocrx_word' id='word_1_235' title='bbox 1158 2265 1306 2327; x_wconf 84' lang='lat' dir='ltr'>nolentes</span> <span class='ocrx_word' id='word_1_236' title='bbox 1324 2262 1546 2326; x_wconf 90' lang='lat' dir='ltr'>sollicitudine</span> <span class='ocrx_word' id='word_1_237' title='bbox 1568 2261 1753 2338; x_wconf 84' lang='lat' dir='ltr'>providere,</span> <span class='ocrx_word' id='word_1_238' title='bbox 1775 2263 1809 2324; x_wconf 90' lang='lat' dir='ltr'>et</span> <span class='ocrx_word' id='word_1_239' title='bbox 1832 2263 1961 2324; x_wconf 91' lang='lat' dir='ltr'>nihilo-</span> 
     </span>
     <span class='ocr_line' id='line_1_22' title="bbox 308 2355 1958 2438; baseline 0.003 -23"><span class='ocrx_word' id='word_1_240' title='bbox 308 2355 490 2433; x_wconf 88' lang='lat' dir='ltr'>sabjacere.</span> <span class='ocrx_word' id='word_1_241' title='bbox 1159 2364 1268 2424; x_wconf 89' lang='lat' dir='ltr'>minus</span> <span class='ocrx_word' id='word_1_242' title='bbox 1293 2361 1511 2432; x_wconf 69' lang='lat' dir='ltr'>attendentes</span> <span class='ocrx_word' id='word_1_243' title='bbox 1537 2359 1622 2437; x_wconf 91' lang='lat' dir='ltr'>quod</span> <span class='ocrx_word' id='word_1_244' title='bbox 1644 2361 1871 2438; x_wconf 87' lang='lat' dir='ltr'>juramentum</span> <span class='ocrx_word' id='word_1_245' title='bbox 1890 2377 1958 2422; x_wconf 91' lang='lat' dir='ltr'>non</span> 
     </span>
    </p>
   </div>
   <div class='ocr_carea' id='block_1_3' title="bbox 306 2487 1103 2654">
    <p class='ocr_par' dir='ltr' id='par_1_3' title="bbox 306 2487 1103 2654">
     <span class='ocr_line' id='line_1_23' title="bbox 306 2487 1103 2572; baseline 0.005 -23"><span class='ocrx_word' id='word_1_246' title='bbox 306 2492 462 2551; x_wconf 82' lang='lat' dir='ltr'>Arrzataa.</span> <span class='ocrx_word' id='word_1_247' title='bbox 480 2487 529 2569; x_wconf 88' lang='lat' dir='ltr'>(a)</span> <span class='ocrx_word' id='word_1_248' title='bbox 545 2491 578 2552; x_wconf 85' lang='lat' dir='ltr'>ci</span> <span class='ocrx_word' id='word_1_249' title='bbox 594 2495 736 2552; x_wconf 76' lang='lat' dir='ltr'>Tertiae.</span> <span class='ocrx_word' id='word_1_250' title='bbox 759 2489 808 2570; x_wconf 90' lang='lat' dir='ltr'>(b)</span> <span class='ocrx_word' id='word_1_251' title='bbox 826 2494 992 2566; x_wconf 80' lang='lat' dir='ltr'>episcopis</span> <span class='ocrx_word' id='word_1_252' title='bbox 1012 2493 1046 2553; x_wconf 86' lang='lat' dir='ltr'>ct</span> <span class='ocrx_word' id='word_1_253' title='bbox 1057 2488 1103 2572; x_wconf 88' lang='lat' dir='ltr'>(c)</span> 
     </span>
     <span class='ocr_line' id='line_1_24' title="bbox 415 2590 1004 2654; baseline -0.003 -4"><span class='ocrx_word' id='word_1_254' title='bbox 415 2590 527 2650; x_wconf 79' lang='lat' dir='ltr'>abbati</span> <span class='ocrx_word' id='word_1_255' title='bbox 546 2590 665 2650; x_wconf 77' lang='lat' dir='ltr'>saraca</span> <span class='ocrx_word' id='word_1_256' title='bbox 691 2590 828 2654; x_wconf 76' lang='lat' dir='ltr'>Vadastt</span> <span class='ocrx_word' id='word_1_257' title='bbox 848 2591 1004 2652; x_wconf 74' lang='lat' dir='ltr'>Atrebati.</span> 
     </span>
    </p>
   </div>
   <div class='ocr_carea' id='block_1_4' title="bbox 602 2723 810 2785">
    <p class='ocr_par' dir='ltr' id='par_1_4' title="bbox 602 2723 810 2785">
     <span class='ocr_line' id='line_1_25' title="bbox 602 2723 810 2785; baseline 0.01 -3"><span class='ocrx_word' id='word_1_258' title='bbox 602 2723 738 2785; x_wconf 85' lang='lat' dir='ltr'><strong>CAPUT</strong></span> <span class='ocrx_word' id='word_1_259' title='bbox 768 2725 810 2784; x_wconf 89' lang='grc' dir='ltr'>ΙΙ.</span> 
     </span>
    </p>
   </div>
   <div class='ocr_carea' id='block_1_5' title="bbox 308 2854 1106 3031">
    <p class='ocr_par' dir='ltr' id='par_1_5' title="bbox 308 2854 1106 3031">
     <span class='ocr_line' id='line_1_26' title="bbox 346 2854 1106 2933; baseline 0.005 -19"><span class='ocrx_word' id='word_1_260' title='bbox 346 2854 395 2915; x_wconf 84' lang='lat' dir='ltr'>nd</span> <span class='ocrx_word' id='word_1_261' title='bbox 409 2857 556 2916; x_wconf 88' lang='lat' dir='ltr'>nostram</span> <span class='ocrx_word' id='word_1_262' title='bbox 577 2855 738 2918; x_wconf 86' lang='lat' dir='ltr'>noveritis</span> <span class='ocrx_word' id='word_1_263' title='bbox 757 2856 961 2918; x_wconf 88' lang='lat' dir='ltr'>audientiam</span> <span class='ocrx_word' id='word_1_264' title='bbox 987 2871 1106 2933; x_wconf 81' lang='lat' dir='ltr'>perue-</span> 
     </span>
     <span class='ocr_line' id='line_1_27' title="bbox 308 2951 1105 3031; baseline 0.003 -19"><span class='ocrx_word' id='word_1_265' title='bbox 308 2951 408 3024; x_wconf 87' lang='lat' dir='ltr'>nisse,</span> <span class='ocrx_word' id='word_1_266' title='bbox 441 2952 528 3029; x_wconf 89' lang='lat' dir='ltr'>quod</span> <span class='ocrx_word' id='word_1_267' title='bbox 555 2969 655 3030; x_wconf 92' lang='lat' dir='ltr'>quum</span> <span class='ocrx_word' id='word_1_268' title='bbox 683 2953 830 3031; x_wconf 84' lang='lat' dir='ltr'>episcopi</span> <span class='ocrx_word' id='word_1_269' title='bbox 856 2953 912 3030; x_wconf 91' lang='lat' dir='ltr'>qui</span> <span class='ocrx_word' id='word_1_270' title='bbox 944 2969 963 3014; x_wconf 89' lang='lat' dir='ltr'>a</span> <span class='ocrx_word' id='word_1_271' title='bbox 997 2953 1105 3030; x_wconf 84' lang='lat' dir='ltr'>longis</span> 
     </span>
    </p>
   </div>
   <div class='ocr_carea' id='block_1_6' title="bbox 305 3127 1106 3630">
    <p class='ocr_par' dir='ltr' id='par_1_6' title="bbox 306 3127 1104 3334">
     <span class='ocr_line' id='line_1_28' title="bbox 308 3127 1104 3202; baseline 0.003 -16"><span class='ocrx_word' id='word_1_272' title='bbox 308 3144 362 3202; x_wconf 90' lang='lat' dir='ltr'>qua</span> <span class='ocrx_word' id='word_1_273' title='bbox 379 3127 488 3186; x_wconf 75' lang='lat' dir='ltr'>hannis</span> <span class='ocrx_word' id='word_1_274' title='bbox 502 3127 613 3189; x_wconf 84' lang='lat' dir='ltr'>clericis</span> <span class='ocrx_word' id='word_1_275' title='bbox 634 3127 743 3201; x_wconf 81' lang='lat' dir='ltr'>ejectis,</span> <span class='ocrx_word' id='word_1_276' title='bbox 763 3129 877 3185; x_wconf 75' lang='lat' dir='ltr'>Graecos</span> <span class='ocrx_word' id='word_1_277' title='bbox 900 3128 1104 3200; x_wconf 82' lang='lat' dir='ltr'>introduxerat,</span> 
     </span>
     <span class='ocr_line' id='line_1_29' title="bbox 306 3198 1104 3332; baseline 0.003 -74"><span class='ocrx_word' id='word_1_278' title='bbox 306 3201 347 3332; x_wconf 54' lang='lat' dir='ltr'>db</span> <span class='ocrx_word' id='word_1_279' title='bbox 363 3200 621 3332; x_wconf 40' lang='lat' dir='ltr'>{rglfonqueritur</span> <span class='ocrx_word' id='word_1_280' title='bbox 644 3198 719 3256; x_wconf 88' lang='lat' dir='ltr'>idem</span> <span class='ocrx_word' id='word_1_281' title='bbox 741 3200 925 3258; x_wconf 89' lang='lat' dir='ltr'>lunocentius</span> <span class='ocrx_word' id='word_1_282' title='bbox 952 3201 1047 3272; x_wconf 84' lang='lat' dir='ltr'>Epist.</span> <span class='ocrx_word' id='word_1_283' title='bbox 1075 3203 1104 3272; x_wconf 76' lang='lat'>2,</span> 
     </span>
     <span class='ocr_line' id='line_1_30' title="bbox 308 3275 461 3334; baseline -0.026 0"><span class='ocrx_word' id='word_1_284' title='bbox 308 3278 355 3334; x_wconf 93' lang='lat' dir='ltr'>li.</span> <span class='ocrx_word' id='word_1_285' title='bbox 385 3275 394 3286; x_wconf 91' lang='lat'><em>&#39;</em></span> <span class='ocrx_word' id='word_1_286' title='bbox 454 3317 461 3330; x_wconf 89' lang='lat'><strong>.</strong></span> 
     </span>
    </p>

    <p class='ocr_par' dir='ltr' id='par_1_7' title="bbox 305 3339 1106 3557">
     <span class='ocr_line' id='line_1_31' title="bbox 343 3339 1106 3420; baseline 0 -20"><span class='ocrx_word' id='word_1_287' title='bbox 343 3347 384 3420; x_wconf 79' lang='lat' dir='ltr'>(a)</span> <span class='ocrx_word' id='word_1_288' title='bbox 405 3342 587 3402; x_wconf 83' lang='lat' dir='ltr'>Anibiaacnci</span> <span class='ocrx_word' id='word_1_289' title='bbox 603 3341 737 3412; x_wconf 84' lang='lat' dir='ltr'>episeopo.</span> <span class='ocrx_word' id='word_1_290' title='bbox 763 3339 894 3408; x_wconf 79' lang='lat' dir='ltr'>deraldo,</span> <span class='ocrx_word' id='word_1_291' title='bbox 909 3356 960 3398; x_wconf 89' lang='lat' dir='ltr'>seu</span> <span class='ocrx_word' id='word_1_292' title='bbox 973 3341 1106 3400; x_wconf 82' lang='lat' dir='ltr'>Evuardo</span> 
     </span>
     <span class='ocr_line' id='line_1_32' title="bbox 305 3411 1105 3489; baseline -0.008 -13"><span class='ocrx_word' id='word_1_293' title='bbox 305 3419 341 3476; x_wconf 74' lang='lat' dir='ltr'>id</span> <span class='ocrx_word' id='word_1_294' title='bbox 363 3417 507 3489; x_wconf 89' lang='lat' dir='ltr'>episcopo,</span> <span class='ocrx_word' id='word_1_295' title='bbox 522 3413 570 3485; x_wconf 92' lang='lat' dir='ltr'>qni</span> <span class='ocrx_word' id='word_1_296' title='bbox 584 3411 653 3470; x_wconf 89' lang='lat' dir='ltr'>obiit</span> <span class='ocrx_word' id='word_1_297' title='bbox 667 3427 743 3470; x_wconf 86' lang='lat' dir='ltr'>nuno</span> <span class='ocrx_word' id='word_1_298' title='bbox 764 3412 848 3480; x_wconf 72' lang='lat' dir='ltr'>tiit,</span> <span class='ocrx_word' id='word_1_299' title='bbox 869 3412 915 3468; x_wconf 89' lang='lat' dir='ltr'>vel</span> <span class='ocrx_word' id='word_1_300' title='bbox 930 3412 1057 3470; x_wconf 86' lang='lat' dir='ltr'>Goilrida</span> <span class='ocrx_word' id='word_1_301' title='bbox 1069 3413 1105 3471; x_wconf 90' lang='lat' dir='ltr'>de</span> 
     </span>
     <span class='ocr_line' id='line_1_33' title="bbox 308 3482 929 3557; baseline -0.011 -10"><span class='ocrx_word' id='word_1_302' title='bbox 308 3492 352 3547; x_wconf 86' lang='lat' dir='ltr'>Au</span> <span class='ocrx_word' id='word_1_303' title='bbox 375 3502 403 3557; x_wconf 91' lang='lat' dir='ltr'>o,</span> <span class='ocrx_word' id='word_1_304' title='bbox 418 3485 503 3553; x_wconf 79' lang='lat' dir='ltr'>d&#39;Ea,</span> <span class='ocrx_word' id='word_1_305' title='bbox 520 3483 563 3549; x_wconf 89' lang='grc'>44,</span> <span class='ocrx_word' id='word_1_306' title='bbox 580 3483 629 3556; x_wconf 92' lang='lat' dir='ltr'>qui</span> <span class='ocrx_word' id='word_1_307' title='bbox 643 3483 782 3542; x_wconf 87' lang='lat' dir='ltr'>successit</span> <span class='ocrx_word' id='word_1_308' title='bbox 798 3482 929 3541; x_wconf 88' lang='lat' dir='ltr'>Gernldo.</span> 
     </span>
    </p>

    <p class='ocr_par' dir='ltr' id='par_1_8' title="bbox 343 3503 1103 3630">
     <span class='ocr_line' id='line_1_34' title="bbox 343 3503 1103 3630; baseline -0.003 -16"><span class='ocrx_word' id='word_1_309' title='bbox 343 3503 384 3630; x_wconf 56' lang='grc' dir='ltr'>(ἓ)</span> <span class='ocrx_word' id='word_1_310' title='bbox 409 3555 578 3614; x_wconf 69' lang='lat' dir='ltr'>tornacensi</span> <span class='ocrx_word' id='word_1_311' title='bbox 602 3555 737 3625; x_wconf 86' lang='lat' dir='ltr'>episcopa.</span> <span class='ocrx_word' id='word_1_312' title='bbox 776 3554 928 3624; x_wconf 85' lang='lat' dir='ltr'>Gaselina,</span> <span class='ocrx_word' id='word_1_313' title='bbox 957 3555 1002 3611; x_wconf 88' lang='lat' dir='ltr'>vel</span> <span class='ocrx_word' id='word_1_314' title='bbox 1032 3557 1103 3612; x_wconf 86' lang='lat' dir='ltr'>Gos·</span> 
     </span>
    </p>
   </div>
   <div class='ocr_carea' id='block_1_7' title="bbox 306 3623 1104 3754">
    <p class='ocr_par' dir='ltr' id='par_1_9' title="bbox 306 3623 1104 3754">
     <span class='ocr_line' id='line_1_35' title="bbox 306 3623 1104 3754; baseline -0.005 -66"><span class='ocrx_word' id='word_1_315' title='bbox 306 3631 374 3688; x_wconf 78' lang='lat' dir='ltr'>uiuo</span> <span class='ocrx_word' id='word_1_316' title='bbox 393 3629 430 3686; x_wconf 79' lang='lat'>50</span> <span class='ocrx_word' id='word_1_317' title='bbox 451 3625 665 3754; x_wconf 42' lang='lat' dir='ltr'>episcopquni</span> <span class='ocrx_word' id='word_1_318' title='bbox 680 3624 749 3682; x_wconf 86' lang='lat' dir='ltr'>vixit</span> <span class='ocrx_word' id='word_1_319' title='bbox 759 3639 850 3752; x_wconf 43' lang='lat' dir='ltr'>usaue</span> <span class='ocrx_word' id='word_1_320' title='bbox 863 3623 1013 3683; x_wconf 62' lang='lat' dir='ltr'>mannum</span> <span class='ocrx_word' id='word_1_321' title='bbox 1024 3627 1104 3696; x_wconf 75' lang='lat' dir='ltr'>tata,</span> 
     </span>
    </p>
   </div>
   <div class='ocr_carea' id='block_1_8' title="bbox 225 3695 1107 5394">
    <p class='ocr_par' dir='ltr' id='par_1_10' title="bbox 307 3695 1106 3920">
     <span class='ocr_line' id='line_1_36' title="bbox 308 3695 1106 3768; baseline -0.005 -10"><span class='ocrx_word' id='word_1_322' title='bbox 308 3709 357 3760; x_wconf 90' lang='lat' dir='ltr'>aut</span> <span class='ocrx_word' id='word_1_323' title='bbox 371 3697 530 3757; x_wconf 87' lang='lat' dir='ltr'>successori</span> <span class='ocrx_word' id='word_1_324' title='bbox 542 3711 594 3754; x_wconf 89' lang='lat' dir='ltr'>suo</span> <span class='ocrx_word' id='word_1_325' title='bbox 634 3697 722 3753; x_wconf 88' lang='lat' dir='ltr'>altero</span> <span class='ocrx_word' id='word_1_326' title='bbox 737 3696 773 3752; x_wconf 90' lang='lat' dir='ltr'>de</span> <span class='ocrx_word' id='word_1_327' title='bbox 822 3697 908 3765; x_wconf 89' lang='lat' dir='ltr'>arvis,</span> <span class='ocrx_word' id='word_1_328' title='bbox 921 3697 970 3768; x_wconf 90' lang='lat' dir='ltr'>qui</span> <span class='ocrx_word' id='word_1_329' title='bbox 982 3695 1055 3754; x_wconf 86' lang='lat' dir='ltr'>sedit</span> <span class='ocrx_word' id='word_1_330' title='bbox 1070 3696 1106 3754; x_wconf 89' lang='lat' dir='ltr'>ab</span> 
     </span>
     <span class='ocr_line' id='line_1_37' title="bbox 307 3765 1103 3836; baseline -0.005 -7"><span class='ocrx_word' id='word_1_331' title='bbox 307 3787 383 3830; x_wconf 88' lang='lat' dir='ltr'>auno</span> <span class='ocrx_word' id='word_1_332' title='bbox 396 3770 519 3836; x_wconf 60' lang='lat' dir='ltr'>tilitas</span> <span class='ocrx_word' id='word_1_333' title='bbox 541 3782 577 3823; x_wconf 91' lang='lat' dir='ltr'>ue</span> <span class='ocrx_word' id='word_1_334' title='bbox 592 3766 627 3823; x_wconf 89' lang='lat' dir='ltr'>ad</span> <span class='ocrx_word' id='word_1_335' title='bbox 642 3781 748 3823; x_wconf 87' lang='lat' dir='ltr'>annum</span> <span class='ocrx_word' id='word_1_336' title='bbox 763 3767 841 3828; x_wconf 77' lang='lat'><strong>1251.</strong></span> <span class='ocrx_word' id='word_1_337' title='bbox 859 3765 974 3823; x_wconf 87' lang='lat' dir='ltr'>laudato</span> <span class='ocrx_word' id='word_1_338' title='bbox 991 3781 1006 3823; x_wconf 87' lang='lat' dir='ltr'>a</span> <span class='ocrx_word' id='word_1_339' title='bbox 1022 3769 1057 3826; x_wconf 83' lang='lat' dir='ltr'>V.</span> <span class='ocrx_word' id='word_1_340' title='bbox 1074 3768 1103 3827; x_wconf 80' lang='lat' dir='ltr'>G.</span> 
     </span>
     <span class='ocr_line' id='line_1_38' title="bbox 308 3782 1022 3920; baseline -0.014 -18"><span class='ocrx_word' id='word_1_341' title='bbox 308 3841 458 3902; x_wconf 89' lang='lat' dir='ltr'>Guitletmo</span> <span class='ocrx_word' id='word_1_342' title='bbox 471 3838 506 3895; x_wconf 91' lang='lat' dir='ltr'>de</span> <span class='ocrx_word' id='word_1_343' title='bbox 521 3782 599 3896; x_wconf 52' lang='lat' dir='ltr'>autel</span> <span class='ocrx_word' id='word_1_344' title='bbox 614 3838 643 3893; x_wconf 93' lang='lat' dir='ltr'>in</span> <span class='ocrx_word' id='word_1_345' title='bbox 664 3837 815 3920; x_wconf 74' lang='lat' dir='ltr'>Candidas</span> <span class='ocrx_word' id='word_1_346' title='bbox 829 3837 984 3893; x_wconf 77' lang='lat' dir='ltr'>Tolosanis.</span> <span class='ocrx_word' id='word_1_347' title='bbox 1017 3906 1022 3919; x_wconf 37' lang='grc' dir='ltr'>Ι</span> 
     </span>
    </p>

    <p class='ocr_par' dir='ltr' id='par_1_11' title="bbox 308 3905 1107 4320">
     <span class='ocr_line' id='line_1_39' title="bbox 346 3905 1106 3988; baseline -0.005 -18"><span class='ocrx_word' id='word_1_348' title='bbox 346 3909 550 3988; x_wconf 70' lang='lat' dir='ltr'>(etaetatis.</span> <span class='ocrx_word' id='word_1_349' title='bbox 586 3907 708 3966; x_wconf 80' lang='lat' dir='ltr'>Vedostr.</span> <span class='ocrx_word' id='word_1_350' title='bbox 735 3906 906 3974; x_wconf 88' lang='lat' dir='ltr'>Rarmundo,</span> <span class='ocrx_word' id='word_1_351' title='bbox 933 3905 1106 3976; x_wconf 81' lang='lat' dir='ltr'>0d0n1,vel</span> 
     </span>
     <span class='ocr_line' id='line_1_40' title="bbox 308 3976 1105 4052; baseline -0.009 -11"><span class='ocrx_word' id='word_1_352' title='bbox 308 3983 411 4042; x_wconf 87' lang='lat' dir='ltr'>ioanni</span> <span class='ocrx_word' id='word_1_353' title='bbox 424 3984 461 4050; x_wconf 87' lang='lat' dir='ltr'>V,</span> <span class='ocrx_word' id='word_1_354' title='bbox 475 3979 522 4052; x_wconf 87' lang='lat' dir='ltr'>qul</span> <span class='ocrx_word' id='word_1_355' title='bbox 533 3979 666 4034; x_wconf 84' lang='lat' dir='ltr'>vixerunt</span> <span class='ocrx_word' id='word_1_356' title='bbox 680 3976 733 4034; x_wconf 91' lang='lat' dir='ltr'>sub</span> <span class='ocrx_word' id='word_1_357' title='bbox 749 3977 875 4034; x_wconf 86' lang='lat' dir='ltr'>Honorio</span> <span class='ocrx_word' id='word_1_358' title='bbox 894 3983 1002 4046; x_wconf 90' lang='lat' dir='ltr'>nostra,</span> <span class='ocrx_word' id='word_1_359' title='bbox 1011 3979 1041 4033; x_wconf 92' lang='lat' dir='ltr'>in</span> <span class='ocrx_word' id='word_1_360' title='bbox 1055 3993 1105 4035; x_wconf 93' lang='lat' dir='ltr'>uo·</span> 
     </span>
     <span class='ocr_line' id='line_1_41' title="bbox 310 4047 1107 4114; baseline -0.009 -2"><span class='ocrx_word' id='word_1_361' title='bbox 310 4055 464 4112; x_wconf 84' lang='lat' dir='ltr'>bilissimo&#39;</span> <span class='ocrx_word' id='word_1_362' title='bbox 490 4051 665 4106; x_wconf 89' lang='lat' dir='ltr'>monasterio</span> <span class='ocrx_word' id='word_1_363' title='bbox 687 4049 714 4104; x_wconf 89' lang='lat' dir='ltr'>S.</span> <span class='ocrx_word' id='word_1_364' title='bbox 736 4047 862 4114; x_wconf 80' lang='lat' dir='ltr'>vedasti,</span> <span class='ocrx_word' id='word_1_365' title='bbox 890 4047 1015 4106; x_wconf 84' lang='lat' dir='ltr'>civitatis</span> <span class='ocrx_word' id='word_1_366' title='bbox 1040 4047 1107 4106; x_wconf 77' lang='lat' dir='ltr'>hre-</span> 
     </span>
     <span class='ocr_line' id='line_1_42' title="bbox 308 4115 1106 4191; baseline -0.005 -11"><span class='ocrx_word' id='word_1_367' title='bbox 308 4123 445 4188; x_wconf 88' lang='lat' dir='ltr'>batensis,</span> <span class='ocrx_word' id='word_1_368' title='bbox 466 4118 574 4176; x_wconf 86' lang='lat' dir='ltr'>fundati</span> <span class='ocrx_word' id='word_1_369' title='bbox 586 4133 661 4176; x_wconf 90' lang='lat' dir='ltr'>anno</span> <span class='ocrx_word' id='word_1_370' title='bbox 676 4116 730 4174; x_wconf 80' lang='lat'>655</span> <span class='ocrx_word' id='word_1_371' title='bbox 744 4132 760 4174; x_wconf 87' lang='lat' dir='ltr'>a</span> <span class='ocrx_word' id='word_1_372' title='bbox 774 4118 801 4176; x_wconf 90' lang='lat' dir='ltr'>S.</span> <span class='ocrx_word' id='word_1_373' title='bbox 819 4115 956 4174; x_wconf 85' lang='lat' dir='ltr'>Antberto</span> <span class='ocrx_word' id='word_1_374' title='bbox 971 4117 1106 4191; x_wconf 90' lang='lat' dir='ltr'>episcopo</span> 
     </span>
     <span class='ocr_line' id='line_1_43' title="bbox 310 4186 1104 4274; baseline -0.01 -20"><span class='ocrx_word' id='word_1_375' title='bbox 310 4191 523 4274; x_wconf 74' lang='lat' dir='ltr'>cameracensi,</span> <span class='ocrx_word' id='word_1_376' title='bbox 539 4196 654 4247; x_wconf 89' lang='lat' dir='ltr'>auctore</span> <span class='ocrx_word' id='word_1_377' title='bbox 670 4186 799 4246; x_wconf 86' lang='lat' dir='ltr'>Baldrico</span> <span class='ocrx_word' id='word_1_378' title='bbox 812 4188 841 4244; x_wconf 94' lang='lat' dir='ltr'>iu</span> <span class='ocrx_word' id='word_1_379' title='bbox 854 4187 992 4245; x_wconf 83' lang='lat' dir='ltr'>Chronico</span> <span class='ocrx_word' id='word_1_380' title='bbox 1008 4189 1104 4246; x_wconf 81' lang='lat' dir='ltr'>Game-</span> 
     </span>
     <span class='ocr_line' id='line_1_44' title="bbox 309 4279 432 4320; baseline 0 0"><span class='ocrx_word' id='word_1_381' title='bbox 309 4279 432 4320; x_wconf 74' lang='lat' dir='ltr'>racana</span> 
     </span>
    </p>

    <p class='ocr_par' dir='ltr' id='par_1_12' title="bbox 225 4327 1106 5394">
     <span class='ocr_line' id='line_1_45' title="bbox 344 4327 1103 4405; baseline -0.005 -14"><span class='ocrx_word' id='word_1_382' title='bbox 344 4337 377 4392; x_wconf 92' lang='lat' dir='ltr'>ln</span> <span class='ocrx_word' id='word_1_383' title='bbox 389 4331 513 4405; x_wconf 82' lang='lat' dir='ltr'>vulgatis</span> <span class='ocrx_word' id='word_1_384' title='bbox 527 4327 698 4387; x_wconf 88' lang='lat' dir='ltr'>editionibus</span> <span class='ocrx_word' id='word_1_385' title='bbox 714 4327 777 4384; x_wconf 90' lang='lat' dir='ltr'>loco</span> <span class='ocrx_word' id='word_1_386' title='bbox 795 4327 880 4402; x_wconf 87' lang='lat' dir='ltr'>hujus</span> <span class='ocrx_word' id='word_1_387' title='bbox 901 4343 963 4402; x_wconf 89' lang='lat' dir='ltr'>cap.</span> <span class='ocrx_word' id='word_1_388' title='bbox 977 4328 1024 4387; x_wconf 85' lang='lat' dir='ltr'>Ad</span> <span class='ocrx_word' id='word_1_389' title='bbox 1039 4345 1103 4387; x_wconf 84' lang='lat' dir='ltr'>aas·</span> 
     </span>
     <span class='ocr_line' id='line_1_46' title="bbox 309 4398 1106 4474; baseline 0 -12"><span class='ocrx_word' id='word_1_390' title='bbox 309 4411 397 4474; x_wconf 83' lang='lat' dir='ltr'>tram,</span> <span class='ocrx_word' id='word_1_391' title='bbox 441 4402 535 4458; x_wconf 90' lang='lat' dir='ltr'>onitur</span> <span class='ocrx_word' id='word_1_392' title='bbox 557 4415 589 4458; x_wconf 88' lang='lat' dir='ltr'>cn</span> <span class='ocrx_word' id='word_1_393' title='bbox 614 4443 620 4456; x_wconf 94' lang='lat'>.</span> <span class='ocrx_word' id='word_1_394' title='bbox 643 4399 690 4456; x_wconf 77' lang='lat' dir='ltr'>Ea</span> <span class='ocrx_word' id='word_1_395' title='bbox 714 4399 826 4470; x_wconf 83' lang='lat' dir='ltr'>littaris,</span> <span class='ocrx_word' id='word_1_396' title='bbox 860 4398 937 4472; x_wconf 87' lang='lat' dir='ltr'>qnod</span> <span class='ocrx_word' id='word_1_397' title='bbox 964 4401 993 4457; x_wconf 88' lang='lat' dir='ltr'>in</span> <span class='ocrx_word' id='word_1_398' title='bbox 1018 4401 1106 4462; x_wconf 88' lang='lat' dir='ltr'>tribus</span> 
     </span>
     <span class='ocr_line' id='line_1_47' title="bbox 313 4415 1103 4552; baseline -0.001 -20"><span class='ocrx_word' id='word_1_399' title='bbox 313 4476 386 4532; x_wconf 87' lang='lat' dir='ltr'>meis</span> <span class='ocrx_word' id='word_1_400' title='bbox 428 4474 475 4530; x_wconf 86' lang='lat' dir='ltr'>ss.</span> <span class='ocrx_word' id='word_1_401' title='bbox 493 4415 658 4552; x_wconf 36' lang='lat' dir='ltr'>nemezion</span> <span class='ocrx_word' id='word_1_402' title='bbox 670 4477 764 4550; x_wconf 84' lang='lat' dir='ltr'>autern</span> <span class='ocrx_word' id='word_1_403' title='bbox 782 4485 844 4543; x_wconf 87' lang='lat' dir='ltr'>cap.</span> <span class='ocrx_word' id='word_1_404' title='bbox 861 4472 1027 4544; x_wconf 88' lang='lat' dir='ltr'>proponitur</span> <span class='ocrx_word' id='word_1_405' title='bbox 1048 4471 1103 4532; x_wconf 89' lang='lat' dir='ltr'>&#39;us-</span> 
     </span>
     <span class='ocr_line' id='line_1_48' title="bbox 308 4489 1105 4628; baseline -0.001 -25"><span class='ocrx_word' id='word_1_406' title='bbox 308 4545 463 4628; x_wconf 79' lang='lat' dir='ltr'>jureudum</span> <span class='ocrx_word' id='word_1_407' title='bbox 485 4549 568 4614; x_wconf 89' lang='lat' dir='ltr'>pacto</span> <span class='ocrx_word' id='word_1_408' title='bbox 588 4540 685 4597; x_wconf 89' lang='lat' dir='ltr'>rlhcrta</span> <span class='ocrx_word' id='word_1_409' title='bbox 707 4540 859 4613; x_wconf 73' lang='lat' dir='ltr'>adjectum,</span> <span class='ocrx_word' id='word_1_410' title='bbox 885 4541 960 4613; x_wconf 86' lang='lat' dir='ltr'>quod</span> <span class='ocrx_word' id='word_1_411' title='bbox 990 4489 1105 4614; x_wconf 57' lang='lat' dir='ltr'>quidem</span> 
     </span>
     <span class='ocr_line' id='line_1_49' title="bbox 308 4613 1104 4693; baseline -0.005 -18"><span class='ocrx_word' id='word_1_412' title='bbox 308 4632 372 4693; x_wconf 77' lang='lat' dir='ltr'>Jure</span> <span class='ocrx_word' id='word_1_413' title='bbox 386 4615 463 4674; x_wconf 86' lang='lat' dir='ltr'>civiti</span> <span class='ocrx_word' id='word_1_414' title='bbox 475 4613 580 4670; x_wconf 89' lang='lat' dir='ltr'>nultius</span> <span class='ocrx_word' id='word_1_415' title='bbox 593 4617 637 4668; x_wconf 90' lang='lat' dir='ltr'>est</span> <span class='ocrx_word' id='word_1_416' title='bbox 651 4614 798 4678; x_wconf 85' lang='lat' dir='ltr'>momenti,</span> <span class='ocrx_word' id='word_1_417' title='bbox 814 4613 888 4670; x_wconf 88' lang='lat' dir='ltr'>sicut</span> <span class='ocrx_word' id='word_1_418' title='bbox 904 4627 957 4670; x_wconf 90' lang='lat' dir='ltr'>nec</span> <span class='ocrx_word' id='word_1_419' title='bbox 976 4621 1104 4688; x_wconf 80' lang='lat' dir='ltr'>pactum3</span> 
     </span>
     <span class='ocr_line' id='line_1_50' title="bbox 309 4681 1103 4759; baseline -0.005 -13"><span class='ocrx_word' id='word_1_420' title='bbox 309 4688 420 4746; x_wconf 88' lang='lat' dir='ltr'>sienim</span> <span class='ocrx_word' id='word_1_421' title='bbox 437 4691 551 4759; x_wconf 88' lang='lat' dir='ltr'>pactum</span> <span class='ocrx_word' id='word_1_422' title='bbox 567 4681 738 4740; x_wconf 87' lang='lat' dir='ltr'>servandum</span> <span class='ocrx_word' id='word_1_423' title='bbox 753 4691 876 4752; x_wconf 87' lang='lat' dir='ltr'>nonest,</span> <span class='ocrx_word' id='word_1_424' title='bbox 892 4683 930 4740; x_wconf 91' lang='lat' dir='ltr'>ita</span> <span class='ocrx_word' id='word_1_425' title='bbox 949 4698 1003 4740; x_wconf 91' lang='lat' dir='ltr'>nec</span> <span class='ocrx_word' id='word_1_426' title='bbox 1011 4685 1103 4758; x_wconf 86' lang='lat' dir='ltr'>jusju-</span> 
     </span>
     <span class='ocr_line' id='line_1_51' title="bbox 310 4754 1105 4825; baseline -0.005 -9"><span class='ocrx_word' id='word_1_427' title='bbox 310 4759 429 4818; x_wconf 89' lang='lat' dir='ltr'>randum</span> <span class='ocrx_word' id='word_1_428' title='bbox 444 4773 450 4813; x_wconf 96' lang='lat'><strong>:</strong></span> <span class='ocrx_word' id='word_1_429' title='bbox 465 4757 583 4813; x_wconf 84' lang='lat' dir='ltr'>Pactam</span> <span class='ocrx_word' id='word_1_430' title='bbox 593 4754 685 4825; x_wconf 82' lang='lat' dir='ltr'>ajtarc</span> <span class='ocrx_word' id='word_1_431' title='bbox 698 4755 839 4810; x_wconf 82' lang='lat' dir='ltr'>cmamaai</span> <span class='ocrx_word' id='word_1_432' title='bbox 850 4756 1105 4813; x_wconf 78' lang='lat' dir='ltr'>remotamsaraari</span> 
     </span>
     <span class='ocr_line' id='line_1_52' title="bbox 309 4823 1106 4900; baseline -0.006 -13"><span class='ocrx_word' id='word_1_433' title='bbox 309 4848 365 4888; x_wconf 83' lang='lat' dir='ltr'>raon</span> <span class='ocrx_word' id='word_1_434' title='bbox 378 4831 494 4900; x_wconf 86' lang='lat' dir='ltr'>oportet,</span> <span class='ocrx_word' id='word_1_435' title='bbox 507 4842 556 4883; x_wconf 85' lang='lat' dir='ltr'>nec</span> <span class='ocrx_word' id='word_1_436' title='bbox 579 4823 668 4895; x_wconf 77' lang='lat' dir='ltr'>lupari</span> <span class='ocrx_word' id='word_1_437' title='bbox 688 4839 697 4880; x_wconf 93' lang='lat'><em>:</em></span> <span class='ocrx_word' id='word_1_438' title='bbox 715 4838 765 4880; x_wconf 86' lang='lat' dir='ltr'>aaa</span> <span class='ocrx_word' id='word_1_439' title='bbox 780 4825 987 4896; x_wconf 59' lang='lat' dir='ltr'>jejunandam</span> <span class='ocrx_word' id='word_1_440' title='bbox 1000 4826 1038 4882; x_wconf 81' lang='lat' dir='ltr'>ad</span> <span class='ocrx_word' id='word_1_441' title='bbox 1055 4827 1106 4883; x_wconf 80' lang='lat' dir='ltr'>boc</span> 
     </span>
     <span class='ocr_line' id='line_1_53' title="bbox 308 4894 1105 4969; baseline -0.006 -10"><span class='ocrx_word' id='word_1_442' title='bbox 308 4903 450 4966; x_wconf 85' lang='lat' dir='ltr'>adactam,</span> <span class='ocrx_word' id='word_1_443' title='bbox 467 4905 499 4954; x_wconf 93' lang='lat' dir='ltr'>ut</span> <span class='ocrx_word' id='word_1_444' title='bbox 510 4898 549 4954; x_wconf 89' lang='lat' dir='ltr'>ait</span> <span class='ocrx_word' id='word_1_445' title='bbox 564 4895 702 4966; x_wconf 83' lang='lat' dir='ltr'>Ulpianus</span> <span class='ocrx_word' id='word_1_446' title='bbox 717 4894 746 4949; x_wconf 91' lang='lat' dir='ltr'>in</span> <span class='ocrx_word' id='word_1_447' title='bbox 758 4895 777 4950; x_wconf 93' lang='grc' dir='ltr'>Ι.</span> <span class='ocrx_word' id='word_1_448' title='bbox 792 4895 875 4953; x_wconf 72' lang='lat' dir='ltr'>iaris</span> <span class='ocrx_word' id='word_1_449' title='bbox 892 4896 1023 4965; x_wconf 78' lang='lat' dir='ltr'>acatium,</span> <span class='ocrx_word' id='word_1_450' title='bbox 1041 4896 1055 4969; x_wconf 64' lang='grc' dir='ltr'><strong>ξ</strong></span> <span class='ocrx_word' id='word_1_451' title='bbox 1071 4899 1105 4954; x_wconf 80' lang='lat' dir='ltr'>lit</span> 
     </span>
     <span class='ocr_line' id='line_1_54' title="bbox 311 4965 1103 5046; baseline -0.008 -16"><span class='ocrx_word' id='word_1_452' title='bbox 311 4972 494 5046; x_wconf 84' lang='lat' dir='ltr'>generaliter,</span> <span class='ocrx_word' id='word_1_453' title='bbox 505 4967 546 5034; x_wconf 84' lang='lat' dir='ltr'>n,</span> <span class='ocrx_word' id='word_1_454' title='bbox 556 4967 596 5022; x_wconf 85' lang='lat' dir='ltr'>De</span> <span class='ocrx_word' id='word_1_455' title='bbox 607 4966 720 5036; x_wconf 59' lang='lat' dir='ltr'>paetin-</span> <span class='ocrx_word' id='word_1_456' title='bbox 733 4965 781 5022; x_wconf 89' lang='lat' dir='ltr'>nbi</span> <span class='ocrx_word' id='word_1_457' title='bbox 794 4980 829 5022; x_wconf 88' lang='lat' dir='ltr'>ex</span> <span class='ocrx_word' id='word_1_458' title='bbox 845 4965 986 5022; x_wconf 85' lang='lat' dir='ltr'>sentemia</span> <span class='ocrx_word' id='word_1_459' title='bbox 1006 4968 1103 5024; x_wconf 89' lang='lat' dir='ltr'>claris·</span> 
     </span>
     <span class='ocr_line' id='line_1_55' title="bbox 225 5034 1104 5111; baseline -0.008 -9"><span class='ocrx_word' id='word_1_460' title='bbox 225 5093 230 5102; x_wconf 94' lang='lat'>.</span> <span class='ocrx_word' id='word_1_461' title='bbox 310 5045 448 5100; x_wconf 88' lang='lat' dir='ltr'>simorum</span> <span class='ocrx_word' id='word_1_462' title='bbox 470 5039 595 5096; x_wconf 81' lang='lat' dir='ltr'>virorum</span> <span class='ocrx_word' id='word_1_463' title='bbox 625 5034 781 5108; x_wconf 83' lang='lat' dir='ltr'>legendum</span> <span class='ocrx_word' id='word_1_464' title='bbox 802 5036 883 5092; x_wconf 88' lang='lat' dir='ltr'>aliter</span> <span class='ocrx_word' id='word_1_465' title='bbox 905 5042 1003 5092; x_wconf 90' lang='lat' dir='ltr'>monet</span> <span class='ocrx_word' id='word_1_466' title='bbox 1024 5037 1104 5111; x_wconf 85' lang='lat' dir='ltr'>Cuju-</span> 
     </span>
     <span class='ocr_line' id='line_1_56' title="bbox 310 5107 1101 5180; baseline -0.008 -9"><span class='ocrx_word' id='word_1_467' title='bbox 310 5116 381 5180; x_wconf 90' lang='lat' dir='ltr'>cius‚</span> <span class='ocrx_word' id='word_1_468' title='bbox 397 5110 508 5170; x_wconf 82' lang='lat' dir='ltr'>seruari</span> <span class='ocrx_word' id='word_1_469' title='bbox 522 5110 572 5165; x_wconf 82' lang='lat' dir='ltr'>troc</span> <span class='ocrx_word' id='word_1_470' title='bbox 584 5122 667 5164; x_wconf 84' lang='lat' dir='ltr'>aona</span> <span class='ocrx_word' id='word_1_471' title='bbox 686 5111 768 5176; x_wconf 83' lang='lat' dir='ltr'>artat,</span> <span class='ocrx_word' id='word_1_472' title='bbox 785 5121 838 5163; x_wconf 92' lang='lat' dir='ltr'>nec</span> <span class='ocrx_word' id='word_1_473' title='bbox 849 5107 867 5162; x_wconf 92' lang='lat' dir='ltr'>li</span> <span class='ocrx_word' id='word_1_474' title='bbox 892 5113 939 5177; x_wconf 82' lang='lat' dir='ltr'>et3</span> <span class='ocrx_word' id='word_1_475' title='bbox 959 5121 1044 5180; x_wconf 90' lang='lat' dir='ltr'>qnam</span> <span class='ocrx_word' id='word_1_476' title='bbox 1059 5115 1101 5165; x_wconf 92' lang='lat' dir='ltr'>ta-</span> 
     </span>
     <span class='ocr_line' id='line_1_57' title="bbox 311 5121 1105 5260; baseline -0.008 -19"><span class='ocrx_word' id='word_1_477' title='bbox 311 5199 378 5240; x_wconf 90' lang='lat' dir='ltr'>men</span> <span class='ocrx_word' id='word_1_478' title='bbox 393 5199 449 5239; x_wconf 92' lang='lat' dir='ltr'>non</span> <span class='ocrx_word' id='word_1_479' title='bbox 465 5179 643 5253; x_wconf 80' lang='lat' dir='ltr'>amplectitur</span> <span class='ocrx_word' id='word_1_480' title='bbox 658 5121 800 5235; x_wconf 49' lang='lat' dir='ltr'>Kisseitai.</span> <span class='ocrx_word' id='word_1_481' title='bbox 817 5121 921 5259; x_wconf 53' lang='grc' dir='ltr'>214ξῇ4.</span> <span class='ocrx_word' id='word_1_482' title='bbox 936 5179 958 5234; x_wconf 92' lang='lat' dir='ltr'>l.</span> <span class='ocrx_word' id='word_1_483' title='bbox 974 5180 1105 5260; x_wconf 68' lang='lat' dir='ltr'>ligoqui·</span> 
     </span>
     <span class='ocr_line' id='line_1_58' title="bbox 310 5252 1102 5325; baseline -0.006 -15"><span class='ocrx_word' id='word_1_484' title='bbox 310 5253 493 5325; x_wconf 77' lang='lat' dir='ltr'>deanuJ&#39;anii</span> <span class='ocrx_word' id='word_1_485' title='bbox 527 5258 603 5308; x_wconf 89' lang='lat' dir='ltr'>artes</span> <span class='ocrx_word' id='word_1_486' title='bbox 617 5262 717 5305; x_wconf 89' lang='lat' dir='ltr'>secure</span> <span class='ocrx_word' id='word_1_487' title='bbox 733 5255 821 5316; x_wconf 90' lang='lat' dir='ltr'>tneor,</span> <span class='ocrx_word' id='word_1_488' title='bbox 838 5254 911 5304; x_wconf 81' lang='lat' dir='ltr'>sicut</span> <span class='ocrx_word' id='word_1_489' title='bbox 928 5252 971 5304; x_wconf 89' lang='lat' dir='ltr'>est</span> <span class='ocrx_word' id='word_1_490' title='bbox 991 5263 1020 5304; x_wconf 89' lang='lat' dir='ltr'>ru</span> <span class='ocrx_word' id='word_1_491' title='bbox 1040 5263 1102 5305; x_wconf 93' lang='lat' dir='ltr'>om·</span> 
     </span>
     <span class='ocr_line' id='line_1_59' title="bbox 312 5267 1102 5394; baseline -0.005 -14"><span class='ocrx_word' id='word_1_492' title='bbox 312 5324 395 5381; x_wconf 88' lang='lat' dir='ltr'>uibus</span> <span class='ocrx_word' id='word_1_493' title='bbox 410 5267 619 5394; x_wconf 47' lang='lat' dir='ltr'>exernpffaribus</span> <span class='ocrx_word' id='word_1_494' title='bbox 632 5319 738 5378; x_wconf 84' lang='lat' dir='ltr'>Graecis</span> <span class='ocrx_word' id='word_1_495' title='bbox 747 5323 776 5375; x_wconf 91' lang='lat' dir='ltr'>et</span> <span class='ocrx_word' id='word_1_496' title='bbox 790 5319 908 5386; x_wconf 87' lang='lat' dir='ltr'>Latinis,</span> <span class='ocrx_word' id='word_1_497' title='bbox 918 5318 947 5374; x_wconf 89' lang='lat' dir='ltr'>iu</span> <span class='ocrx_word' id='word_1_498' title='bbox 959 5319 1102 5389; x_wconf 80' lang='lat' dir='ltr'>Basilicis,</span> 
     </span>
    </p>
   </div>
   <div class='ocr_carea' id='block_1_9' title="bbox 212 5387 1101 5467">
    <p class='ocr_par' dir='ltr' id='par_1_13' title="bbox 212 5387 1101 5467">
     <span class='ocr_line' id='line_1_60' title="bbox 212 5387 1101 5467; baseline -0.01 -12"><span class='ocrx_word' id='word_1_499' title='bbox 212 5389 213 5392; x_wconf 50' lang='lat'>&#39;</span> <span class='ocrx_word' id='word_1_500' title='bbox 311 5405 339 5453; x_wconf 91' lang='lat' dir='ltr'>et</span> <span class='ocrx_word' id='word_1_501' title='bbox 354 5391 696 5467; x_wconf 83' lang='lat' dir='ltr'>apudttarmenopatnm,</span> <span class='ocrx_word' id='word_1_502' title='bbox 719 5387 774 5445; x_wconf 90' lang='lat' dir='ltr'>hoc</span> <span class='ocrx_word' id='word_1_503' title='bbox 791 5387 918 5445; x_wconf 87' lang='lat' dir='ltr'>adhibito</span> <span class='ocrx_word' id='word_1_504' title='bbox 933 5389 1101 5461; x_wconf 89' lang='lat' dir='ltr'>iuterpreta-</span> 
     </span>
    </p>
   </div>
   <div class='ocr_carea' id='block_1_10' title="bbox 311 5457 1104 5677">
    <p class='ocr_par' dir='ltr' id='par_1_14' title="bbox 311 5457 1104 5677">
     <span class='ocr_line' id='line_1_61' title="bbox 311 5457 1104 5531; baseline -0.006 -8"><span class='ocrx_word' id='word_1_505' title='bbox 311 5473 408 5523; x_wconf 90' lang='lat' dir='ltr'>mento</span> <span class='ocrx_word' id='word_1_506' title='bbox 421 5463 532 5520; x_wconf 82' lang='lat' dir='ltr'>seruari</span> <span class='ocrx_word' id='word_1_507' title='bbox 545 5478 602 5518; x_wconf 84' lang='lat' dir='ltr'>aori</span> <span class='ocrx_word' id='word_1_508' title='bbox 614 5464 730 5531; x_wconf 78' lang='lat' dir='ltr'>opat-tet,</span> <span class='ocrx_word' id='word_1_509' title='bbox 745 5474 795 5516; x_wconf 86' lang='lat' dir='ltr'>aaa</span> <span class='ocrx_word' id='word_1_510' title='bbox 808 5459 907 5530; x_wconf 76' lang='lat' dir='ltr'>isaari,</span> <span class='ocrx_word' id='word_1_511' title='bbox 923 5457 977 5516; x_wconf 91' lang='lat' dir='ltr'>boc</span> <span class='ocrx_word' id='word_1_512' title='bbox 991 5467 1034 5516; x_wconf 90' lang='lat' dir='ltr'>est</span> <span class='ocrx_word' id='word_1_513' title='bbox 1048 5476 1104 5518; x_wconf 84' lang='lat' dir='ltr'>aaa</span> 
     </span>
     <span class='ocr_line' id='line_1_62' title="bbox 311 5530 1104 5658; baseline -0.005 -66"><span class='ocrx_word' id='word_1_514' title='bbox 311 5540 416 5617; x_wconf 80' lang='lat' dir='ltr'>aportat</span> <span class='ocrx_word' id='word_1_515' title='bbox 428 5533 548 5597; x_wconf 74' lang='lat' dir='ltr'>sesami,</span> <span class='ocrx_word' id='word_1_516' title='bbox 565 5546 614 5588; x_wconf 83' lang='lat' dir='ltr'>aaa</span> <span class='ocrx_word' id='word_1_517' title='bbox 633 5530 756 5658; x_wconf 43' lang='lat' dir='ltr'>irssnapi,</span> <span class='ocrx_word' id='word_1_518' title='bbox 769 5545 818 5586; x_wconf 80' lang='lat' dir='ltr'>sca</span> <span class='ocrx_word' id='word_1_519' title='bbox 834 5531 980 5611; x_wconf 78' lang='lat' dir='ltr'>imperari.</span> <span class='ocrx_word' id='word_1_520' title='bbox 999 5531 1104 5601; x_wconf 81' lang='lat' dir='ltr'>Lapara</span> 
     </span>
     <span class='ocr_line' id='line_1_63' title="bbox 313 5601 1103 5677; baseline -0.003 -15"><span class='ocrx_word' id='word_1_521' title='bbox 313 5618 422 5677; x_wconf 81' lang='lat' dir='ltr'>qnippe,</span> <span class='ocrx_word' id='word_1_522' title='bbox 442 5619 504 5676; x_wconf 89' lang='lat' dir='ltr'>pro,</span> <span class='ocrx_word' id='word_1_523' title='bbox 517 5603 654 5659; x_wconf 74' lang='lat' dir='ltr'>Decmaar</span> <span class='ocrx_word' id='word_1_524' title='bbox 670 5607 728 5672; x_wconf 86' lang='lat' dir='ltr'>‚et‚</span> <span class='ocrx_word' id='word_1_525' title='bbox 742 5615 881 5670; x_wconf 82' lang='lat' dir='ltr'>imperare</span> <span class='ocrx_word' id='word_1_526' title='bbox 892 5609 1010 5659; x_wconf 82' lang='lat' dir='ltr'>sumatur</span> <span class='ocrx_word' id='word_1_527' title='bbox 1028 5601 1103 5674; x_wconf 85' lang='lat' dir='ltr'>apud</span> 
     </span>
    </p>
   </div>
   <div class='ocr_carea' id='block_1_11' title="bbox 1159 2455 1961 3024">
    <p class='ocr_par' dir='ltr' id='par_1_15' title="bbox 1159 2455 1961 3024">
     <span class='ocr_line' id='line_1_64' title="bbox 1159 2455 1961 2536; baseline -0.001 -16"><span class='ocrx_word' id='word_1_528' title='bbox 1159 2462 1195 2522; x_wconf 92' lang='lat' dir='ltr'>ut</span> <span class='ocrx_word' id='word_1_529' title='bbox 1211 2459 1299 2522; x_wconf 89' lang='lat' dir='ltr'>esset</span> <span class='ocrx_word' id='word_1_530' title='bbox 1315 2457 1500 2536; x_wconf 90' lang='lat' dir='ltr'>iniquitatis</span> <span class='ocrx_word' id='word_1_531' title='bbox 1518 2455 1688 2519; x_wconf 77' lang='lat' dir='ltr'>uinculum</span> <span class='ocrx_word' id='word_1_532' title='bbox 1706 2457 1808 2519; x_wconf 84' lang='lat' dir='ltr'>tuerit</span> <span class='ocrx_word' id='word_1_533' title='bbox 1826 2459 1961 2521; x_wconf 89' lang='lat' dir='ltr'>institn-</span> 
     </span>
     <span class='ocr_line' id='line_1_65' title="bbox 1159 2555 1958 2634; baseline -0.001 -15"><span class='ocrx_word' id='word_1_534' title='bbox 1159 2560 1239 2631; x_wconf 93' lang='lat' dir='ltr'>tum,</span> <span class='ocrx_word' id='word_1_535' title='bbox 1265 2559 1299 2619; x_wconf 88' lang='lat' dir='ltr'>et</span> <span class='ocrx_word' id='word_1_536' title='bbox 1321 2556 1407 2634; x_wconf 88' lang='lat' dir='ltr'>qaod</span> <span class='ocrx_word' id='word_1_537' title='bbox 1429 2571 1495 2618; x_wconf 91' lang='lat' dir='ltr'>non</span> <span class='ocrx_word' id='word_1_538' title='bbox 1509 2555 1711 2632; x_wconf 89' lang='lat' dir='ltr'>juramenta,</span> <span class='ocrx_word' id='word_1_539' title='bbox 1733 2555 1791 2616; x_wconf 90' lang='lat' dir='ltr'>sed</span> <span class='ocrx_word' id='word_1_540' title='bbox 1808 2557 1958 2633; x_wconf 89' lang='lat' dir='ltr'>perjuria</span> 
     </span>
     <span class='ocr_line' id='line_1_66' title="bbox 1159 2653 1957 2734; baseline -0.004 -17"><span class='ocrx_word' id='word_1_541' title='bbox 1159 2657 1268 2734; x_wconf 87' lang='lat' dir='ltr'>potius</span> <span class='ocrx_word' id='word_1_542' title='bbox 1293 2655 1370 2715; x_wconf 89' lang='lat' dir='ltr'>sunt</span> <span class='ocrx_word' id='word_1_543' title='bbox 1388 2653 1527 2715; x_wconf 90' lang='lat' dir='ltr'>dicenda</span> <span class='ocrx_word' id='word_1_544' title='bbox 1552 2669 1625 2731; x_wconf 90' lang='lat' dir='ltr'>quae</span> <span class='ocrx_word' id='word_1_545' title='bbox 1644 2655 1758 2715; x_wconf 89' lang='lat' dir='ltr'>contra</span> <span class='ocrx_word' id='word_1_546' title='bbox 1779 2654 1957 2716; x_wconf 85' lang='lat' dir='ltr'>utilitatem</span> 
     </span>
     <span class='ocr_line' id='line_1_67' title="bbox 1160 2751 1958 2830; baseline -0.003 -16"><span class='ocrx_word' id='word_1_547' title='bbox 1160 2753 1309 2816; x_wconf 87' lang='lat' dir='ltr'>ecclesiae</span> <span class='ocrx_word' id='word_1_548' title='bbox 1331 2751 1546 2823; x_wconf 86' lang='lat' dir='ltr'>attentantur,</span> <span class='ocrx_word' id='word_1_549' title='bbox 1569 2751 1650 2812; x_wconf 89' lang='lat' dir='ltr'>disc.</span> <span class='ocrx_word' id='word_1_550' title='bbox 1675 2768 1707 2813; x_wconf 82' lang='lat' dir='ltr'>r.</span> <span class='ocrx_word' id='word_1_551' title='bbox 1730 2768 1773 2812; x_wconf 89' lang='lat' dir='ltr'>m.</span> <span class='ocrx_word' id='word_1_552' title='bbox 1793 2753 1958 2830; x_wconf 88' lang='lat' dir='ltr'>quatenus</span> 
     </span>
     <span class='ocr_line' id='line_1_68' title="bbox 1160 2849 1959 2926; baseline -0.003 -14"><span class='ocrx_word' id='word_1_553' title='bbox 1160 2852 1201 2912; x_wconf 89' lang='lat' dir='ltr'>ad</span> <span class='ocrx_word' id='word_1_554' title='bbox 1215 2850 1404 2913; x_wconf 79' lang='lat' dir='ltr'>Atrebatem.</span> <span class='ocrx_word' id='word_1_555' title='bbox 1420 2849 1607 2920; x_wconf 88' lang='lat' dir='ltr'>ecelesiam,</span> <span class='ocrx_word' id='word_1_556' title='bbox 1626 2849 1847 2926; x_wconf 88' lang='lat' dir='ltr'>personaliter</span> <span class='ocrx_word' id='word_1_557' title='bbox 1860 2865 1959 2910; x_wconf 90' lang='lat' dir='ltr'>acce-</span> 
     </span>
     <span class='ocr_line' id='line_1_69' title="bbox 1160 2946 1958 3024; baseline -0.004 -13"><span class='ocrx_word' id='word_1_558' title='bbox 1160 2950 1286 3022; x_wconf 69' lang='lat' dir='ltr'>dentes</span> <span class='ocrx_word' id='word_1_559' title='bbox 1299 2965 1318 3010; x_wconf 90' lang='lat' dir='ltr'>a</span> <span class='ocrx_word' id='word_1_560' title='bbox 1333 2947 1503 3010; x_wconf 89' lang='lat' dir='ltr'>canonicis</span> <span class='ocrx_word' id='word_1_561' title='bbox 1518 2946 1693 3008; x_wconf 88' lang='lat' dir='ltr'>antedictis</span> <span class='ocrx_word' id='word_1_562' title='bbox 1708 2946 1887 3024; x_wconf 89' lang='lat' dir='ltr'>requiratis</span> <span class='ocrx_word' id='word_1_563' title='bbox 1899 2964 1958 3008; x_wconf 91' lang='lat' dir='ltr'>su-</span> 
     </span>
    </p>
   </div>
   <div class='ocr_carea' id='block_1_12' title="bbox 1156 3120 1957 5603">
    <p class='ocr_par' dir='ltr' id='par_1_16' title="bbox 1157 3120 1957 4401">
     <span class='ocr_line' id='line_1_70' title="bbox 1157 3120 1957 3206; baseline -0.001 -24"><span class='ocrx_word' id='word_1_564' title='bbox 1157 3123 1414 3206; x_wconf 23' lang='lat' dir='ltr'>juriscousuttosuiu</span> <span class='ocrx_word' id='word_1_565' title='bbox 1426 3123 1492 3206; x_wconf 78' lang='lat' dir='ltr'>lege</span> <span class='ocrx_word' id='word_1_566' title='bbox 1507 3122 1540 3181; x_wconf 80' lang='lat' dir='ltr'>ts</span> <span class='ocrx_word' id='word_1_567' title='bbox 1555 3120 1642 3180; x_wconf 90' lang='lat' dir='ltr'>tabul.</span> <span class='ocrx_word' id='word_1_568' title='bbox 1661 3122 1716 3204; x_wconf 32' lang='grc' dir='ltr'>,44ιὶι</span> <span class='ocrx_word' id='word_1_569' title='bbox 1744 3120 1842 3206; x_wconf 64' lang='lat' dir='ltr'>aisque</span> <span class='ocrx_word' id='word_1_570' title='bbox 1868 3123 1957 3193; x_wconf 74' lang='lat' dir='ltr'>lepar-</span> 
     </span>
     <span class='ocr_line' id='line_1_71' title="bbox 1159 3193 1957 3265; baseline -0.003 -12"><span class='ocrx_word' id='word_1_571' title='bbox 1159 3197 1207 3265; x_wconf 83' lang='lat' dir='ltr'>sit,</span> <span class='ocrx_word' id='word_1_572' title='bbox 1223 3195 1253 3252; x_wconf 91' lang='lat' dir='ltr'>in</span> <span class='ocrx_word' id='word_1_573' title='bbox 1267 3195 1285 3253; x_wconf 93' lang='grc' dir='ltr'>Ι.</span> <span class='ocrx_word' id='word_1_574' title='bbox 1300 3193 1397 3252; x_wconf 76' lang='lat' dir='ltr'>Verbis</span> <span class='ocrx_word' id='word_1_575' title='bbox 1413 3195 1490 3264; x_wconf 78' lang='lat' dir='ltr'>teate,</span> <span class='ocrx_word' id='word_1_576' title='bbox 1505 3194 1538 3250; x_wconf 81' lang='lat' dir='ltr'>de</span> <span class='ocrx_word' id='word_1_577' title='bbox 1551 3193 1626 3250; x_wconf 78' lang='lat' dir='ltr'>aad.</span> <span class='ocrx_word' id='word_1_578' title='bbox 1642 3207 1717 3264; x_wconf 77' lang='lat' dir='ltr'>stant</span> <span class='ocrx_word' id='word_1_579' title='bbox 1734 3210 1754 3260; x_wconf 91' lang='lat'>.;</span> <span class='ocrx_word' id='word_1_580' title='bbox 1768 3194 1849 3264; x_wconf 71' lang='lat' dir='ltr'>toan</span> <span class='ocrx_word' id='word_1_581' title='bbox 1865 3195 1957 3263; x_wconf 85' lang='lat' dir='ltr'>modo,</span> 
     </span>
     <span class='ocr_line' id='line_1_72' title="bbox 1159 3263 1955 3338; baseline -0.005 -14"><span class='ocrx_word' id='word_1_582' title='bbox 1159 3266 1348 3338; x_wconf 78' lang='lat' dir='ltr'>imperatione</span> <span class='ocrx_word' id='word_1_583' title='bbox 1370 3264 1408 3322; x_wconf 91' lang='lat' dir='ltr'>ud</span> <span class='ocrx_word' id='word_1_584' title='bbox 1419 3263 1570 3338; x_wconf 83' lang='lat' dir='ltr'>Ulpianum</span> <span class='ocrx_word' id='word_1_585' title='bbox 1583 3263 1632 3322; x_wconf 89' lang='lat' dir='ltr'>lib.</span> <span class='ocrx_word' id='word_1_586' title='bbox 1648 3265 1759 3336; x_wconf 76' lang='lat' dir='ltr'>fleant,</span> <span class='ocrx_word' id='word_1_587' title='bbox 1775 3265 1817 3321; x_wconf 92' lang='lat' dir='ltr'>tit.</span> <span class='ocrx_word' id='word_1_588' title='bbox 1832 3264 1877 3322; x_wconf 82' lang='lat' dir='ltr'>at.</span> <span class='ocrx_word' id='word_1_589' title='bbox 1889 3266 1955 3322; x_wconf 85' lang='lat' dir='ltr'>Ser·</span> 
     </span>
     <span class='ocr_line' id='line_1_73' title="bbox 1160 3335 1956 3415; baseline -0.006 -19"><span class='ocrx_word' id='word_1_590' title='bbox 1160 3338 1224 3396; x_wconf 87' lang='lat' dir='ltr'>vius</span> <span class='ocrx_word' id='word_1_591' title='bbox 1238 3338 1267 3394; x_wconf 91' lang='lat' dir='ltr'>in</span> <span class='ocrx_word' id='word_1_592' title='bbox 1282 3337 1321 3394; x_wconf 89' lang='lat' dir='ltr'>XI</span> <span class='ocrx_word' id='word_1_593' title='bbox 1360 3336 1448 3410; x_wconf 65' lang='lat' dir='ltr'>ragit:</span> <span class='ocrx_word' id='word_1_594' title='bbox 1464 3337 1582 3394; x_wconf 74' lang='lat' dir='ltr'>saetas</span> <span class='ocrx_word' id='word_1_595' title='bbox 1595 3335 1698 3415; x_wconf 73' lang='lat' dir='ltr'>icpaait</span> <span class='ocrx_word' id='word_1_596' title='bbox 1708 3351 1743 3391; x_wconf 84' lang='lat' dir='ltr'>nc</span> <span class='ocrx_word' id='word_1_597' title='bbox 1758 3335 1823 3408; x_wconf 81' lang='lat' dir='ltr'>qais</span> <span class='ocrx_word' id='word_1_598' title='bbox 1839 3337 1872 3392; x_wconf 84' lang='lat' dir='ltr'>in</span> <span class='ocrx_word' id='word_1_599' title='bbox 1887 3337 1956 3392; x_wconf 80' lang='lat' dir='ltr'>arta</span> 
     </span>
     <span class='ocr_line' id='line_1_74' title="bbox 1159 3406 1957 3480; baseline -0.003 -14"><span class='ocrx_word' id='word_1_600' title='bbox 1159 3410 1335 3480; x_wconf 80' lang='lat' dir='ltr'>sepeliretur.</span> <span class='ocrx_word' id='word_1_601' title='bbox 1357 3408 1473 3466; x_wconf 87' lang='lat' dir='ltr'>Plautus</span> <span class='ocrx_word' id='word_1_602' title='bbox 1493 3407 1521 3462; x_wconf 91' lang='lat' dir='ltr'>in</span> <span class='ocrx_word' id='word_1_603' title='bbox 1547 3406 1758 3473; x_wconf 66' lang='lat' dir='ltr'>eaeremoniis</span> <span class='ocrx_word' id='word_1_604' title='bbox 1769 3407 1866 3478; x_wconf 84' lang='lat' dir='ltr'>potins</span> <span class='ocrx_word' id='word_1_605' title='bbox 1884 3407 1957 3478; x_wconf 80' lang='lat' dir='ltr'>qaod</span> 
     </span>
     <span class='ocr_line' id='line_1_75' title="bbox 1159 3476 1954 3550; baseline -0.001 -14"><span class='ocrx_word' id='word_1_606' title='bbox 1159 3479 1211 3537; x_wconf 84' lang='lat' dir='ltr'>tibi</span> <span class='ocrx_word' id='word_1_607' title='bbox 1233 3479 1355 3550; x_wconf 76' lang='lat' dir='ltr'>tapetam</span> <span class='ocrx_word' id='word_1_608' title='bbox 1374 3482 1414 3535; x_wconf 81' lang='lat' dir='ltr'>est</span> <span class='ocrx_word' id='word_1_609' title='bbox 1434 3477 1585 3548; x_wconf 72' lang='lat' dir='ltr'>mantiam,</span> <span class='ocrx_word' id='word_1_610' title='bbox 1608 3476 1638 3533; x_wconf 83' lang='lat' dir='ltr'>id</span> <span class='ocrx_word' id='word_1_611' title='bbox 1654 3491 1749 3534; x_wconf 83' lang='lat' dir='ltr'>caras.</span> <span class='ocrx_word' id='word_1_612' title='bbox 1772 3477 1842 3535; x_wconf 89' lang='lat' dir='ltr'>lade</span> <span class='ocrx_word' id='word_1_613' title='bbox 1866 3479 1954 3536; x_wconf 88' lang='lat' dir='ltr'>vecti·</span> 
     </span>
     <span class='ocr_line' id='line_1_76' title="bbox 1182 3546 1954 3618; baseline -0.005 -10"><span class='ocrx_word' id='word_1_614' title='bbox 1182 3551 1237 3608; x_wconf 89' lang='lat' dir='ltr'>alia</span> <span class='ocrx_word' id='word_1_615' title='bbox 1259 3557 1287 3607; x_wconf 90' lang='lat' dir='ltr'>et</span> <span class='ocrx_word' id='word_1_616' title='bbox 1305 3548 1409 3606; x_wconf 88' lang='lat' dir='ltr'>tribute</span> <span class='ocrx_word' id='word_1_617' title='bbox 1425 3555 1563 3606; x_wconf 87' lang='lat' dir='ltr'>vocantur</span> <span class='ocrx_word' id='word_1_618' title='bbox 1587 3547 1693 3618; x_wconf 78' lang='lat' dir='ltr'>tracta,</span> <span class='ocrx_word' id='word_1_619' title='bbox 1710 3549 1738 3605; x_wconf 91' lang='lat' dir='ltr'>in</span> <span class='ocrx_word' id='word_1_620' title='bbox 1762 3546 1782 3606; x_wconf 91' lang='lat' dir='ltr'>l.</span> <span class='ocrx_word' id='word_1_621' title='bbox 1807 3549 1954 3618; x_wconf 61' lang='lat' dir='ltr'>latinam</span> 
     </span>
     <span class='ocr_line' id='line_1_77' title="bbox 1160 3565 1955 3698; baseline 0 -21"><span class='ocrx_word' id='word_1_622' title='bbox 1160 3565 1275 3695; x_wconf 48' lang='lat' dir='ltr'>§idam</span> <span class='ocrx_word' id='word_1_623' title='bbox 1306 3620 1453 3689; x_wconf 74' lang='lat' dir='ltr'>satana,</span> <span class='ocrx_word' id='word_1_624' title='bbox 1477 3620 1519 3676; x_wconf 82' lang='lat' dir='ltr'>Dc</span> <span class='ocrx_word' id='word_1_625' title='bbox 1552 3619 1606 3698; x_wconf 76' lang='lat' dir='ltr'>act.</span> <span class='ocrx_word' id='word_1_626' title='bbox 1644 3633 1714 3689; x_wconf 86' lang='lat' dir='ltr'>emp.</span> <span class='ocrx_word' id='word_1_627' title='bbox 1747 3619 1828 3676; x_wconf 83' lang='lat' dir='ltr'>hicet</span> <span class='ocrx_word' id='word_1_628' title='bbox 1859 3627 1955 3677; x_wconf 89' lang='lat' dir='ltr'>autem</span> 
     </span>
     <span class='ocr_line' id='line_1_78' title="bbox 1160 3691 1954 3762; baseline -0.003 -12"><span class='ocrx_word' id='word_1_629' title='bbox 1160 3693 1276 3750; x_wconf 88' lang='lat' dir='ltr'>omnino</span> <span class='ocrx_word' id='word_1_630' title='bbox 1290 3697 1403 3748; x_wconf 89' lang='lat' dir='ltr'>corruat</span> <span class='ocrx_word' id='word_1_631' title='bbox 1419 3696 1531 3762; x_wconf 87' lang='lat' dir='ltr'>pactum</span> <span class='ocrx_word' id='word_1_632' title='bbox 1545 3702 1634 3760; x_wconf 69' lang='lat' dir='ltr'>epure</span> <span class='ocrx_word' id='word_1_633' title='bbox 1648 3691 1794 3748; x_wconf 90' lang='lat' dir='ltr'>communi</span> <span class='ocrx_word' id='word_1_634' title='bbox 1807 3691 1954 3758; x_wconf 87' lang='lat' dir='ltr'>recedens,</span> 
     </span>
     <span class='ocr_line' id='line_1_79' title="bbox 1160 3759 1954 3890; baseline -0.001 -71"><span class='ocrx_word' id='word_1_635' title='bbox 1160 3764 1198 3819; x_wconf 89' lang='lat' dir='ltr'>ita</span> <span class='ocrx_word' id='word_1_636' title='bbox 1214 3769 1243 3819; x_wconf 91' lang='lat' dir='ltr'>ct</span> <span class='ocrx_word' id='word_1_637' title='bbox 1254 3761 1465 3844; x_wconf 77' lang='lat' dir='ltr'>jusjurandum,</span> <span class='ocrx_word' id='word_1_638' title='bbox 1481 3759 1537 3817; x_wconf 92' lang='lat' dir='ltr'>hoo</span> <span class='ocrx_word' id='word_1_639' title='bbox 1548 3767 1648 3842; x_wconf 72' lang='lat' dir='ltr'>tamen</span> <span class='ocrx_word' id='word_1_640' title='bbox 1658 3760 1723 3831; x_wconf 89' lang='lat' dir='ltr'>jnre</span> <span class='ocrx_word' id='word_1_641' title='bbox 1737 3761 1884 3890; x_wconf 47' lang='lat' dir='ltr'>pontificio</span> <span class='ocrx_word' id='word_1_642' title='bbox 1898 3777 1954 3819; x_wconf 93' lang='lat' dir='ltr'>nou</span> 
     </span>
     <span class='ocr_line' id='line_1_80' title="bbox 1160 3831 1953 3905; baseline 0 -15"><span class='ocrx_word' id='word_1_643' title='bbox 1160 3833 1198 3890; x_wconf 89' lang='lat' dir='ltr'>ita</span> <span class='ocrx_word' id='word_1_644' title='bbox 1210 3840 1280 3902; x_wconf 88' lang='lat' dir='ltr'>est,;</span> <span class='ocrx_word' id='word_1_645' title='bbox 1293 3831 1492 3905; x_wconf 64' lang='lat' dir='ltr'>jusjurandum</span> <span class='ocrx_word' id='word_1_646' title='bbox 1508 3843 1613 3902; x_wconf 83' lang='lat' dir='ltr'>quippe</span> <span class='ocrx_word' id='word_1_647' title='bbox 1628 3838 1725 3889; x_wconf 89' lang='lat' dir='ltr'>contre</span> <span class='ocrx_word' id='word_1_648' title='bbox 1761 3846 1834 3889; x_wconf 88' lang='lat' dir='ltr'>onos</span> <span class='ocrx_word' id='word_1_649' title='bbox 1849 3848 1953 3904; x_wconf 86' lang='lat' dir='ltr'>mores,</span> 
     </span>
     <span class='ocr_line' id='line_1_81' title="bbox 1160 3901 1951 3977; baseline 0.001 -16"><span class='ocrx_word' id='word_1_650' title='bbox 1160 3910 1258 3961; x_wconf 88' lang='lat' dir='ltr'>contra</span> <span class='ocrx_word' id='word_1_651' title='bbox 1271 3901 1319 3975; x_wconf 87' lang='lat' dir='ltr'>jus</span> <span class='ocrx_word' id='word_1_652' title='bbox 1333 3909 1428 3973; x_wconf 88' lang='lat' dir='ltr'>tenet;</span> <span class='ocrx_word' id='word_1_653' title='bbox 1453 3901 1574 3973; x_wconf 87' lang='lat' dir='ltr'>ideoque</span> <span class='ocrx_word' id='word_1_654' title='bbox 1598 3901 1740 3960; x_wconf 87' lang='lat' dir='ltr'>Honorias</span> <span class='ocrx_word' id='word_1_655' title='bbox 1760 3904 1789 3960; x_wconf 92' lang='lat' dir='ltr'>tn</span> <span class='ocrx_word' id='word_1_656' title='bbox 1812 3902 1867 3961; x_wconf 90' lang='lat' dir='ltr'>boc</span> <span class='ocrx_word' id='word_1_657' title='bbox 1890 3919 1951 3977; x_wconf 89' lang='lat' dir='ltr'>cap.</span> 
     </span>
     <span class='ocr_line' id='line_1_82' title="bbox 1160 3972 1953 4047; baseline 0.003 -16"><span class='ocrx_word' id='word_1_658' title='bbox 1160 3974 1225 4031; x_wconf 89' lang='lat' dir='ltr'>ticet</span> <span class='ocrx_word' id='word_1_659' title='bbox 1237 3973 1293 4031; x_wconf 90' lang='lat' dir='ltr'>tale</span> <span class='ocrx_word' id='word_1_660' title='bbox 1305 3973 1498 4046; x_wconf 88' lang='lat' dir='ltr'>juramentum</span> <span class='ocrx_word' id='word_1_661' title='bbox 1517 3985 1583 4030; x_wconf 83' lang='lat' dir='ltr'>esse</span> <span class='ocrx_word' id='word_1_662' title='bbox 1602 3972 1695 4043; x_wconf 87' lang='lat' dir='ltr'>potius</span> <span class='ocrx_word' id='word_1_663' title='bbox 1716 3975 1882 4047; x_wconf 89' lang='lat' dir='ltr'>perjurium,</span> <span class='ocrx_word' id='word_1_664' title='bbox 1901 3991 1953 4034; x_wconf 87' lang='lat' dir='ltr'>nee</span> 
     </span>
     <span class='ocr_line' id='line_1_83' title="bbox 1160 4041 1954 4116; baseline 0.003 -14"><span class='ocrx_word' id='word_1_665' title='bbox 1160 4043 1333 4102; x_wconf 85' lang='lat' dir='ltr'>servandum</span> <span class='ocrx_word' id='word_1_666' title='bbox 1344 4041 1488 4111; x_wconf 88' lang='lat' dir='ltr'>decernat,</span> <span class='ocrx_word' id='word_1_667' title='bbox 1503 4041 1559 4099; x_wconf 92' lang='lat' dir='ltr'>hoc</span> <span class='ocrx_word' id='word_1_668' title='bbox 1572 4041 1641 4100; x_wconf 88' lang='lat' dir='ltr'>dicit</span> <span class='ocrx_word' id='word_1_669' title='bbox 1654 4043 1858 4116; x_wconf 80' lang='lat' dir='ltr'>Dispensatiaa,</span> <span class='ocrx_word' id='word_1_670' title='bbox 1876 4055 1906 4104; x_wconf 93' lang='lat' dir='ltr'>ut</span> <span class='ocrx_word' id='word_1_671' title='bbox 1917 4047 1954 4104; x_wconf 91' lang='lat' dir='ltr'>lo·</span> 
     </span>
     <span class='ocr_line' id='line_1_84' title="bbox 1160 4113 1952 4189; baseline 0.004 -17"><span class='ocrx_word' id='word_1_672' title='bbox 1160 4122 1284 4188; x_wconf 87' lang='lat' dir='ltr'>quantur</span> <span class='ocrx_word' id='word_1_673' title='bbox 1305 4114 1432 4187; x_wconf 77' lang='lat' dir='ltr'>theologi</span> <span class='ocrx_word' id='word_1_674' title='bbox 1459 4113 1585 4185; x_wconf 87' lang='lat' dir='ltr'>practici,</span> <span class='ocrx_word' id='word_1_675' title='bbox 1614 4120 1643 4170; x_wconf 92' lang='lat' dir='ltr'>et</span> <span class='ocrx_word' id='word_1_676' title='bbox 1665 4113 1730 4172; x_wconf 90' lang='lat' dir='ltr'>ideo</span> <span class='ocrx_word' id='word_1_677' title='bbox 1760 4117 1952 4189; x_wconf 85' lang='lat' dir='ltr'>poenitentiam</span> 
     </span>
     <span class='ocr_line' id='line_1_85' title="bbox 1160 4182 1951 4262; baseline 0.004 -19"><span class='ocrx_word' id='word_1_678' title='bbox 1160 4184 1368 4260; x_wconf 81' lang='lat' dir='ltr'>injungendam</span> <span class='ocrx_word' id='word_1_679' title='bbox 1389 4199 1453 4242; x_wconf 89' lang='lat' dir='ltr'>esse</span> <span class='ocrx_word' id='word_1_680' title='bbox 1477 4184 1574 4242; x_wconf 86' lang='lat' dir='ltr'>statuit</span> <span class='ocrx_word' id='word_1_681' title='bbox 1600 4182 1782 4246; x_wconf 70' lang='lat' dir='ltr'>atrebatensi</span> <span class='ocrx_word' id='word_1_682' title='bbox 1807 4189 1951 4262; x_wconf 85' lang='lat' dir='ltr'>episeopo,</span> 
     </span>
     <span class='ocr_line' id='line_1_86' title="bbox 1161 4254 1950 4330; baseline 0.005 -16"><span class='ocrx_word' id='word_1_683' title='bbox 1161 4255 1236 4330; x_wconf 87' lang='lat' dir='ltr'>qnod</span> <span class='ocrx_word' id='word_1_684' title='bbox 1248 4257 1388 4326; x_wconf 88' lang='lat' dir='ltr'>similiter,</span> <span class='ocrx_word' id='word_1_685' title='bbox 1401 4263 1430 4313; x_wconf 91' lang='lat' dir='ltr'>et</span> <span class='ocrx_word' id='word_1_686' title='bbox 1444 4254 1544 4312; x_wconf 90' lang='lat' dir='ltr'>eadem</span> <span class='ocrx_word' id='word_1_687' title='bbox 1560 4263 1657 4314; x_wconf 88' lang='lat' dir='ltr'>mente</span> <span class='ocrx_word' id='word_1_688' title='bbox 1678 4254 1714 4312; x_wconf 88' lang='lat' dir='ltr'>de</span> <span class='ocrx_word' id='word_1_689' title='bbox 1735 4259 1889 4318; x_wconf 78' lang='lat' dir='ltr'>Fudertino</span> <span class='ocrx_word' id='word_1_690' title='bbox 1904 4276 1950 4318; x_wconf 88' lang='lat' dir='ltr'>cn-</span> 
     </span>
     <span class='ocr_line' id='line_1_87' title="bbox 1161 4326 1951 4401; baseline 0.004 -16"><span class='ocrx_word' id='word_1_691' title='bbox 1161 4327 1247 4401; x_wconf 88' lang='lat' dir='ltr'>pitulo</span> <span class='ocrx_word' id='word_1_692' title='bbox 1262 4329 1359 4386; x_wconf 87' lang='lat' dir='ltr'>statuit</span> <span class='ocrx_word' id='word_1_693' title='bbox 1374 4326 1557 4385; x_wconf 82' lang='lat' dir='ltr'>innocendus</span> <span class='ocrx_word' id='word_1_694' title='bbox 1572 4327 1660 4394; x_wconf 90' lang='lat' dir='ltr'>ill,in</span> <span class='ocrx_word' id='word_1_695' title='bbox 1672 4331 1825 4401; x_wconf 68' lang='lat' dir='ltr'>capsaci,</span> <span class='ocrx_word' id='word_1_696' title='bbox 1837 4331 1880 4400; x_wconf 86' lang='lat' dir='ltr'>ta,</span> <span class='ocrx_word' id='word_1_697' title='bbox 1890 4331 1951 4388; x_wconf 91' lang='lat' dir='ltr'>eod.</span> 
     </span>
    </p>

    <p class='ocr_par' dir='ltr' id='par_1_17' title="bbox 1156 4397 1952 5603">
     <span class='ocr_line' id='line_1_88' title="bbox 1197 4397 1952 4474; baseline 0.004 -18"><span class='ocrx_word' id='word_1_698' title='bbox 1197 4397 1315 4472; x_wconf 82' lang='lat' dir='ltr'>td)Nao</span> <span class='ocrx_word' id='word_1_699' title='bbox 1326 4402 1394 4454; x_wconf 81' lang='lat' dir='ltr'>esset</span> <span class='ocrx_word' id='word_1_700' title='bbox 1412 4398 1573 4454; x_wconf 77' lang='lat' dir='ltr'>cottoniano.</span> <span class='ocrx_word' id='word_1_701' title='bbox 1591 4398 1627 4456; x_wconf 89' lang='lat' dir='ltr'>Ut</span> <span class='ocrx_word' id='word_1_702' title='bbox 1641 4399 1793 4474; x_wconf 86' lang='lat' dir='ltr'>episcopus</span> <span class='ocrx_word' id='word_1_703' title='bbox 1810 4403 1847 4461; x_wconf 90' lang='lat' dir='ltr'>sit</span> <span class='ocrx_word' id='word_1_704' title='bbox 1866 4417 1952 4460; x_wconf 88' lang='lat' dir='ltr'>cano-</span> 
     </span>
     <span class='ocr_line' id='line_1_89' title="bbox 1160 4466 1951 4547; baseline 0.004 -21"><span class='ocrx_word' id='word_1_705' title='bbox 1160 4471 1242 4527; x_wconf 92' lang='lat' dir='ltr'>nicus</span> <span class='ocrx_word' id='word_1_706' title='bbox 1263 4469 1291 4526; x_wconf 91' lang='lat' dir='ltr'>in</span> <span class='ocrx_word' id='word_1_707' title='bbox 1306 4469 1426 4526; x_wconf 87' lang='lat' dir='ltr'>ecclesia</span> <span class='ocrx_word' id='word_1_708' title='bbox 1439 4466 1606 4536; x_wconf 85' lang='lat' dir='ltr'>cathedrali,</span> <span class='ocrx_word' id='word_1_709' title='bbox 1622 4483 1680 4526; x_wconf 92' lang='lat' dir='ltr'>non</span> <span class='ocrx_word' id='word_1_710' title='bbox 1696 4479 1739 4530; x_wconf 87' lang='lat' dir='ltr'>est</span> <span class='ocrx_word' id='word_1_711' title='bbox 1754 4473 1864 4547; x_wconf 81' lang='lat' dir='ltr'>dejure</span> <span class='ocrx_word' id='word_1_712' title='bbox 1874 4488 1951 4530; x_wconf 88' lang='lat' dir='ltr'>com·</span> 
     </span>
     <span class='ocr_line' id='line_1_90' title="bbox 1160 4537 1949 4612; baseline 0.003 -14"><span class='ocrx_word' id='word_1_713' title='bbox 1160 4541 1250 4610; x_wconf 91' lang='lat' dir='ltr'>muni,</span> <span class='ocrx_word' id='word_1_714' title='bbox 1266 4537 1317 4597; x_wconf 90' lang='lat' dir='ltr'>sed</span> <span class='ocrx_word' id='word_1_715' title='bbox 1328 4539 1448 4611; x_wconf 88' lang='lat' dir='ltr'>privato,</span> <span class='ocrx_word' id='word_1_716' title='bbox 1463 4545 1546 4612; x_wconf 89' lang='lat' dir='ltr'>prout</span> <span class='ocrx_word' id='word_1_717' title='bbox 1559 4539 1589 4595; x_wconf 90' lang='lat' dir='ltr'>iu</span> <span class='ocrx_word' id='word_1_718' title='bbox 1603 4540 1717 4599; x_wconf 87' lang='lat' dir='ltr'>statutis</span> <span class='ocrx_word' id='word_1_719' title='bbox 1736 4551 1765 4602; x_wconf 88' lang='lat' dir='ltr'>et</span> <span class='ocrx_word' id='word_1_720' title='bbox 1778 4544 1949 4603; x_wconf 85' lang='lat' dir='ltr'>hrudatioui-</span> 
     </span>
     <span class='ocr_line' id='line_1_91' title="bbox 1160 4607 1952 4695; baseline 0.004 -26"><span class='ocrx_word' id='word_1_721' title='bbox 1160 4611 1213 4695; x_wconf 81' lang='lat' dir='ltr'>bus</span> <span class='ocrx_word' id='word_1_722' title='bbox 1233 4619 1277 4668; x_wconf 89' lang='lat' dir='ltr'>est</span> <span class='ocrx_word' id='word_1_723' title='bbox 1300 4623 1483 4694; x_wconf 81' lang='lat' dir='ltr'>expressum:</span> <span class='ocrx_word' id='word_1_724' title='bbox 1499 4607 1621 4682; x_wconf 90' lang='lat' dir='ltr'>ideoque</span> <span class='ocrx_word' id='word_1_725' title='bbox 1646 4625 1702 4670; x_wconf 89' lang='lat' dir='ltr'>uec</span> <span class='ocrx_word' id='word_1_726' title='bbox 1724 4613 1837 4690; x_wconf 80' lang='lat' dir='ltr'>ingredi</span> <span class='ocrx_word' id='word_1_727' title='bbox 1862 4623 1952 4687; x_wconf 90' lang='lat' dir='ltr'>potest</span> 
     </span>
     <span class='ocr_line' id='line_1_92' title="bbox 1158 4679 1952 4836; baseline 0.006 -25"><span class='ocrx_word' id='word_1_728' title='bbox 1158 4696 1329 4836; x_wconf 63' lang='lat' dir='ltr'>triana</span> <span class='ocrx_word' id='word_1_729' title='bbox 1342 4696 1379 4809; x_wconf 83' lang='lat' dir='ltr'>a</span> <span class='ocrx_word' id='word_1_730' title='bbox 1393 4679 1952 4834; x_wconf 54' lang='lat' dir='ltr'>taranta,trtrtltalthtttt</span> 
     </span>
     <span class='ocr_line' id='line_1_93' title="bbox 1158 4822 1949 4900; baseline 0.005 -18"><span class='ocrx_word' id='word_1_731' title='bbox 1158 4825 1288 4882; x_wconf 87' lang='lat' dir='ltr'>ecclesus</span> <span class='ocrx_word' id='word_1_732' title='bbox 1302 4822 1512 4880; x_wconf 83' lang='lat' dir='ltr'>cathedralibus</span> <span class='ocrx_word' id='word_1_733' title='bbox 1526 4837 1688 4895; x_wconf 80' lang='lat' dir='ltr'>episcopus,</span> <span class='ocrx_word' id='word_1_734' title='bbox 1705 4827 1730 4882; x_wconf 94' lang='lat' dir='ltr'>si</span> <span class='ocrx_word' id='word_1_735' title='bbox 1738 4828 1775 4887; x_wconf 91' lang='lat' dir='ltr'>sit</span> <span class='ocrx_word' id='word_1_736' title='bbox 1786 4829 1949 4900; x_wconf 87' lang='lat' dir='ltr'>eanonicus,</span> 
     </span>
     <span class='ocr_line' id='line_1_94' title="bbox 1158 4891 1952 4959; baseline 0.005 -8"><span class='ocrx_word' id='word_1_737' title='bbox 1158 4901 1189 4952; x_wconf 90' lang='lat' dir='ltr'>ut</span> <span class='ocrx_word' id='word_1_738' title='bbox 1203 4895 1326 4951; x_wconf 90' lang='lat' dir='ltr'>lueretur</span> <span class='ocrx_word' id='word_1_739' title='bbox 1339 4891 1445 4959; x_wconf 85' lang='lat' dir='ltr'>tructus</span> <span class='ocrx_word' id='word_1_740' title='bbox 1459 4893 1644 4952; x_wconf 88' lang='lat' dir='ltr'>canonicatus</span> <span class='ocrx_word' id='word_1_741' title='bbox 1656 4897 1700 4954; x_wconf 91' lang='lat' dir='ltr'>sui</span> <span class='ocrx_word' id='word_1_742' title='bbox 1718 4895 1802 4958; x_wconf 89' lang='lat' dir='ltr'>debet</span> <span class='ocrx_word' id='word_1_743' title='bbox 1816 4902 1952 4959; x_wconf 86' lang='lat' dir='ltr'>interesse</span> 
     </span>
     <span class='ocr_line' id='line_1_95' title="bbox 1158 4963 1951 5040; baseline 0.006 -17"><span class='ocrx_word' id='word_1_744' title='bbox 1158 4965 1255 5024; x_wconf 87' lang='lat' dir='ltr'>divino</span> <span class='ocrx_word' id='word_1_745' title='bbox 1269 4965 1373 5034; x_wconf 83' lang='lat' dir='ltr'>officio,</span> <span class='ocrx_word' id='word_1_746' title='bbox 1391 4965 1465 5021; x_wconf 90' lang='lat' dir='ltr'>sicut</span> <span class='ocrx_word' id='word_1_747' title='bbox 1479 4963 1596 5035; x_wconf 87' lang='lat' dir='ltr'>quilibet</span> <span class='ocrx_word' id='word_1_748' title='bbox 1617 4965 1690 5023; x_wconf 87' lang='lat' dir='ltr'>alius</span> <span class='ocrx_word' id='word_1_749' title='bbox 1703 4971 1870 5040; x_wconf 88' lang='lat' dir='ltr'>canonicus,</span> <span class='ocrx_word' id='word_1_750' title='bbox 1884 4973 1951 5030; x_wconf 85' lang='lat' dir='ltr'>alies</span> 
     </span>
     <span class='ocr_line' id='line_1_96' title="bbox 1158 5033 1948 5116; baseline 0.009 -23"><span class='ocrx_word' id='word_1_751' title='bbox 1158 5035 1313 5110; x_wconf 87' lang='lat' dir='ltr'>privandus</span> <span class='ocrx_word' id='word_1_752' title='bbox 1331 5043 1360 5092; x_wconf 91' lang='lat' dir='ltr'>et</span> <span class='ocrx_word' id='word_1_753' title='bbox 1373 5033 1590 5107; x_wconf 80' lang='lat' dir='ltr'>expungendus.</span> <span class='ocrx_word' id='word_1_754' title='bbox 1607 5036 1669 5104; x_wconf 85' lang='lat' dir='ltr'>Quo</span> <span class='ocrx_word' id='word_1_755' title='bbox 1684 5037 1715 5096; x_wconf 83' lang='lat' dir='ltr'>nt</span> <span class='ocrx_word' id='word_1_756' title='bbox 1732 5048 1762 5098; x_wconf 90' lang='lat' dir='ltr'>ut</span> <span class='ocrx_word' id='word_1_757' title='bbox 1777 5043 1804 5099; x_wconf 94' lang='lat' dir='ltr'>in</span> <span class='ocrx_word' id='word_1_758' title='bbox 1821 5042 1876 5100; x_wconf 90' lang='lat' dir='ltr'>boc</span> <span class='ocrx_word' id='word_1_759' title='bbox 1889 5058 1948 5116; x_wconf 89' lang='lat' dir='ltr'>cap.</span> 
     </span>
     <span class='ocr_line' id='line_1_97' title="bbox 1158 5106 1949 5186; baseline 0.005 -20"><span class='ocrx_word' id='word_1_760' title='bbox 1158 5107 1322 5180; x_wconf 86' lang='lat' dir='ltr'>suppressio</span> <span class='ocrx_word' id='word_1_761' title='bbox 1337 5107 1522 5164; x_wconf 88' lang='lat' dir='ltr'>canonicatus</span> <span class='ocrx_word' id='word_1_762' title='bbox 1535 5106 1589 5174; x_wconf 90' lang='lat' dir='ltr'>sui,</span> <span class='ocrx_word' id='word_1_763' title='bbox 1610 5107 1808 5170; x_wconf 73' lang='lat' dir='ltr'>attrebatensis</span> <span class='ocrx_word' id='word_1_764' title='bbox 1827 5115 1949 5186; x_wconf 87' lang='lat' dir='ltr'>episcopi</span> 
     </span>
     <span class='ocr_line' id='line_1_98' title="bbox 1158 5175 1950 5256; baseline 0.008 -20"><span class='ocrx_word' id='word_1_765' title='bbox 1158 5193 1301 5236; x_wconf 85' lang='lat' dir='ltr'>causamn</span> <span class='ocrx_word' id='word_1_766' title='bbox 1327 5175 1412 5246; x_wconf 88' lang='lat' dir='ltr'>lacte,</span> <span class='ocrx_word' id='word_1_767' title='bbox 1427 5176 1532 5234; x_wconf 91' lang='lat' dir='ltr'>nullius</span> <span class='ocrx_word' id='word_1_768' title='bbox 1546 5177 1583 5234; x_wconf 92' lang='lat' dir='ltr'>sit</span> <span class='ocrx_word' id='word_1_769' title='bbox 1597 5181 1747 5250; x_wconf 88' lang='lat' dir='ltr'>momenti,</span> <span class='ocrx_word' id='word_1_770' title='bbox 1767 5184 1832 5256; x_wconf 91' lang='lat' dir='ltr'>quia</span> <span class='ocrx_word' id='word_1_771' title='bbox 1849 5183 1950 5242; x_wconf 87' lang='lat' dir='ltr'>reditus</span> 
     </span>
     <span class='ocr_line' id='line_1_99' title="bbox 1157 5247 1950 5390; baseline 0.008 -13"><span class='ocrx_word' id='word_1_772' title='bbox 1157 5247 1950 5390; x_wconf 52' lang='lat' dir='ltr'>salernitanam,tantlatinitati</span> 
     </span>
     <span class='ocr_line' id='line_1_100' title="bbox 1157 5371 1947 5464; baseline 0.005 -16"><span class='ocrx_word' id='word_1_773' title='bbox 1157 5397 1364 5464; x_wconf 89' lang='lat' dir='ltr'>consequenter</span> <span class='ocrx_word' id='word_1_774' title='bbox 1379 5390 1514 5461; x_wconf 89' lang='lat' dir='ltr'>episeopo</span> <span class='ocrx_word' id='word_1_775' title='bbox 1534 5392 1684 5462; x_wconf 87' lang='lat' dir='ltr'>canonico,</span> <span class='ocrx_word' id='word_1_776' title='bbox 1710 5394 1783 5452; x_wconf 87' lang='lat' dir='ltr'>sicat</span> <span class='ocrx_word' id='word_1_777' title='bbox 1804 5371 1894 5454; x_wconf 78' lang='lat' dir='ltr'>docet&#39;</span> <span class='ocrx_word' id='word_1_778' title='bbox 1906 5399 1947 5454; x_wconf 92' lang='lat' dir='ltr'>ln-</span> 
     </span>
     <span class='ocr_line' id='line_1_101' title="bbox 1158 5459 1946 5589; baseline 0.009 -72"><span class='ocrx_word' id='word_1_779' title='bbox 1158 5475 1232 5589; x_wconf 53' lang='lat' dir='ltr'>nocb</span> <span class='ocrx_word' id='word_1_780' title='bbox 1240 5463 1291 5588; x_wconf 58' lang='lat' dir='ltr'>&#39;lali’</span> <span class='ocrx_word' id='word_1_781' title='bbox 1316 5461 1344 5517; x_wconf 95' lang='lat' dir='ltr'>in</span> <span class='ocrx_word' id='word_1_782' title='bbox 1365 5475 1427 5532; x_wconf 86' lang='lat' dir='ltr'>cap.</span> <span class='ocrx_word' id='word_1_783' title='bbox 1447 5459 1556 5532; x_wconf 86' lang='lat' dir='ltr'>penult.</span> <span class='ocrx_word' id='word_1_784' title='bbox 1567 5460 1746 5535; x_wconf 70' lang='lat' dir='ltr'>Postulans,</span> <span class='ocrx_word' id='word_1_785' title='bbox 1770 5468 1811 5523; x_wconf 85' lang='lat' dir='ltr'>De</span> <span class='ocrx_word' id='word_1_786' title='bbox 1833 5482 1946 5526; x_wconf 82' lang='lat' dir='ltr'>concess.</span> 
     </span>
     <span class='ocr_line' id='line_1_102' title="bbox 1156 5547 1295 5603; baseline 0.007 -15"><span class='ocrx_word' id='word_1_787' title='bbox 1156 5547 1216 5603; x_wconf 82' lang='lat' dir='ltr'>pra</span> <span class='ocrx_word' id='word_1_788' title='bbox 1232 5548 1295 5590; x_wconf 87' lang='lat' dir='ltr'>aa.</span> 
     </span>
    </p>
   </div>
   <div class='ocr_carea' id='block_1_13' title="bbox 0 0 2058 6418">
    <p class='ocr_par' dir='ltr' id='par_1_18' title="bbox 0 0 2058 6418">
     <span class='ocr_line' id='line_1_103' title="bbox 0 0 2058 6418; baseline 0 0"><span class='ocrx_word' id='word_1_789' title='bbox 0 0 2058 6418; x_wconf 95' lang='lat' dir='ltr'> </span> 
     </span>
    </p>
   </div>
  </div>
 </body>
</html>
