4084 6428
323 325 383 392 887
790 319 966 384 nononn
988 318 1033 381 111
1054 319 1203 381 orum.
1220 348 1258 362 -
1274 311 1506 379 snauonss.
1937 312 2001 379 δεῖ
2026 405 2027 408 ¹

362 493 391 551 A
413 487 560 559 deoctris,
582 485 672 563 juste
700 481 804 544 bonos
832 479 1075 560 amplectend03
1101 493 1123 542 a
1175 478 1253 538 bum
1277 477 1337 538 Del
1355 474 1535 552 significan
1553 471 1630 551 quia
1644 469 1731 533 sicut
1745 485 1836 548 aqua
1850 469 1999 532 terram

322 583 488 655 sinistris,
503 581 607 644 malos
623 579 753 642 fortiter
772 577 957 640 tolerando.
981 576 1044 639 Dat
1062 591 1123 654 pa·
1176 573 1356 653 liquefacit,
1371 571 1419 635 ita
1434 572 1571 634 verbum
1585 570 1645 632 Dei
1664 569 1785 645 irrigat
1801 585 1890 630 rore
1912 585 1999 644 gra-

323 679 528 752 cemcarnis,
544 677 675 756 quando
692 693 770 739 caro
786 691 852 738 non
872 675 1036 753 repugnat
1053 671 1123 751 spi·
1176 674 1233 735 tiae
1257 674 1417 740 animam,
1443 671 1497 733 cui
1526 685 1562 729 se
1588 668 1777 730 immiscere
1804 666 1998 742 dignatur.

323 778 414 840 ritui.
432 776 526 838 Unde
542 776 646 838 isaias
659 796 666 836 :
695 774 814 835 Veniat
829 789 913 848 poa,
928 771 1122 845 requiescat
1178 771 1270 833 Unde
1286 783 1407 847 sponsa
1422 769 1457 828 in
1472 766 1625 828 cantico:
1639 768 1767 828 Animo
1780 779 1863 825 meo
1883 767 2000 838 iique·

325 878 363 936 in
379 877 479 936 cubit
494 889 568 946 suo,
595 875 653 946 qni
674 872 860 933 emanavit
875 874 913 931 in
935 869 1122 930 directione
1176 869 1268 944 sacto
1281 868 1343 935 est,
1354 867 1540 928 otdiiectns
1554 865 1687 926 iocatus
1697 862 1749 924 est
1763 861 1879 940 (cant.
1895 878 1934 932 r,
1949 861 1997 938 6).

325 971 463 1050 suetis.
487 986 566 1042 nvn,
587 969 633 1048 2),
650 969 746 1041 idest,
762 969 798 1029 in
814 967 1012 1030 rectitudine
1027 965 1122 1026 bonae
1177 965 1278 1038 Quasi
1306 963 1454 1025 diceret:
1484 961 1627 1023 Verbum
1655 959 1768 1020 dilecti
1802 959 1998 1035 liquefacit

324 1069 402 1131 vitae
422 1067 604 1146 requiescit
624 1067 659 1127 in
677 1066 777 1128 cubili
793 1082 865 1137 suo,
884 1065 980 1136 idest,
1004 1063 1040 1123 in
1063 1079 1121 1139 spe
1177 1063 1321 1124 animam
1341 1076 1447 1122 meam
1468 1074 1560 1120 more
1584 1073 1689 1135 aquae.
1715 1056 1825 1117 Piscis
1849 1073 1945 1132 ergo
1961 1057 1996 1116 in

325 1167 403 1227 vitae
418 1167 564 1235 aeternae,
586 1165 639 1226 vel
655 1164 689 1226 in
704 1163 981 1240 contemplatione
1000 1165 1124 1240 majes-
1177 1176 1263 1238 aqua
1278 1159 1410 1221 creatus
1429 1157 1561 1218 fidelem
1581 1153 1758 1232 significat,
1777 1153 1836 1232 qui
1858 1169 1995 1214 renas-

325 1263 404 1325 tatis
417 1263 549 1325 divinae.
1177 1257 1263 1318 citur
1287 1273 1330 1317 ex
1353 1270 1440 1332 aqua
1460 1255 1494 1315 et
1515 1253 1642 1330 Spiritu
1661 1252 1787 1322 sancto,
1808 1252 1845 1312 θῖ
1864 1250 1994 1327 incipit

366 1359 502 1435 Oportet
524 1358 624 1420 etiam
646 1359 682 1421 ut
707 1359 764 1436 qui
790 1359 893 1420 Deum
922 1357 999 1420 vult
1018 1355 1122 1418 libere
1177 1354 1347 1416 ambulare
1368 1354 1403 1414 in
1421 1351 1566 1414 novitate
1589 1350 1678 1411 vitae.
1703 1349 1812 1410 Piscis
1837 1348 1876 1408 in
1901 1364 1993 1424 aqua

327 1455 545 1532 contemplari
564 1455 699 1517 mundet
718 1471 775 1516 cor
793 1471 813 1516 a
831 1453 1047 1516 saecularibus
1069 1469 1124 1514 cu·
1176 1453 1269 1524 vivit,
1287 1453 1320 1513 et
1333 1465 1420 1528 aqua
1436 1450 1485 1511 est
1499 1449 1595 1526 quasi
1611 1447 1680 1508 vita
1698 1448 1783 1524 ejus,
1803 1446 1841 1506 et
1863 1461 1938 1506 nos
1960 1446 1994 1505 in

327 1551 386 1624 ris,
405 1553 483 1628 quia
508 1553 664 1630 quamdiu
679 1553 779 1614 tuerit
793 1551 935 1613 divisum
954 1567 1013 1629 per
1031 1565 1124 1611 mun·
1177 1549 1244 1611 Deo
1257 1549 1411 1620 vivimus,
1422 1562 1592 1609 movemur
1607 1544 1640 1606 et
1654 1559 1779 1616 sumus,
1788 1543 1823 1606 et
1841 1543 1927 1620 ipse
1943 1545 1994 1604 est

327 1647 432 1708 danas
449 1649 608 1720 actiones,
632 1650 665 1710 et
685 1648 878 1710 distractum
900 1663 961 1725 per
986 1664 1124 1724 occupa·

328 1743 436 1804 tiones
450 1746 613 1816 terrenas,
631 1746 725 1822 quasi
742 1745 943 1821 prostratum
959 1745 999 1806 ad
1016 1745 1122 1806 solum

330 1841 500 1917 suspicere
512 1841 627 1918 nequit
638 1841 678 1902 ad
690 1840 812 1918 polum.
828 1841 919 1912 Quod
929 1841 1014 1902 bene
1024 1842 1124 1918 signi-

329 1936 462 1999 ficatum
482 1938 582 1998 estin
600 1937 748 2010 Zachaeo,
765 1937 908 2014 quicum
926 1940 1013 1998 esset
1025 1939 1122 2015 prin-

328 2049 407 2111 ceps
433 2034 694 2111 publicanorum,
719 2037 751 2096 et
774 2035 846 2111 ipse
864 2035 968 2107 diveS,
993 2035 1125 2096 volebat

327 2133 441 2193 iesum
456 2132 569 2193 videre
582 2132 655 2210 quis
670 2133 769 2204 esset,
782 2132 888 2194 donec
898 2132 1028 2195 turbam
1043 2149 1125 2209 prae·

327 2228 463 2302 teriens,
494 2229 594 2302 idest,
613 2230 847 2306 occupationes
867 2229 1052 2291 mundanas
1074 2245 1125 2291 re-

330 2325 496 2402 linquens,
518 2326 667 2388 ascendit
681 2327 716 2387 in
736 2327 888 2388 arborem
903 2343 1122 2404 sycomorum,

330 2421 427 2495 idest,
443 2423 486 2484 ad
501 2423 598 2484 fldem
612 2423 754 2485 vivificae
776 2424 885 2485 crucis
904 2425 1057 2486 accessit.
1078 2426 1124 2485 De

331 2535 396 2596 qua
407 2520 656 2598 comprehendit
663 2537 737 2582 cum
748 2521 901 2582 omnibus
914 2522 1038 2582 sanctis
1051 2537 1124 2598 quae

329 2616 373 2676 sit
384 2616 565 2693 longitudo,
582 2617 733 2688 latitudo,
748 2633 821 2694 quae
835 2618 878 2679 sit
892 2618 1077 2680 sublimitas
1092 2617 1125 2679 et

330 2712 539 2790 protundum.
566 2715 751 2790 abigantur
786 2731 865 2791 ergo
899 2731 1022 2776 muscae
1047 2731 1123 2777 mo-

290 2804 294 2814 “
329 2810 465 2884 cientes,
489 2828 563 2889 quae
583 2813 727 2891 perdunt
740 2813 935 2875 suavitatem
952 2813 1121 2890 unguenti,

332 2905 395 2968 hoc
427 2909 488 2981 est,
523 2910 744 2972 excludantur
772 2911 968 2987 importunae
998 2911 1126 2986 cogita-

328 3003 447 3076 tiones,
485 3021 558 3081 quae
594 3007 882 3083 contemplationis
917 3007 1124 3069 dulcedinem

328 3099 459 3161 tollunt.

368 3198 431 3258 Dat
445 3213 559 3274 pacem
577 3199 785 3271 aeternitatis,
803 3198 934 3276 quando
954 3200 1033 3262 iacit
1049 3201 1125 3262 ani-

329 3308 417 3354 mam
445 3296 656 3373 requiescere
685 3298 719 3359 in
754 3298 879 3360 aeterna
907 3298 1121 3361 beatitudine.

331 3390 425 3452 Unde
450 3393 575 3454 David:
599 3397 642 3456 in
663 3411 749 3470 poce
770 3399 807 3456 in
829 3399 979 3470 idipsum
1004 3399 1124 3457 obdor-

328 3492 436 3551 miam
450 3492 708 3566 eirequiescom
718 3491 788 3571 (Ps.
801 3496 831 3564 4,
843 3492 889 3573 9).
904 3493 1049 3571 idipsum
1064 3493 1124 3569 igi-

327 3587 382 3649 tur
397 3588 482 3664 quod
496 3605 626 3666 semper
644 3590 732 3650 idem
747 3591 807 3663 est,
825 3592 858 3652 et
876 3607 942 3653 non
965 3592 1120 3652 mutatur.

246 3721 254 3736 ·
328 3686 448 3748 Parin
463 3687 606 3764 idipsum
621 3703 688 3750 non
703 3689 753 3749 est
767 3688 832 3748 nisi
846 3689 882 3749 in
899 3689 1024 3751 aeterna
1038 3688 1122 3752 bea-

326 3782 480 3855 titudine,
493 3783 549 3844 ubi
565 3785 650 3846 nihil
665 3786 716 3848 est
727 3784 896 3848 mutabile.

367 3881 519 3943 Diximus
547 3883 587 3944 de
616 3883 758 3945 statione
786 3883 937 3960 Domini;
974 3883 1122 3946 dicamus

328 3993 416 4039 nunc
429 3979 469 4040 de
485 3979 651 4041 oblatione
666 3981 766 4057 piscis
777 3981 857 4052 assi,
874 3983 907 4044 et
921 3981 988 4044 lavi
1001 3982 1120 4043 mellis.

327 4077 490 4153 Praecepit
505 4079 635 4154 Moyses
653 4077 689 4139 ut
712 4079 821 4155 pisces
843 4079 980 4155 quinon
1000 4079 1123 4142 babent

327 4173 490 4247 pennulas
516 4174 549 4234 et
572 4189 772 4250 squammas,
802 4191 868 4236 non
893 4176 1120 4239 comedantur.

328 4267 443 4328 Pisces
458 4270 534 4329 sunt
548 4269 715 4344 bomines;
733 4272 885 4346 pennulae
901 4273 977 4333 sunt
996 4273 1124 4336 discre-

328 4363 437 4424 tiones
449 4365 606 4440 rationis3
624 4381 804 4442 squammae
816 4370 893 4430 sunt
906 4370 1119 4444 poenitentiae,

328 4462 551 4535 austeritates,
572 4464 627 4525 vel
649 4464 871 4527 continentiae.
895 4467 1008 4529 Pisces
1029 4485 1119 4546 ergo,

274 4565 278 4572 '
325 4558 383 4636 qui
398 4576 465 4620 non
477 4560 600 4624 babent
612 4561 774 4638 pennulas
786 4564 839 4624 vel
852 4579 1053 4641 squammas,
1075 4568 1123 4628 si-

326 4655 488 4732 gnificant
513 4673 569 4720 eos
597 4660 744 4737 quinon
770 4660 886 4723 vivunt
920 4661 1063 4725 discrete
1091 4666 1123 4727 et

326 4753 581 4829 rationabiliter,
607 4771 668 4818 nec
703 4758 838 4820 servant
870 4759 1119 4834 continentiam,

328 4852 1122 4933 velpatientiamininjuriisethujusmodi.Tales

327 4965 394 5010 non
409 4950 528 5012 debent
540 4952 679 5024 comedi,
694 4951 789 5024 idest,
808 4952 944 5026 imitari,
962 4955 1039 5032 quia
1054 4972 1121 5019 non

326 5047 484 5108 debemus
499 5063 613 5110 eorum
628 5050 715 5111 mala
729 5065 830 5126 opera
846 5051 951 5128 sequi.

366 5145 516 5222 Quinque
538 5145 626 5207 enim
652 5147 729 5209 sunt
755 5148 974 5224 proprietates
1000 5149 1119 5225 piscis:

325 5243 427 5320 piscis
443 5246 575 5320 inaqua
585 5244 728 5316 creatur,
742 5245 776 5306 in
791 5246 978 5322 aquavivit,
993 5263 1123 5324 squam·

325 5340 388 5401 mis
409 5341 559 5414 vestitur,
580 5358 701 5403 manna
724 5343 941 5416 faecundatur,
959 5360 1061 5421 aquas
1085 5346 1121 5406 in

325 5437 439 5499 lauces
466 5438 570 5502 trahit
594 5441 628 5501 et
656 5441 803 5502 remittit.
839 5441 1025 5502 Secundum
1060 5443 1121 5504 has

325 5538 470 5614 quinque
485 5537 537 5598 sui
554 5539 773 5615 proprietates
788 5539 896 5600 virum
921 5539 1051 5601 fidelem
1071 5542 1122 5603 si-

325 5633 470 5708 gnificat.
486 5634 594 5696 Piscis
615 5635 649 5696 in
665 5653 749 5714 aqua
765 5637 916 5700 creatur:
933 5653 1019 5715 aqua
1039 5655 1119 5702 ver·

1177 1647 1246 1708 vita
1262 1646 1387 1707 nostra.
1405 1644 1496 1706 Unde
1512 1641 1708 1720 Apostolus:
1732 1641 1847 1705 titiam
1861 1643 1993 1702 Claris-

1179 1744 1233 1804 tns
1254 1742 1459 1817 apparuerit
1485 1741 1558 1801 otto
1586 1739 1723 1810 cestro;
1750 1738 1836 1798 irinc
1865 1739 1905 1798 et
1929 1753 1992 1798 cos

1177 1841 1388 1918 apparebitis
1402 1853 1479 1899 cnm
1501 1841 1575 1913 ipso
1594 1839 1631 1897 in
1648 1839 1760 1912 gioria
1776 1834 1909 1914 (colos.
1936 1851 1989 1906 111,

1177 1937 1223 2016 4).
1256 1937 1362 1998 Piscis
1395 1935 1575 2014 squammis
1603 1933 1767 1994 vestitur:
1793 1949 1991 2010 squammae

1178 2035 1328 2096 rotunde
1350 2035 1426 2096 sunt
1449 2031 1481 2094 et
1504 2031 1663 2102 lucentes,
1688 2030 1720 2091 et
1740 2030 1889 2107 quadam
1922 2030 1989 2090 sibi

1179 2132 1451 2193 concatenatione
1461 2130 1657 2208 junguntur.
1679 2127 1885 2190 Rotunditas
1906 2144 1990 2204 per·

1178 2229 1353 2292 sectionem
1373 2227 1548 2304 significat.
1576 2229 1763 2303 Squammae
1776 2225 1898 2302 itaque
1915 2227 1989 2285 tir-

1177 2327 1284 2388 tutum
1309 2325 1507 2387 vestimenta
1531 2323 1721 2399 designant,
1752 2337 1828 2399 quae
1859 2323 1986 2384 ornant

1179 2424 1334 2484 animam.
1354 2425 1400 2484 lie
1421 2421 1540 2500 quibus
1554 2421 1713 2497 scriptum
1727 2421 1778 2481 est
1792 2421 1829 2479 in
1842 2423 1984 2496 Apoca-

1178 2521 1281 2598 lypsi:
1297 2521 1427 2582 Beatus
1442 2523 1500 2594 qui
1514 2518 1661 2579 custodit
1671 2518 1883 2578 vestimento
1903 2534 1981 2588 scio,

1178 2634 1221 2680 ne
1236 2621 1348 2678 nodus
1362 2617 1509 2679 ambulet
1532 2613 1647 2694 (Apoc.
1663 2630 1733 2682 xm,
1749 2612 1814 2692 15).
1836 2617 1983 2691 Squam-

1179 2731 1240 2776 mae
1255 2714 1366 2776 autem
1378 2713 1528 2775 rotundae
1544 2713 1630 2784 sunt,
1651 2711 1729 2789 quia
1744 2713 1888 2774 virtutes
1900 2729 1982 2788 per-

1179 2811 1299 2874 fectum
1329 2811 1497 2872 hominem
1526 2809 1672 2884 iaciunt3
1702 2809 1855 2870 lucentes
1881 2810 1977 2879 sunt,

1179 2910 1256 2986 quia
1273 2908 1330 2986 qui
1353 2923 1410 2970 eas
1433 2907 1627 2984 sequuntur,
1658 2922 1725 2967 non
1742 2906 1918 2967 ambulant
1943 2907 1978 2966 in

1177 3005 1342 3081 tenebris3
1363 3005 1477 3065 mutua
1513 3004 1576 3064 sibi
1602 3004 1878 3065 concatenatione
1897 3005 1980 3080 jun·

1177 3104 1310 3179 guntur,
1326 3103 1403 3180 quia
1417 3102 1557 3163 virtutes
1570 3101 1711 3179 quadam
1724 3101 1862 3162 toederis
1878 3100 1977 3178 parti·

1178 3199 1344 3276 cipatione
1371 3198 1589 3274 colligantur;
1604 3214 1681 3258 nam
1696 3197 1850 3270 virtutes
1873 3199 1902 3258 si
1925 3213 1979 3259 se-

1178 3297 1302 3373 paratae
1318 3295 1451 3369 luerint,
1468 3295 1676 3356 delabuntur.

1218 3393 1264 3452 De
1279 3392 1466 3468 cognitione
1485 3392 1574 3452 enim
1590 3391 1716 3468 peccati
1731 3391 1883 3453 nascitur
1902 3409 1975 3468 pm-

1178 3489 1327 3557 nitentia,
1339 3488 1380 3549 de
1390 3489 1584 3566 poenitentia
1595 3505 1682 3566 spes,
1695 3489 1735 3549 de
1746 3505 1805 3566 spe
1815 3490 1972 3563 charitas,

1178 3603 1250 3664 quae
1260 3587 1417 3664 tanquam
1431 3602 1602 3665 squamma
1613 3586 1720 3664 operit
1730 3587 1974 3648 multitudinem

1177 3685 1397 3762 peccatorum.
1408 3685 1514 3745 Piscis
1527 3699 1616 3760 erge,
1631 3685 1814 3761 squammis
1824 3685 1974 3754 vestitus,

1178 3781 1526 3844 esttldelisvirtutibus
1535 3781 1726 3843 adornatus.
1737 3783 1845 3843 Piscis
1856 3799 1974 3844 manna

1177 3879 1399 3941 iaecundatur:
1414 3896 1536 3940 manna
1549 3879 1716 3956 significat
1727 3879 1906 3952 Christum,
1922 3881 1975 3958 qui

1177 3978 1227 4038 est
1245 3978 1340 4054 panis
1355 3977 1451 4038 virus
1474 3978 1531 4054 qui
1550 3977 1592 4049 de
1611 3977 1695 4038 coelo
1710 3976 1890 4039 descendit.
1907 3981 1975 4040 lloc

1177 4090 1298 4135 manna
1327 4075 1466 4153 quisque
1499 4074 1607 4136 tidelis
1643 4073 1864 4148 iaecundatur,
1900 4076 1974 4136 dum

1178 4187 1316 4249 corpore
1326 4173 1359 4233 et
1370 4172 1534 4248 sanguine
1549 4175 1620 4250 eJus
1635 4171 1796 4233 relicitur.
1815 4173 1909 4234 Unde
1923 4175 1972 4234 le-

1176 4270 1295 4344 gimus,
1310 4269 1396 4346 quod
1418 4270 1489 4347 ipse
1512 4269 1602 4346 pavit
1617 4269 1704 4330 tilios
1726 4270 1830 4332 lsrael
1853 4288 1972 4332 manna

1176 4367 1211 4426 in
1225 4367 1364 4428 deserto.
1383 4367 1462 4428 Erat
1481 4368 1592 4428 autem
1605 4383 1727 4429 manna
1744 4368 1838 4446 quasi
1861 4385 1971 4431 semen

1177 4464 1345 4526 coriandri
1369 4464 1491 4537 album,
1515 4465 1548 4527 et
1570 4467 1687 4542 gustus
1711 4468 1783 4543 ejus
1806 4467 1901 4542 quasi
1924 4470 1971 4528 si-

1176 4562 1265 4623 milis
1280 4578 1354 4623 cum
1369 4562 1479 4623 melle.
1498 4565 1617 4623 Samen
1642 4563 1812 4625 coriandri
1836 4581 1971 4641 parvum

1177 4662 1226 4722 est
1243 4661 1375 4738 quidem
1393 4660 1449 4722 sed
1467 4660 1564 4722 valde
1579 4661 1735 4722 calidum.
1752 4663 1874 4724 Manna
1888 4665 1970 4741 quod

1179 4760 1252 4820 erat
1264 4759 1359 4836 quasi
1375 4775 1487 4820 semen
1501 4759 1668 4822 coriandri
1682 4759 1846 4836 figurabat
1860 4763 1971 4824 altaris

1177 4855 1388 4928 sacrificium,
1414 4856 1448 4916 in
1473 4873 1538 4934 quo
1562 4857 1645 4920 latet
1666 4856 1780 4919 divina
1805 4862 1967 4938 majestas

1177 4953 1262 5016 sicut
1284 4955 1319 5014 in
1343 4955 1469 5015 semine
1494 4954 1664 5016 coriandri
1683 4955 1765 5018 latet
1785 4956 1892 5018 calida
1916 4975 1972 5036 po-

1179 5053 1288 5114 testas.
1311 5053 1348 5112 ln
1370 5067 1409 5114 eo
1429 5052 1514 5129 quod
1538 5053 1611 5114 erat
1625 5051 1748 5126 album,
1767 5054 1973 5130 significabat

1177 5150 1263 5228 quod
1298 5165 1417 5227 corpus
1446 5149 1592 5211 Domini·
1617 5152 1668 5212 θεῖ
1707 5151 1968 5215 mundissimum.

1177 5251 1214 5308 ln
1238 5263 1277 5309 eo
1301 5247 1387 5325 quod
1402 5248 1517 5323 gustus
1542 5251 1614 5326 ejus
1638 5249 1710 5311 erat
1733 5250 1830 5326 quasi
1858 5241 1970 5314 similis

1177 5361 1250 5406 cum
1276 5345 1385 5416 melle,
1413 5345 1664 5422 significabatur
1692 5346 1832 5409 dulcedo
1856 5349 1970 5414 divinae

1176 5443 1304 5520 gratiae,
1329 5457 1401 5520 quae
1424 5444 1522 5506 datur
1543 5443 1578 5505 in
1599 5445 1814 5507 sacramento
1842 5447 1967 5524 altaris,

1176 5541 1314 5603 sednon
1331 5541 1514 5619 percipitur
1534 5542 1600 5603 nisi
1616 5559 1635 5603 a
1652 5543 1762 5619 dignis
1790 5545 1969 5609 animabus.

1176 5641 1298 5701 Manna
1318 5639 1418 5702 etiam
1448 5639 1590 5703 babebat
1616 5657 1745 5703 omnem
1769 5657 1920 5720 saporem
1942 5650 1970 5709 ct
