4076 6420
72 208 149 274 ars
602 161 821 274 1111111
843 211 1060 276 11111111
1082 213 1245 293 nounu.
1697 219 1757 280 au

85 367 179 434 acie
199 371 297 453 elus,
312 367 411 440 idest,
433 384 454 432 a
474 367 657 447 prasentia
667 369 728 433 Dei
751 370 787 433 in
811 369 909 436 corda
962 373 1758 452 1111111111,11111111111111111111111·

72 469 305 545 peceatoris,
323 469 356 532 et
374 469 438 530 hoc
458 467 544 537 ideo,
560 467 638 544 quia
659 468 732 545 ipse
751 469 802 531 est
821 467 909 545 ignis
961 469 1071 533 versio
1084 472 1183 534 nnius
1197 471 1379 550 peccatoris
1392 472 1488 534 debet
1499 474 1647 537 incutere
1655 476 1757 538 timo-

72 565 115 627 et
139 565 192 626 ab
219 583 266 628 eo
288 565 510 628 succeduntur
533 564 703 637 carbones,
724 565 821 639 idest,
844 566 908 628 hc·
962 583 1030 629 rem
1053 568 1140 642 aliis,
1158 571 1192 631 et
1211 570 1368 646 gaudium
1391 585 1509 647 parere
1525 572 1638 647 justis.
1662 572 1756 634 Unde

73 663 206 724 mines
222 663 343 740 frigidi
357 665 392 724 in
407 662 471 724 fide
483 661 733 732 inflammantur
753 662 794 724 ad
815 678 909 725 amc-
960 667 1136 741 Apostolus
1145 667 1185 728 de
1193 667 1410 730 conversione
1418 671 1611 728 suatliram
1619 669 1756 744 tpuotus

73 775 175 821 rem.
960 764 1756 839 suetelicclesttstudoetequoeerouttedltrtsto;

120 861 161 919 It
194 857 324 920 autem
355 860 413 932 qut
442 857 642 932 portabant,
669 855 851 920 steterunt.
880 854 907 916 Ii
961 859 1097 920 tautum
1111 861 1580 933 aretemcudttumhohehaut,
1593 865 1756 935 quorsum

73 954 142 1031 qui
158 955 353 1032 portabant
365 953 533 1026 lectulum,
551 953 740 1029 significant
749 954 837 1014 mala
847 952 909 1013 de-
960 958 1019 1028 qui
1042 959 1315 1030 persequebatur
1343 973 1406 1019 uos
1435 962 1635 1032 aliquando,
1664 973 1757 1021 nuuc

71 1052 241 1126 sideria,
257 1052 440 1131 quesitus
455 1051 536 1113 dicit
547 1051 734 1128 Apostolus,
754 1050 908 1126 mergunt
960 1047 1173 1128 evangelizet
1191 1056 1416 1128 lidentonam
1434 1056 1655 1132 empupuchat
1670 1057 1706 1118 et
1718 1061 1757 1124 trs

73 1149 276 1211 hominem
295 1150 331 1211 in
345 1149 515 1212 interitum
536 1150 570 1210 et
587 1148 816 1225 perditionem.
843 1147 906 1210 sed
958 1163 1014 1210 me
1028 1151 1262 1222 clarificabant
1276 1155 1397 1215 Deum.
1420 1150 1555 1231 (Galat,
1575 1169 1599 1224 1,
1612 1154 1663 1224 22,
1685 1151 1753 1232 24).

73 1247 246 1308 Domino
259 1249 339 1310 Jesu
351 1246 528 1308 accedente
539 1246 571 1308 et
581 1245 725 1308 loculum
734 1245 905 1322 tangente,
999 1247 1086 1312 01111
1102 1249 1279 1323 Propheta
1295 1261 1443 1326 megum
1458 1249 1620 1311 uerremtt
1636 1252 1674 1311 tu
1691 1265 1755 1310 uo-

75 1344 197 1416 stant‚
229 1343 337 1418 idest,
362 1343 503 1416 cessant,
527 1343 605 1420 quia
628 1342 786 1419 quoniam
810 1342 907 1402 Chri-
959 1344 1009 1404 hta
1027 1343 1060 1404 et
1081 1347 1162 1418 quta
1184 1349 1278 1406 Deus
1299 1346 1456 1408 uisitauit
1480 1348 1611 1422 precem
1638 1359 1751 1407 mmm.

73 1441 158 1502 stus
184 1441 366 1503 illuminat
386 1443 420 1504 ei
439 1440 625 1502 inflammat
645 1455 703 1500 cor
722 1438 906 1516 peccatoris
959 1441 1046 1504 Nota
1069 1441 1133 1503 duo
1165 1456 1239 1503 esse
1268 1443 1458 1505 necessaria
1487 1440 1529 1502 ad
1562 1442 1755 1503 suscitatio«

73 1539 124 1601 ad
141 1539 401 1616 poenitentiam,
425 1536 557 1599 cessant
577 1536 666 1598 mala
684 1536 850 1599 desideria
872 1535 907 1598 et
958 1553 1034 1600 nem
1057 1538 1190 1610 mortui,
1228 1538 1325 1610 idest,
1355 1538 1562 1616 peccatoris:
1596 1538 1753 1600 videlicet

74 1651 199 1714 prava
228 1634 510 1712 concupiscentia.
537 1634 632 1696 Unde
653 1633 758 1696 David
784 1634 841 1710 qui
864 1633 905 1694 de
957 1633 1051 1696 verbi
1063 1634 1332 1712 praedicationem
1344 1634 1502 1706 exterius,
1518 1635 1552 1695 et
1564 1633 1681 1710 gratiae
1693 1634 1750 1695 vi-

76 1733 238 1810 peccato
265 1731 455 1808 poenitebat,
481 1731 658 1793 ostendens
684 1745 860 1792 corsuum
884 1745 905 1792 a
958 1731 1147 1794 sitationem
1170 1732 1320 1793 interius.
1345 1731 1477 1792 Primus
1501 1731 1696 1808 designatur
1717 1731 1752 1793 in

75 1832 242 1892 Domino
258 1829 439 1901 visitatum,
454 1827 905 1906 etdicenserinpcaniten-
958 1843 997 1890 eo
1026 1828 1112 1905 quod
1137 1827 1284 1890 dicitur:
1309 1830 1395 1894 Quia
1408 1828 1584 1903 Propheta
1605 1843 1754 1904 mugnus

75 1928 162 1988 tiali
187 1926 350 2004 psalmo:
373 1927 528 1988 Gemitus
547 1941 646 1987 meus
667 1941 691 1987 a
710 1927 743 1987 te
764 1940 835 1986 nou
852 1925 905 1986 est
957 1926 1117 1988 surremit
1137 1929 1175 1986 tu
1196 1928 1303 1987 uobis.
1320 1924 1486 2000 Propheta
1507 1939 1648 2000 magnus
1666 1924 1751 1985 dici-

76 2025 343 2095 abscomtttus,
370 2022 532 2100 praemisit
559 2022 672 2084 dicens
700 2042 708 2084 :
737 2025 902 2094 Domine,
957 2021 1012 2082 tur
1026 2021 1188 2093 Christus,
1203 2021 1261 2097 qui
1272 2020 1324 2081 est
1336 2021 1494 2082 Dominus
1504 2021 1751 2098 prophetarum,

76 2123 172 2184 aute
200 2122 240 2183 te
261 2134 362 2182 omne
380 2122 592 2182 desiderium
609 2134 727 2182 meum
749 2117 831 2196 (Ps,
851 2120 902 2190 37,
957 2118 1014 2196 qui
1029 2122 1107 2179 tunc
1119 2118 1226 2192 surgit
1241 2117 1277 2177 in
1293 2117 1399 2190 nohis,
1413 2118 1544 2194 qnando
1560 2118 1751 2194 praedicatio

79 2217 154 2298 10).
174 2217 287 2290 Quasi
301 2216 448 2279 diceret:
470 2217 533 2288 Qui
552 2215 728 2293 portabant
745 2214 903 2286 loculum,
956 2217 1030 2292 ejus
1045 2229 1105 2292 per
1118 2228 1233 2276 servos
1249 2213 1397 2290 eiusdem
1419 2213 1507 2276 iacta
1522 2215 1620 2276 sonat
1633 2214 1668 2275 in
1685 2229 1752 2274 au-

80 2317 119 2378 te
136 2313 449 2391 appropinquante,
466 2313 637 2384 steterunt,
651 2312 729 2390 quia
744 2310 904 2372 11111111-
956 2310 1050 2372 rihus
1061 2311 1196 2374 nostris.
1214 2313 1289 2388 lpse
1303 2311 1391 2372 enim
1402 2311 1549 2388 loquitur
1560 2326 1619 2388 per
1633 2327 1749 2372 servos

81 2410 313 2488 siderisquae
331 2409 529 2486 inpeccatis
549 2409 714 2470 mortuum
729 2405 904 2485 portabant
956 2423 1046 2481 snos,
1062 2407 1107 2480 et,
1126 2407 1256 2484 quando
1280 2408 1475 2483 praedicant,
1496 2408 1646 2470 Christus
1660 2423 1752 2485 prae-

82 2509 129 2572 ad
142 2503 902 2576 1111111111111111111111111111111111,
956 2505 1045 2566 dicat
1065 2505 1101 2566 11
1122 2505 1183 2566 eis.
1204 2504 1298 2567 Unde
1318 2506 1518 2582 Apostolus:
1539 2508 1594 2567 Au
1607 2507 1753 2579 coepert-

82 2600 564 2675 cessaveruntetinbonum
584 2601 849 2663 conversarent.
955 2602 1112 2664 umatum
1126 2603 1284 2676 qucum
1307 2605 1455 2676 11111111
1476 2605 1582 2664 turre
1599 2601 1753 2678 loquitur

127 2704 344 2763 Adolescens
367 2699 427 2760 tut
450 2701 536 2768 dico,
560 2712 676 2773 surpe.
696 2697 798 2769 Quasi
812 2696 904 2758 dice-
956 2698 1114 2762 christus
1126 2697 1171 2778 (ΙΙ
1185 2699 1259 2760 Gor.
1275 2714 1350 2771 xur,
1366 2698 1410 2774 3).

82 2800 142 2860 ret
158 2815 170 2858 ·:
189 2810 295 2871 surge
310 2795 367 2871 qui
376 2793 511 2866 dormis,
524 2795 557 2855 et
566 2807 708 2870 exsurge
721 2791 900 2856 amortuis.
995 2795 1119 2858 Gratim
1152 2795 1300 2858 visitatio
1342 2795 1536 2872 designatur
1574 2794 1633 2868 ihi,
1672 2793 1752 2872 quia

83 2894 219 2956 Dicere
236 2891 369 2962 Christi,
385 2889 504 2951 iecisse
516 2889 577 2960 est,
594 2891 672 2967 quia
684 2891 858 2965 tpsedtmtt
869 2891 903 2952 et
955 2897 1049 2956 Deus
1068 2893 1226 2954 otsttecit
1243 2895 1375 2968 plebem
1392 2907 1504 2954 suum.
1526 2894 1614 2954 Deus
1635 2891 1753 2954 visitat

84 2991 190 3065 sacta
204 2988 300 3050 suut.
320 2988 367 3048 ut
380 2987 509 3049 resedit
525 2989 583 3060 qut
599 2988 677 3050 erat
690 2987 850 3052 rrtortuus
868 2986 903 3047 et
955 2988 1084 3066 plebem
1103 3003 1209 3060 suam,
1220 2989 1351 3065 quando
1373 2988 1591 3065 pergratiam
1609 2987 1751 3065 Spiritus

85 3087 201 3161 eoeptt
215 3087 321 3158 locut.
334 3083 422 3145 Nota
436 3083 602 3159 duplicem
617 3083 807 3159 poenitentis
821 3097 902 3158 ope·
957 3086 1070 3147 Sancti
1094 3085 1191 3147 docet
1214 3086 1417 3148 intrinsecus
1441 3084 1541 3147 corda
1565 3085 1692 3153 nostra,
1715 3085 1753 3151 ut

84 3183 265 3244 rationem
276 3179 330 3241 vel
344 3179 497 3254 gratiam,
514 3178 679 3251 videlicet,
695 3178 903 3242 humiliatio·
956 3182 1042 3259 quod
1066 3181 1219 3244 audimus
1240 3199 1284 3244 ex
1310 3197 1369 3244 ore
1389 3182 1631 3259 praedicatoris,
1658 3182 1749 3244 intus

86 3295 169 3340 nem
183 3277 221 3340 et
235 3276 487 3338 confessionem.
502 3275 696 3338 Humiliatio
708 3275 760 3338 est
770 3274 818 3336 ihi
834 3293 842 3336 ε
856 3275 903 3336 nr
954 3293 1243 3354 recognoscamus.
1276 3279 1366 3350 Quod
1399 3279 1496 3340 valde
1524 3279 1751 3342 necessarium

84 3375 227 3438 resedit
241 3376 300 3448 eut
313 3375 392 3436 erat
409 3374 580 3434 mortuus
598 3371 710 3434 Sessio
727 3371 838 3433 antem
854 3371 902 3432 si·
957 3377 1019 3446 est,
1035 3375 1124 3450 quia,
1138 3374 1205 3435 nisi
1219 3373 1328 3450 gratia
1348 3373 1493 3450 Spiritus
1508 3375 1623 3436 Sancti
1635 3375 1755 3439 doceat

86 3470 236 3548 gnificat
253 3468 519 3531 humiliationem
537 3467 718 3530 secundum
737 3467 819 3528 illud
834 3469 918 3528 Da-·
954 3470 1169 3541 intrinsecus,
1180 3483 1289 3532 sermo
1304 3469 1531 3546 praedicatoris
1541 3471 1752 3532 exuinsecns

86 3569 146 3630 vid
163 3589 172 3628 ε
189 3568 335 3644 surpite
345 3567 526 3640 postquam
544 3565 705 3626 sederttts
718 3566 777 3636 qut
795 3573 900 3630 mau-
954 3566 990 3627 11
1004 3581 1126 3628 vanum
1147 3564 1289 3628 laborat.
1310 3565 1404 3627 Unde
1424 3565 1626 3642 Gregorius:
1643 3566 1752 3628 «Nisi

88 3666 234 3727 ducatis
251 3678 381 3738 penem
401 3664 528 3724 dolorm
545 3659 627 3740 (Ps,
652 3662 721 3731 126,
736 3659 784 3739 2).
799 3660 901 3732 Quasi
955 3662 1099 3741 Spiritus
1111 3662 1252 3724 Sanctus
1262 3662 1349 3724 adsit
1361 3662 1453 3724 cordi
1464 3661 1642 3736 audientis,
1658 3662 1752 3725 otio·-

88 3761 244 3824 diceret:
261 3759 509 3838 Opoenitentes,
530 3757 587 3835 qui
608 3756 817 3818 manducatis
840 3773 902 3834 pa·
954 3775 1012 3822 sus
1026 3760 1077 3822 est
1095 3771 1204 3821 sermo
1223 3759 1379 3822 doctoris.
1393 3759 1502 3821 »Nisi
1520 3760 1610 3822 intus
1634 3760 1679 3821 sit
1692 3761 1749 3837 qui

88 3874 169 3920 nem
193 3857 334 3930 doloris,
357 3856 454 3928 idest,
477 3855 534 3933 qui
553 3854 816 3918 delectaminiin
835 3853 900 3916 do·
954 3855 1082 3929 doceat,
1097 3856 1212 3933 lingua
1237 3855 1381 3918 doctoris
1401 3856 1549 3918 exterius
1572 3856 1607 3917 in
1625 3872 1751 3920 vanum

89 3953 164 4017 lore
184 3969 295 4032 poenae
312 3953 446 4014 sicutin
461 3967 557 4028 pane,
580 3951 706 4027 surgite
726 3951 900 4028 postquam
952 3953 1090 4016 laborat.
1104 3953 1145 4014 m
1158 3953 1287 4015 David:
1307 3955 1387 4015 Nur
1409 3956 1579 4015 Dorntuus
1598 3954 1750 4026 redifica-

90 4051 265 4122 sederitis,
279 4049 375 4121 idest,
391 4048 597 4123 exaltamini,
611 4047 901 4126 postquamhumi·
952 4052 1045 4112 verit
1065 4053 1268 4112 domum...
1288 4048 1357 4129 (Ps.
1384 4050 1452 4121 125,
1479 4047 1748 4129 1111111111-

90 4148 167 4211 liati
182 4147 329 4220 fueritis,
347 4147 426 4224 quia
441 4161 500 4223 per
513 4161 620 4223 poenae
634 4145 899 4208 humillationem
952 4163 1007 4210 res
1022 4146 1188 4210 aedificant
1209 4147 1355 4228 domum,
1379 4145 1476 4219 idest,
1500 4146 1667 4210 hominem
1691 4147 1749 4225 qui

92 4244 278 4322 acquiretis
305 4245 464 4306 aeternam
491 4243 740 4305 exaltationem.
764 4243 800 4304 Si
825 4243 899 4321 quis
953 4243 1133 4306 estdomus
1148 4244 1219 4315 Dei,
1239 4243 1388 4304 exterius
1402 4243 1625 4321 praedicando,
1642 4244 1751 4326 sedin

91 4341 199 4416 igitur
215 4341 411 4418 inpeccatis
430 4341 580 4402 mortuus
595 4339 706 4412 luerit,
723 4355 744 4400 a
761 4340 899 4404 Domino
952 4355 1074 4402 vanum
1091 4338 1254 4412 laborant,
1275 4340 1341 4402 nisi
1355 4341 1514 4402 Dominus
1533 4341 1752 4409 aedificaverit

92 4437 316 4501 resuscitatus
331 4436 467 4500 residat.
483 4436 599 4498 Faciat
616 4435 702 4513 quod
723 4436 804 4498 dicit
819 4435 901 4498 bea·
952 4437 1155 4501 intrinsecus
1170 4437 1386 4516 pergratiam
1401 4438 1558 4501 docendo.

93 4535 147 4596 tus
160 4535 284 4597 Petrus
300 4536 565 4596 :Humtttamtut
574 4535 636 4594 sul)
645 4533 778 4608 poterttt
791 4547 900 4594 uutuu

94 4634 170 4705 Det,
190 4632 231 4694 ut
243 4645 305 4694 cos
316 4631 447 4694 eucttet
465 4630 673 4704 intempore
691 4630 899 4693 vocatone

96 4725 126 4808 (Ι
140 4729 233 4791 Petr.
247 4743 280 4799 v,
294 4723 340 4806 6).
1305 4709 1397 4797 XXI

137 4824 309 4887 confessio
324 4822 520 4899 designatur
530 4820 578 4884 ihi
591 4841 600 4883 1
615 4822 662 4882 Ut
680 4822 783 4898 coepit
796 4825 896 4897 toqui.

96 4921 189 4983 Tunc
214 4920 384 4993 mortuus,
408 4920 508 4991 idest,
534 4919 688 4996 peccator
707 4917 825 4994 incipit
847 4919 900 4981 lo-
1038 4913 1245 4976 DOMINIGA
1264 4913 1485 4976 PASSIONIS
1506 4914 1659 4978 DOMINI

98 5018 166 5094 qui,
189 5016 320 5096 qnando
341 5016 517 5080 confitetur
535 5015 669 5092 peccata
690 5016 899 5077 111111111-

98 5115 148 5176 dtt
173 5119 269 5178 titum
293 5115 403 5176 umtrt
422 5128 507 5175 soce.
526 5115 619 5174 Tunc
640 5111 729 5173 lilius
748 5111 899 5174 redditur
991 5115 1072 5181 Quis
1092 5127 1139 5176 eet
1156 5115 1458 5191 occiserpuetme
1473 5118 1515 5178 de
1535 5118 1749 5192 peccotolst

100 5212 216 5285 matri,
241 5210 374 5288 quando
397 5210 551 5287 peccator
573 5208 810 5270 reconciliatur
835 5211 898 5271 Ec-
950 5211 1135 5276 oerttatem
1161 5214 1236 5273 dieo
1258 5214 1495 5288 retractare
1519 5228 1589 5276 uon
1605 5217 1748 5280 creditis

100 5308 221 5371 clesiaa.
250 5308 313 5370 Sed
338 5307 416 5384 quia
441 5306 615 5368 conversio
640 5305 825 5383 peccatoris
848 5307 899 5368 est
950 5305 1177 5387 mihtttioan.
1193 5307 1347 5389 v111,46).

100 5403 134 5464 11
161 5405 349 5481 exemplum
375 5403 521 5474 caeteris,
543 5403 578 5466 et
596 5402 756 5479 gaudium
774 5403 897 5480 justis,
990 5405 1139 5476 Quatnor
1161 5403 1382 5468 admiratione
1409 5405 1509 5482 digna
1533 5407 1748 5474 considerare

102 5501 341 5580 consequenter
374 5499 526 5578 adjungit
563 5519 572 5559 ι
608 5499 746 5603 Accepit
780 5500 898 5564 cutem
951 5501 1107 5564 dehemus
1126 5501 1162 5564 in
1181 5501 1324 5576 Christo,
1345 5503 1513 5576 videlieet,
1535 5504 1745 5579 munditiam,
