4090 6426
2028 131 2029 156 l

1903 211 1968 269 aa

936 211 1111 272 HONORII
1128 211 1171 271 111
1187 211 1324 272 OPERA
2028 255 2029 326 ι

301 215 360 275 259

302 373 387 434 torio
402 387 515 432 vocem
531 370 763 447 appellationis
784 370 948 442 malliana,
966 386 1099 432 causam
1155 371 1342 446 tlroruagen.
1363 347 1543 430 eanonicus
1566 368 1645 428 olim
1666 384 1725 446 pre
1745 372 1967 447 assequenda

303 486 403 547 super
417 470 469 530 liis
485 468 618 529 otllciali
640 467 839 530 Bituricensi
855 467 997 530 obtinuit
1009 468 1101 530 dele-
1155 469 1189 529 in
1218 469 1358 530 ecclesia
1393 466 1587 528 Belvacensi
1616 465 1793 543 praehenda
1823 469 1969 529 nostras

303 568 375 642 gari
393 589 400 627 :
418 583 530 628 coram
565 581 629 642 quo
662 581 705 626 eu
739 568 833 642 parte
867 566 1099 642 praedictorum
1153 566 1195 628 ad
1207 565 1252 646 (c)
1272 567 1367 637 honre
1387 564 1554 626 memorias
1575 564 1769 641 episcopum
1787 567 1965 627 parisien.
2028 601 2029 664 3

303 665 425 742 prioris
439 665 471 724 et
483 665 664 725 conventus
677 662 740 724 soit
761 662 958 740 excipiendo
980 681 1101 741 propo-
1155 666 1189 727 et
1211 668 1283 740 ejus
1301 664 1446 738 collegas
1467 663 1598 724 litteras
1612 663 1823 724 excretorias
1844 665 1964 741 irnpe-

302 763 414 835 situm‚
434 763 520 839 quod
542 779 642 839 quum
657 761 780 823 omisso
795 760 982 822 dioecesano
1007 762 1099 838 epis-

304 876 386 937 copo
414 859 531 920 luisset
558 859 603 919 ad
634 859 786 920 eumdem
814 857 1098 936 archiepiscopum

233 995 236 1000 ,
304 957 516 1034 appellatum,
531 955 571 1017 ad
588 972 683 1032 quem
694 955 857 1031 gradatim
869 955 1102 1033 sueratappel-

306 1056 451 1126 landum,
466 1055 501 1115 in
513 1069 614 1115 causa
627 1054 700 1130 ipsa
710 1054 835 1129 dejure
846 1054 1024 1130 procedere
1035 1069 1101 1114 non

305 1154 447 1229 poterat,
485 1168 546 1212 nec
585 1151 724 1213 debebat
751 1172 758 1210 :
789 1149 846 1212 sed
881 1151 959 1229 quia
995 1151 1104 1212 dictos

305 1248 455 1311 officialis
491 1248 679 1326 hujusmodi
718 1265 833 1310 eorum
873 1249 1102 1326 exceptionem

286 1341 476 1410 ‘admittere
499 1345 693 1422 denegabat,
717 1347 781 1423 ipsi
806 1345 847 1408 ad
863 1347 1011 1409 nostram
1035 1361 1100 1407 arr-

305 1445 463 1507 dientiam
476 1445 685 1522 appellarunt
695 1466 703 1504 :
715 1445 749 1506 at
759 1444 817 1506 ille
830 1445 977 1520 ipsorum
988 1445 1103 1521 appel-

306 1543 431 1604 latione
446 1543 631 1618 contempta
647 1540 875 1618 suspensionis
889 1543 923 1604 et
934 1541 1101 1604 interdicti

306 1640 382 1702 tulit
405 1640 585 1700 sententias
606 1639 641 1699 in
665 1639 808 1700 eosdem.
832 1640 993 1711 Quocirca
1019 1640 1099 1701 disc.
1124 1673 1125 1676 =

308 1754 339 1796 v.
368 1754 410 1798 m.
440 1737 613 1814 quatenus,
630 1735 657 1795 si
684 1736 789 1798 dictas
819 1737 1000 1798 sententias
1031 1739 1103 1814 post

308 1834 498 1911 hujusmodi
524 1832 778 1910 appellationem
808 1833 1002 1896 inveneritis
1030 1852 1102 1896 esse

307 1933 404 2004 latae,
421 1931 623 1992 denuntietis
637 1945 694 1992 eas
707 1931 838 2008 penitus
852 1946 918 1994 non
933 1933 1056 1996 tenere.

400 2110 520 2172 Abbati
543 2111 662 2171 Sauctt
685 2114 852 2184 Diortpstt,
877 2115 1005 2173 ciccano

513 2209 547 2268 ct
567 2209 736 2284 recemiro
758 2206 866 2288 Coit(
889 2207 914 2286 ).

597 2381 732 2442 CAPUT
754 2383 809 2442 vl.

348 2529 627 2605 Significaverunt
646 2530 741 2592 nohis
763 2547 837 2592 ven.
859 2532 881 2592 l.
902 2548 935 2592 n.
957 2530 1013 2610 (la)
1033 2534 1105 2610 epi-

308 2641 438 2703 scopus,
453 2629 485 2689 et
497 2628 554 2688 dil.
572 2627 594 2688 1.
611 2627 767 2700 decanus,
784 2631 817 2690 et
832 2630 1014 2706 capitulum
1029 2631 1106 2690 Bel-

307 2739 423 2785 vacen.
449 2725 534 2801 quod
561 2725 762 2802 magisteri.
788 2726 1009 2789 Silvanecten.
1038 2731 1106 2790 Ito-

309 2956 337 3012 st
353 2958 506 3030 episcopos
517 2957 628 3030 judices
643 2959 762 3030 dederit,
779 2961 931 3043 appellatio
949 2961 1105 3019 devolvitur

310 3025 344 3081 ad
360 3042 376 3083 e
399 3028 537 3099 iscopom,
554 3044 610 3086 noa
627 3030 662 3087 ad
678 3034 941 3104 metropolitanum
958 3033 1030 3089 sicut
1042 3033 1105 3106 jore

309 3043 396 3154 mnf
407 3098 440 3179 si*
453 3100 639 3180 magistratus
651 3100 768 3158 dederit
783 3101 894 3174 jndices
915 3103 950 3160 ad
967 3103 1059 3174 ipsum
1076 3103 1105 3160 tlt

310 3169 472 3251 appellatio,
489 3170 506 3225 1.
521 3171 618 3240 3,((11,
631 3176 657 3227 et
674 3188 692 3228 a
710 3187 763 3242 pao
778 3175 944 3243 appellatur.
962 3173 1046 3232 Aliud
1062 3181 1106 3231 est

310 3254 333 3295 ει
350 3237 482 3296 mandata
497 3238 579 3298 luent
598 3241 766 3368 Junsdretro(i
787 3244 852 3315 quia
875 3251 940 3302 tunc
955 3245 1103 3302 mandata·

311 3311 370 3367 rius
387 3324 442 3366 non
458 3311 595 3380 viceras,
612 3311 662 3368 sed
680 3328 746 3370 man
769 3315 843 3370 antis
859 3316 929 3388 agit,
945 3315 1046 3380 18111,
1067 3316 1107 3371 Dr

307 3381 453 3464 iurisdict.
470 3382 549 3450 Quod
562 3383 587 3438 si
599 3383 685 3456 judex
701 3383 862 3442 ordinarios
874 3387 1012 3459 episcopi,
1023 3393 1106 3444 otest

312 3453 449 3520 oltleratrs,
482 3467 540 3524 sen,
563 3455 696 3522 vicarios,
729 3462 796 3512 tone
828 3458 935 3514 omisso
971 3459 1106 3530 episcopo

311 3523 345 3580 ad
368 3523 618 3596 metropolitanum
647 3527 811 3596 revertitur,
840 3530 903 3600 quia
939 3529 1017 3586 vices
1045 3530 1108 3601 agit

311 3594 449 3666 episcopi,
460 3602 494 3677 'et
504 3594 634 3652 eamdem
648 3611 797 3669 personam
814 3601 949 3670 sestiaca
964 3615 1027 3672 que
1042 3601 1103 3672 qui·

310 3665 374 3722 dem
404 3665 563 3738 colligenda
590 3677 656 3725 sont
677 3683 711 3724 ex
737 3669 846 3739 illoesa,
870 3686 955 3742 spiram
980 3673 1107 3742 seniliter

1154 762 1270 836 tratit3
1288 776 1455 839 quumque
1466 759 1567 820 iidem
1582 761 1694 836 partes
1706 760 1748 821 ad
1764 778 1861 822 suam
1876 779 1966 838 prae

1155 860 1295 922 sentiam
1327 859 1576 929 convocassent,
1609 873 1686 934 pars
1719 859 1963 935 praedictorum

1155 956 1306 1034 episcopi
1323 957 1359 1018 et
1376 956 1513 1033 capituli
1536 959 1734 1018 recusarunt
1758 957 1869 1033 ipsum
1892 962 1965 1018 Pa-

1156 1055 1271 1116 risien.
1296 1055 1498 1131 episcopum,
1532 1055 1568 1115 ut
1599 1055 1805 1130 suspectu1n3
1830 1072 1892 1132 pro
1921 1073 1963 1116 eo

1157 1152 1242 1230 qood
1258 1151 1453 1214 advocatum
1474 1153 1578 1229 partis
1598 1152 1737 1212 alterius
1750 1153 1913 1214 clericum
1929 1158 1963 1216 et

1156 1249 1411 1311 commensalem
1443 1266 1539 1310 suum
1567 1252 1761 1311 contraeas
1786 1251 1821 1311 in
1854 1268 1962 1314 causa

1155 1348 1271 1409 eadem
1289 1349 1338 1408 eis
1354 1346 1614 1409 reclamantibus
1629 1347 1833 1420 admittebat,
1854 1367 1961 1426 quum

1157 1446 1296 1507 dixisset
1317 1444 1457 1522 publice,
1488 1445 1575 1506 sicut
1598 1446 1693 1506 erant
1720 1446 1830 1522 parati
1858 1447 1961 1507 susti·
2008 1487 2016 1502 .

1157 1543 1284 1604 cienter
1302 1542 1454 1619 probare,
1475 1558 1511 1603 se
1531 1543 1618 1604 scire
1639 1543 1779 1605 tirmiter
1795 1545 1960 1622 tanquam

1158 1641 1266 1717 quiin
1285 1641 1428 1702 tractatu
1447 1640 1552 1717 ipsius
1570 1640 1695 1715 negotii
1712 1640 1821 1703 luerat
1840 1658 1959 1703 coram
1978 1630 1981 1636 ’

1158 1739 1229 1815 ipso
1245 1738 1412 1816 episcope,
1431 1737 1574 1816 qualiter
1588 1753 1643 1798 res
1662 1740 1750 1800 esset
1764 1739 1962 1816 hujusmodi

1158 1859 1365 1920 processura,
1402 1844 1501 1920 atque
1535 1843 1576 1904 ad
1613 1845 1882 1918 cognoscendum
1919 1847 1962 1908 de

1158 1957 1259 2002 causa
1274 1941 1474 2018 suspicionis
1486 1940 1676 2018 hujusmodi
1690 1941 1835 2003 arbitros
1849 1945 1963 2018 petie-

1158 2040 1250 2112 runt3
1273 2055 1357 2116 quos
1376 2038 1454 2116 quia
1475 2038 1539 2115 ipsi
1555 2037 1686 2114 judices
1706 2037 1961 2114 denegaverunt

1125 2159 1127 2164 ¹
1158 2137 1294 2208 eisdem,
1311 2152 1370 2214 pro
1387 2135 1480 2213 parte
1497 2136 1644 2212 ipsorum
1664 2135 1726 2198 suit
1745 2137 1786 2197 ad
1806 2139 1960 2200 nostram

1159 2234 1959 2310 audientiamappellatum.Quocircamandamus

1159 2333 1333 2410 quatenus,
1353 2332 1381 2391 si
1402 2331 1452 2392 est
1464 2331 1522 2402 ita,
1539 2331 1694 2392 revocato
1711 2331 1746 2391 in
1761 2333 1885 2394 statum
1900 2335 1962 2395 de-

1159 2430 1262 2492 bitum
1285 2428 1443 2506 quidquid
1465 2429 1539 2505 post
1562 2429 1818 2506 appellationem
1838 2430 1961 2508 hujus-

1159 2528 1246 2588 modi
1256 2527 1450 2588 inveneritis
1458 2526 1581 2588 temere
1591 2527 1797 2599 attentatum,
1806 2527 1841 2588 in
1854 2545 1960 2590 causa

1155 2627 1251 2703 juxta
1267 2625 1414 2701 priorum
1429 2623 1664 2685 continentiam
1678 2623 1866 2686 litterarum
1878 2641 1956 2703 app.

1159 2725 1296 2795 remota,
1313 2722 1442 2784 ratione
1454 2721 1579 2798 praevia
1595 2719 1792 2798 procedatis.

1159 2957 1957 3103 tt,lttrtattrttlittttclarititatis

1160 3103 1341 3162 distinctione
1351 3077 1455 3174 ju'dicis
1469 3101 1527 3158 dati
1545 3101 1742 3173 abepiscopo,
1761 3107 1790 3157 et
1812 3099 1956 3168 officialis,

1160 3176 1195 3233 de
1210 3189 1264 3245 qua
1276 3173 1347 3230 nihil
1361 3173 1479 3230 omnino
1494 3173 1523 3228 iu
1538 3171 1594 3229 hoc
1602 3187 1666 3244 cap.

1197 3242 1239 3316 (α)
1255 3245 1355 3300 Attali
1370 3245 1397 3300 S.
1418 3243 1559 3315 Dioapsii.
1576 3245 1660 3300 Petro
1672 3241 1708 3298 dc
1725 3241 1850 3311 Aetolia,
1865 3241 1955 3298 d'An·

1161 3317 1240 3383 tacit,
1257 3313 1498 3386 lassescamus
1513 3313 1587 3386 regii
1603 3313 1779 3370 monasterii.

1197 3387 1237 3460 (t)
1259 3387 1414 3456 Episcopus
1435 3385 1622 3442 Belvaccasis.
1647 3383 1793 3456 Philippus
1807 3382 1883 3439 lilius
1898 3385 1955 3439 lto·

1160 3457 1365 3526 berti‚comitis
1375 3459 1543 3525 Bracarum,
1558 3455 1592 3512 tr
1604 3455 1955 3529 episcoposltelraceusis‚

1161 3530 1206 3586 vel
1222 3531 1287 3586 Milo
1302 3527 1337 3584 de
1349 3528 1480 3586 Nantolio
1494 3527 1538 3584 aa.

1198 3600 1236 3674 (c)
1256 3601 1339 3656 Boaoe
1350 3597 1490 3654 maneria
1507 3597 1695 3661 Pirristeuaem
1716 3597 1885 3666 episcopum.
1901 3597 1952 3652 Pe·

1162 3680 1235 3729 trum
1258 3673 1284 3728 ll
1311 3669 1421 3736 Cama,
1440 3671 1472 3726 m
1494 3668 1661 3740 episcopum
1683 3666 1886 3736 Parisiensern,
1912 3666 1955 3721 rel

311 3736 452 3809 Cujacios.
482 3738 535 3794 llic
560 3745 654 3796 antam
684 3742 840 3797 canonieus
867 3743 1107 3799 Claroorontensis
1161 3739 1442 3806 Guitlelrnumll‚de
1464 3739 1629 3810 siligniaco,
1654 3738 1686 3793 de
1707 3737 1829 3808 Setiperp,
1845 3739 1878 3794 73
1893 3739 1954 3808 epl-

312 3823 369 3862 non
382 3807 433 3863 l'nit
446 3807 579 3875 vicarios,
595 3825 647 3865 seu
666 3811 795 3867 alliciatis
807 3813 944 3883 episcopi,
959 3813 1008 3869 scd
1019 3811 1106 3884 judex
1161 3827 1279 3885 scopum
1302 3811 1347 3866 vel
1369 3809 1610 3867 Bartlrolornoeom
1631 3807 1736 3880 71,ᾳυί
1751 3807 1882 3864 vixerunt
1902 3807 1953 3863 sub

311 3878 459 3952 delegatus
474 3893 488 3934 a
503 3880 621 3936 Summo
637 3881 782 3948 Pantilice‚
799 3897 854 3938 nen
875 3881 958 3938 datus
979 3883 1046 3938 atie
1069 3885 1105 3937 is·
1163 3884 1288 3940 Honorio
1308 3884 1357 3938 lll.
1386 3882 1438 3937 llic
1452 3881 1608 3936 ·recusatio
1633 3879 1798 3950 proponitur
1818 3877 1955 3934 adversus

312 3965 394 4022 copo,
421 3956 452 4006 ut
474 3951 648 4007 existimavit
671 3950 811 4024 dejectus,
838 3951 912 4078 2¹¹⁰d
936 3957 1021 4009 verim
1046 3899 1107 4009 Rrec
1161 3955 1327 4038 episcopum
1343 3951 1532 4008 parisiensem
1549 3949 1685 4020 adquam
1705 3949 1952 4005 litteraeexecoto·

310 4019 520 4077 dernonstrant:
532 4023 634 4076 Geram
649 4021 683 4076 A.
694 4024 826 4079 certonia)
861 4023 1107 4079 terrorumrtcusirei
1162 4041 1210 4082 rue
1225 4024 1338 4080 directe
1359 4020 1480 4090 lucrant,
1497 4036 1531 4078 ex
1546 4035 1580 4077 eo
1596 4017 1671 4092 qnod
1689 4019 1844 4076 advocatus
1868 4021 1956 4091 partis

310 4105 345 4145 es
358 4091 692 4159 delecatloacltpoalolice
707 4094 819 4160 eclectio
831 4096 988 4148 verteretur·
1000 4109 1034 4150 :a
1051 4109 1107 4165 quo
1162 4095 1289 4152 adversae
1302 4093 1364 4166 ejus
1375 4100 1451 4149 esset
1462 4091 1675 4158 commensalis,
1691 4097 1797 4147 etcum
1813 4105 1870 4161 qrro
1886 4099 1955 4146 trac-

313 4161 394 4216 miles
415 4160 591 4216 t'rustratorie
618 4161 770 4232 appellavit
798 4161 833 4218 atr
861 4161 1106 4237 archiepiscopum
1161 4174 1249 4224 tatum
1265 4165 1350 4236 hujus
1368 4165 1476 4236 negotii
1493 4162 1639 4218 lrnbuerat.
1664 4159 1742 4218 Idem
1757 4162 1890 4218 statuitur
1910 4161 1956 4216 liic

313 4231 528 4296 Bituricensem,
552 4230 587 4287 ad
607 4245 774 4303 queriucap.
791 4235 871 4300 Sarra,
885 4235 918 4288 de
932 4235 1006 4306 offic.
1019 4241 1044 4292 ct
1055 4251 1104 4305 po·
1161 4237 1196 4293 de
1209 4236 1314 4309 indice,
1331 4234 1405 4306 quod
1421 4233 1456 4290 de
1479 4240 1581 4290 testea
1602 4232 1759 4291 Callistrato
1777 4231 1804 4287 in
1824 4233 1842 4288 Ι.
1865 4231 1890 4296 3,
1915 4233 1956 4287 lle

312 4305 373 4356 aar.
386 4301 450 4370 jot.
471 4301 555 4369 detep.
581 4309 610 4357 et
624 4315 686 4372 cap.
712 4303 869 4370 pastoralis
888 4304 920 4359 dc
943 4305 1016 4376 offic.
1039 4307 1105 4376 jad.
1161 4311 1249 4365 tectio.
1270 4315 1298 4363 et
1319 4306 1435 4372 Tilltiua,
1451 4309 1525 4360 erut.
1540 4319 1593 4372 pro
1613 4303 1749 4359 L.Flocco
1772 4301 1887 4358 dicitu
1914 4304 1954 4358 lte

309 4371 418 4431 oreta,
431 4371 574 4441 appellare
589 4386 645 4427 nou
662 4373 761 4443 potuit,
782 4374 847 4444 quia
869 4374 959 4447 major
981 4382 1041 4432 erat
1061 4375 1107 4435 liic
1162 4378 1334 4435 accusatoris
1356 4375 1581 4440 coriscssorilros,
1602 4374 1741 4440 convivis,
1763 4373 1952 4430 contuberna-

305 4440 397 4514 jedex
413 4440 666 4524 archiepiscopatu
682 4457 714 4498 ea
726 4458 822 4500 carisa.
838 4443 969 4502 Sederat
988 4445 1103 4504 trustra·
1160 4449 1233 4506 libos
1248 4450 1340 4504 civem
1354 4461 1388 4502 ac
1407 4447 1564 4520 supplicem
1581 4452 1708 4502 vestrum
1730 4443 1874 4500 dederitis
1896 4446 1955 4500 lloc

313 4521 383 4568 tona
402 4518 450 4568 aut
465 4520 616 4569 irroratona
633 4514 794 4584 appellatio,
820 4531 907 4572 caasa
925 4518 1104 4588 stitterscpii,
1161 4521 1223 4576 loco
1237 4518 1439 4576 commensalis
1451 4517 1526 4573 idern
1537 4522 1581 4571 est
1595 4515 1643 4587 qni
1659 4514 1764 4571 Graecis
1779 4516 1953 4578 συντράπεζος.

313 4589 343 4638 ut
362 4583 388 4637 lo
409 4583 493 4643 uitur.
510 4597 572 4654 cap.
586 4585 737 4650 directioni
751 4587 795 4653 il,
812 4587 853 4642 lle
866 4589 998 4658 appellat.
1016 4591 1105 4657 Quom
1180 4605 1245 4647 uern
1266 4590 1405 4652 σύγκλινον,
1418 4587 1445 4643 11
1462 4595 1505 4644 est
1522 4587 1692 4642 rontorctcm
1705 4597 1825 4641 vocasse
1841 4585 1954 4640 Menan-

314 4597 511 4736 appelsfationls
529 4653 669 4737 (latratum
683 4669 882 4737 agnosceres
900 4659 1103 4718 SurnrnoPon·
1160 4607 1242 4717 arom
1266 4658 1490 4726 scribit-Pollux,
1513 4657 1560 4714 lib.
1583 4659 1632 4725 Vl,
1654 4671 1717 4728 cap.
1744 4657 1773 4728 l;
1796 4654 1954 4727 llesyctrius

312 4725 387 4781 tiliae
398 4725 511 4781 otlrcralr
523 4727 691 4782 Bitorrcensl
704 4742 819 4784 causam
832 4729 958 4800 delegari
974 4731 1104 4788 obtinuit.
1160 4731 1397 4796 retroaspicere..

313 4795 468 4867 Esquilias
482 4803 593 4854 constat
608 4796 709 4854 trustra
726 4797 780 4855 troc
797 4814 859 4872 cap.
882 4799 982 4856 adduci
999 4817 1013 4857 a
1027 4802 1106 4875 111111-
