4078 6442
75 314 142 377 557

122 478 158 537 16
167 473 360 553 episcopatu
371 475 602 538 anteradensi.

120 576 158 634 In
174 573 365 652 episcopatu
374 573 590 650 l'ripolitano.

113 673 152 732 In
173 671 364 749 episcopatu
382 671 542 734 Bibliensi
557 693 564 731 ε
578 687 651 749 quae
673 670 792 732 civitas
813 670 874 732 Bi-

73 767 183 830 hlium
198 768 363 841 videlicet,
380 769 479 831 hodie
493 769 621 832 Gihalet
631 770 780 831 vocatur.

120 871 157 928 In
172 867 460 944 archiepiscopatu
472 867 641 928 Tarsensi.

119 967 157 1026 ln
172 964 460 1044 archiepiscopatu
471 964 638 1027 Edessena
651 981 658 1020 τ
672 979 745 1042 quae
756 963 874 1026 civitas

74 1063 211 1125 Edessae
220 1062 386 1136 videlicet,
401 1062 468 1126 alio
483 1063 617 1125 nomine
632 1063 753 1126 dicitur
765 1065 873 1139 Ragos

72 1160 261 1223 Medorum.

117 1261 156 1320 tn
171 1259 460 1338 archiepiscopatu
468 1259 672 1338 apamiensi.

117 1359 155 1418 In
170 1358 361 1436 episcopatu
373 1358 583 1421 valaniensi.

117 1457 154 1516 In
169 1455 457 1534 archiepiscopatu
469 1455 651 1533 Tulupensi
671 1471 679 1510 ι
697 1454 754 1532 qui
767 1454 873 1518 'etiam

72 1552 337 1630 Eliorpolitanus
352 1552 552 1630 appellatur.

116 1652 154 1711 In
169 1651 457 1728 archiepiscopatu
470 1649 632 1712 Corienzi.

119 1750 156 1810 ln
181 1748 469 1826 archiepiscopatu
491 1746 875 1810 Mamistrensi:arohie-

71 1847 203 1923 piscopi
221 1845 402 1924 supradicti
424 1847 539 1909 carent
558 1845 722 1924 episcopis
739 1846 874 1922 propter

66 1935 333 2006 destructionem
341 1943 524 2006 civitatum.

117 2041 873 2118 lnimperioConstantinopolitanoapudThes·

71 2140 259 2200 salonicam
276 2157 283 2195 :
299 2140 537 2202 Monasterium
552 2139 678 2216 Acapni
698 2138 874 2201 (1616166-

74 2238 207 2298 nuatim
218 2238 256 2298 10
266 2237 452 2315 hyperpera
466 2252 526 2315 pro
535 2252 647 2299 censu.
662 2239 773 2314 Ipsum
783 2237 872 2298 enim

72 2336 317 2397 monasterium
331 2335 483 2397 dominus
494 2335 707 2397 Innocentius
723 2337 768 2396 ΙΙΙ
781 2337 871 2411 Papa

77 2433 292 2510 pontificatus
303 2433 355 2494 sui
368 2449 455 2495 anno
466 2436 554 2505 Xiil,
566 2431 627 2494 sub
637 2432 795 2494 Ecclesiae
806 2435 874 2494 Ro-

72 2546 184 2592 manae
192 2530 596 2608 protectionerecepitsuh
604 2529 762 2607 praedicto
771 2543 873 2592 censu

74 2629 252 2690 annuatim
263 2626 433 2690 solvendo.

116 2726 212 2802 Apud
228 2723 546 2801 Constantinopolim
565 2723 737 2800 Hospitale
760 2724 873 2786 Sancti

74 2823 251 2885 samsonis
262 2821 536 2884 dehetannuatim
547 2820 705 2884 Ecclesiae
715 2824 873 2884 Romanae

71 2923 95 2981 3
110 2921 308 2998 hyperpera.

118 3018 267 3080 Ecclesia
278 3017 391 3080 Sancti
406 3017 510 3080 Marci
521 3017 689 3080 Cretensis
699 3017 796 3081 dehet
810 3034 873 3080 an-

71 3115 203 3178 nuatim
216 3115 373 3178 Ecclesiae
386 3117 544 3178 Romanae
559 3130 620 3193 pro
644 3132 747 3178 censu
770 3131 872 3178 unum

72 3215 307 3292 hyperperum.

105 3433 236 3492 Consus
249 3432 415 3495 11616666
427 3431 590 3490 Ecclesiae
603 3431 641 3490 tra
655 3431 839 3505 Hispania.

114 3609 152 3667 In
159 3604 502 3684 episcopatuElnensi:
513 3604 751 3667 Monasterium
760 3605 873 3666 Sancti

72 3703 259 3766 Martinide
274 3702 449 3773 Conizone,
464 3717 566 3762 unum
580 3701 835 3763 marabutinum.

115 3800 354 3862 Monasterium
377 3799 507 3860 Sanciae
532 3798 648 3860 Mariae
677 3797 718 3860 de
738 3801 870 3878 Campe,

70 3902 92 3960 2
109 3898 233 3959 solidos
245 3897 337 3958 illius
352 3897 504 3958 monetae.

114 3999 152 4056 in
176 3996 369 4072 episcopatu
390 3993 872 4057 Gerundensi2Monastarium

73 4094 189 4155 Sancti
204 4092 295 4155 Petri
309 4092 350 4154 de
365 4091 482 4162 Rodio,
497 4094 518 4153 2
531 4091 770 4154 marabutinos.

114 4191 354 4253 Monasterium
381 4189 494 4253 Sancti
515 4190 607 4252 Petri
622 4190 662 4251 de
674 4191 869 4263 Bisulduno‚

73 4291 96 4350 5
109 4288 234 4350 solidos
248 4286 390 4349 monetae
400 4287 646 4363 melguriensis.

113 4385 352 4447 Monasterium
368 4387 498 4446 Sanctae
511 4385 628 4447 Mariae
649 4383 873 4446 Bisuldunen-

73 4484 132 4555 616,
149 4483 305 4545 26611166
319 4482 410 4544 illius
425 4483 578 4544 monetae.

113 4581 352 4643 Monasterium
378 4579 492 4642 Sancti
515 4579 637 4641 Felicis
662 4579 703 4642 da
725 4579 870 4652 Cadinis,

74 4694 177 4739 unum
190 4677 332 4740 solidum
348 4677 439 4739 illius
454 4677 607 4739 moneta.

114 4776 353 4838 Monasterium
367 4775 497 4838 Sanctae
520 4774 637 4836 Mariae
655 4775 872 4848 Amaniensis,

75 4889 178 4936 unum
193 4873 450 4936 marabutinum.

114 4971 353 5034 Monasterium
371 4970 485 5034 Sancti
496 4969 617 5032 Felicis
637 4969 870 5044 Wisolnensis,

74 5087 177 5132 unum
186 5070 328 5133 obolum.

115 5165 872 5246 inepiscopatuvioensi:Monasteriumsancti

73 5267 236 5331 iohannis
249 5264 525 5343 Rivipollensis,3
534 5263 772 5326 marabutinos.

115 5363 354 5427 Monasterium
370 5362 484 5425 Sancti
496 5363 668 5424 Benedicti
682 5363 722 5424 de
735 5361 871 5439 Bangis,

75 5461 347 5525 Smarabutinos.

115 5559 617 5623 Monasteriumsanctaehlariae
624 5557 872 5638 Rivipollensis,

76 5663 96 5724 3
112 5657 348 5720 marabutinos.

727 317 850 379 LIBER
872 315 1082 380 CENSUUM.

1669 319 1728 379 558

971 479 1007 538 16
1036 477 1229 554 episcopatu
1260 475 1515 538 Barchilonensi
1532 498 1539 537 ι
1557 477 1726 541 Monaste-

929 575 1016 638 rium
1033 575 1146 637 Sancti
1162 574 1269 648 Pauli,
1286 591 1388 636 unum
1403 574 1660 637 marabotinum.
1714 607 1717 614 ⁴

969 674 1208 736 Monasterium
1247 675 1360 736 Sancti
1398 674 1491 735 Petri
1519 674 1723 748 Puellarum,

928 771 948 833 3
963 771 1200 834 marabutinos.

968 869 1084 932 Comes
1101 869 1372 934 Barchilonensis
1396 869 1436 932 de
1458 869 1527 933 tota
1540 870 1630 932 terra
1653 886 1724 944 sua,

929 967 1015 1030 siout
1027 969 1215 1031 continetur
1237 969 1273 1031 in
1294 969 1437 1045 registro
1462 967 1588 1031 Urbani
1612 971 1738 1047 Papae,

929 1066 1072 1143 singulis
1082 1067 1321 1144 quinquenniis
1332 1068 1373 1128 25
1396 1066 1498 1128 libras
1512 1067 1644 1143 argenti
1662 1084 1725 1145 pu-

928 1163 1063 1226 nissimi.

968 1263 1209 1325 Monasterium
1224 1263 1264 1325 de
1279 1262 1399 1334 Gratia,
1425 1279 1527 1326 unum
1542 1261 1727 1327 marabuti-

929 1376 1018 1422 num.

968 1461 1107 1522 Mansus
1122 1461 1234 1524 Sancti
1251 1460 1384 1524 Genesii
1399 1460 1439 1522 de
1453 1459 1627 1538 amigdala
1642 1462 1727 1520 Bar·
1787 1453 1789 1457 ’

928 1557 1131 1621 chilonensis
1147 1558 1312 1631 dioecesis,
1328 1560 1366 1620 12
1378 1559 1543 1620 denarios.

968 1655 1049 1716 Item
1066 1655 1337 1734 archiepiscopus
1360 1655 1619 1717 Tarraconensis
1631 1653 1727 1718 dehet

928 1751 967 1813 de
983 1753 1124 1830 quodam
1136 1754 1262 1832 praedio
1277 1753 1317 1814 da
1332 1753 1548 1827 villafranca,
1562 1755 1647 1834 quod
1663 1754 1726 1818 suit

928 1849 1125 1922 carbonelli,
1143 1850 1414 1927 3marabutinos,
1436 1853 1468 1916 et
1484 1855 1534 1914 est
1549 1853 1582 1914 in
1596 1854 1726 1932 episco-

927 1946 1006 2024 patu
1020 1947 1282 2012 Barchilononsi.

967 2047 1005 2107 Iu
1039 2047 1231 2124 episcopatu
1266 2048 1427 2111 Ilerdensi
1454 2073 1461 2110 :
1487 2052 1726 2113 Monasterium

929 2142 1041 2205 Sancti
1069 2145 1265 2219 Victoriani,
1290 2146 1460 2208 dimidiam
1483 2150 1616 2210 unciam
1636 2152 1722 2212 auri.

968 2243 1005 2302 ln
1042 2242 1235 2320 episcopatu
1276 2245 1414 2307 Oscensi
1448 2261 1455 2300 :
1485 2249 1725 2310 Monasterium

929 2339 1041 2402 Sancti
1068 2339 1231 2403 Johannis
1260 2339 1300 2404 de
1323 2343 1441 2418 Pinna,
1468 2360 1568 2406 unam
1591 2347 1724 2408 unciam

927 2437 1013 2499 auri.

967 2535 1206 2599 Monasterium
1223 2539 1336 2601 Sancti
1349 2539 1440 2602 Petri
1453 2539 1493 2602 de
1508 2541 1614 2614 Lasis,
1632 2541 1725 2604 dimi-

927 2634 1016 2696 diam
1030 2634 1162 2696 unciam
1177 2635 1262 2696 auri.

968 2731 1116 2794 Ecclesia
1131 2733 1295 2808 Oscensis,
1308 2734 1479 2798 dimidiam
1490 2737 1622 2800 unciam
1636 2739 1723 2800 auri.

968 2831 1135 2894 canonica
1159 2831 1282 2894 Montis
1306 2837 1510 2910 Aragonum,
1537 2853 1636 2898 unam
1658 2853 1725 2898 un-

949 2932 955 2946 '
1029 2927 1114 2990 auri.

928 2947 1014 3073 main]
1031 3009 1225 3090 episcopatu
1252 3011 1440 3086 Urgellensi
1458 3028 1465 3068 ι
1482 3013 1723 3076 Monasterium

929 3109 1041 3172 Sancti
1058 3108 1230 3171 Saturnini
1257 3123 1318 3186 per
1343 3109 1487 3186 spatium
1511 3112 1637 3188 septem
1663 3127 1727 3174 au-

927 3225 1056 3282 uorum,
1074 3223 1173 3269 unam
1186 3207 1305 3269 libram
1318 3208 1459 3284 argenti.

967 3306 1115 3369 Ecclesia
1127 3305 1341 3382 aggerensis,
1358 3305 1629 3369 3marahutinos.

967 3403 1116 3466 Ecclesia
1132 3403 1262 3466 Sanctae
1275 3403 1390 3464 Mariae
1416 3405 1633 3480 Urgellensis‚
1650 3423 1723 3484 quae

928 3502 978 3563 esi
992 3499 1204 3571 cathedralis,
1222 3515 1323 3560 unam
1338 3499 1472 3561 unciam
1484 3501 1570 3561 auri.

967 3597 1115 3660 Ecclesia
1126 3596 1312 3667 (terrensis
1327 3612 1427 3656 unam
1434 3597 1566 3658 unciam
1583 3600 1723 3675 argenti.

968 3693 1170 3772 Praepositae
1185 3693 1225 3754 de
1240 3693 1357 3763 Muris,
1371 3697 1392 3755 2
1406 3694 1542 3755 solidos.

968 3791 1183 3872 Raymundus
1195 3791 1377 3853 Guillielmi
1389 3791 1507 3853 obtulit
1515 3792 1611 3855 beato
1625 3794 1724 3857 Petro

927 3893 992 3956 duo
1012 3892 1132 3954 castra.
1159 3891 1268 3952 Unum
1288 3889 1410 3951 dicitur
1429 3889 1593 3952 Laborola
1616 3893 1726 3954 :alte-

926 4007 1001 4053 rum
1013 3988 1189 4062 Taltavult,
1207 3987 1266 4049 s'uh
1282 3987 1442 4066 pensione
1457 3989 1599 4066 quatuor
1613 3992 1725 4052 uncia-

927 4107 1000 4152 rum
1016 4089 1101 4151 auri.
1506 4099 1507 4102 ’

966 4186 1206 4250 Monasterium
1240 4183 1354 4246 Sancti
1378 4185 1470 4246 Petri
1494 4183 1534 4246 de
1563 4181 1736 4263 Portella,*

927 4303 1027 4348 unam
1041 4287 1174 4346 unciam
1189 4283 1329 4358 argenti.

967 4383 1109 4446 illustris
1120 4397 1181 4443 rex
1192 4384 1383 4457 aragonum
1396 4396 1455 4459 pro
1468 4379 1536 4444 toto
1547 4374 1651 4459 regno
1665 4400 1724 4448 suo

927 4482 1068 4560 singulis
1083 4481 1192 4552 annis,
1206 4481 1266 4540 250
1281 4477 1395 4542 obolos
1408 4480 1495 4540 auri.

961 4576 1430 4658 inepiscopatuTirasonensi:
1440 4575 1587 4640 Ecclesia
1595 4579 1725 4643 Sanctae

927 4679 1043 4742 Mariae
1054 4678 1118 4740 sita
1132 4677 1168 4738 in
1180 4676 1290 4738 castro
1305 4674 1453 4747 Tutellae,
1467 4676 1635 4738 aeolides.

967 4779 1004 4840 In
1028 4775 1220 4855 episcopatu
1250 4772 1499 4850 Pampilonensi
1521 4790 1528 4828 ε
1554 4774 1728 4851 Hospitale

929 4875 1058 4940 Sanctae
1070 4873 1187 4935 Mariae
1198 4875 1315 4935 Rocoae
1330 4870 1372 4930 de
1381 4869 1486 4942 Valla,
1502 4886 1604 4932 unum
1619 4887 1727 4935 mara·

926 4974 1089 5038 hutinum.

1072 5107 1128 5169 nv
1145 5103 1296 5167 naono
1318 5103 1570 5164 casnetum.
1603 5089 1608 5101 '

967 5267 1246 5346 archiepiscopus
1279 5262 1458 5326 Toletanus
1491 5279 1552 5341 pro
1586 5264 1727 5329 ecclesia

930 5368 1042 5431 Sancti
1074 5363 1252 5436 servandi,
1291 5363 1330 5424 15
1357 5360 1601 5423 marabutinos.
1635 5363 1725 5426 Idem

928 5465 1199 5543 archiepiscopus
1221 5475 1281 5539 pro
1305 5459 1447 5522 ecclesia
1475 5459 1589 5522 Sancti
1616 5463 1725 5537 Cerni,

930 5568 968 5628 15
982 5563 1107 5628 solidos
1133 5560 1315 5639 pipionum,
1344 5557 1400 5637 qui
1420 5557 1566 5620 valent2
1587 5559 1728 5623 alfonsi-

930 5681 1001 5726 1108.
