4090 6426
240 289 244 299 ‘
266 273 327 368 tta

288 463 406 524 Sancti
426 467 529 526 Patri
551 468 635 538 Vtut,
651 470 775 528 Senon.
796 469 909 530 abbati
931 466 980 549 (a)
1003 471 1036 530 at

564 566 763 626 Conacrttnt.

566 778 703 840 CAPUT
723 780 764 838 11.

308 924 486 1000 Cupiditati
499 928 726 1003 quorumdam,
748 929 805 1005 qui
818 927 914 1005 quasi
934 928 1061 990 colum-

266 1015 370 1077 basin
383 1019 504 1096 templo
516 1021 695 1083 vendentes
708 1022 818 1084 iacere
837 1023 944 1085 solent
960 1039 1062 1083 exac-

268 1113 1062 1197 tionasatextorsionesturpesetpravasprooon·

269 1213 508 1276 sacrationibus
523 1217 764 1293 episcoporum,
775 1216 1060 1280 benedictionibus

270 1308 423 1372 abbatum
436 1314 469 1375 et
485 1313 749 1398 ordinationibus
764 1314 972 1386 clericorum,
984 1331 1062 1392 pra-

269 1407 600 1487 vitatemhnjusmodi
610 1411 808 1473 intendendo
817 1411 993 1473 defendere
1004 1427 1064 1489 per

270 1507 542 1569 consuetudinem
555 1509 653 1585 longo
667 1511 815 1586 tempore
841 1508 1060 1583 observatam,

271 1601 339 1662 tam
352 1603 387 1662 in
400 1605 627 1691 lateranensi,
645 1623 743 1682 quam
758 1607 793 1667 in
808 1607 958 1682 generali
977 1608 1064 1668 Con-

273 1698 350 1760 cilio
363 1697 425 1762 suit
437 1701 615 1764 salubriter
627 1702 810 1776 obviatum,
826 1703 1064 1766 consuetudine

274 1794 475 1874 hujusmodi,
497 1815 570 1876 quae
591 1799 779 1877 corruptela
803 1800 909 1876 magis
926 1800 1063 1862 dicenda

273 1891 334 1964 est,
350 1892 482 1969 penitus
502 1894 690 1971 reprobata,
706 1895 740 1956 et
767 1895 899 1968 statuta,
915 1897 951 1958 ut
967 1911 1064 1958 namo

274 2003 333 2064 pro
354 1985 408 2050 his
422 1991 493 2052 siva
514 1991 734 2067 conterendis,
753 1993 824 2056 siva
837 1993 978 2066 collatis,
1001 1993 1066 2054 ali-

272 2085 350 2163 quid
363 2103 569 2166 quocumqua
586 2090 750 2166 praetextu
768 2090 914 2166 exigere,
931 2092 989 2152 aut
1000 2105 1064 2152 ex-

265 2183 429 2260 torquere
454 2189 644 2262 praesumat.
674 2188 742 2248 Nos
764 2187 868 2263 igitur
894 2187 1066 2264 utriusque

272 2283 407 2344 concilii
431 2283 719 2346 constitutionibus
742 2284 954 2358 inhaerentes
980 2301 1065 2346 auc·

273 2380 407 2442 toritate
422 2373 634 2457 praesentium
647 2382 787 2444 tirmiter
802 2381 1007 2458 inhibemus3
1024 2399 1066 2443 na

273 2477 348 2554 quis
387 2493 447 2555 pro
478 2478 718 2552 benedictione,
746 2479 817 2541 siva
840 2479 1066 2542 installatione

273 2574 439 2647 abbatum,
470 2575 527 2652 qui
542 2575 582 2636 nd
598 2577 790 2639 monasterii
802 2577 905 2639 vestri
918 2577 1066 2653 regimen

273 2671 397 2733 tuerint
410 2673 600 2735 assumendi
612 2677 790 2750 praesumat
801 2674 926 2752 aliquid
941 2690 961 2735 a
973 2665 1066 2736 vobis

275 2769 410 2856 exigere
431 2771 489 2833 aut
506 2771 670 2851 praetextu
687 2775 882 2849 cujusquam
895 2773 1067 2834 consuetu·

274 2866 362 2927 dinis
377 2869 590 2944 extorquere,
607 2869 701 2930 vobis
715 2869 933 2930 nihilomiuus
955 2869 1069 2930 indul-

274 2963 400 3038 gentes,
414 2981 456 3025 ne
470 2965 654 3042 quidiuviti
666 2966 707 3028 ob
720 2982 838 3028 causas
853 2966 933 3028 dara
953 2967 1069 3028 tenea-

275 3060 357 3120 mini
372 3062 589 3138 supradictas.

472 3240 682 3308 pastoriam
702 3243 867 3317 episcopo.

564 3427 702 3488 CAPUT
723 3428 779 3488 111.

313 3559 362 3619 Ad
386 3559 533 3621 nostram
559 3558 691 3621 novaris
719 3555 1071 3636 audientiam'parve-

277 3655 379 3729 uisse,
410 3656 495 3733 quod
525 3672 625 3735 quum
657 3657 737 3719 olim
760 3657 848 3719 inter
872 3657 1070 3718 conventum

276 3755 471 3816 monasterii
492 3754 605 3816 Sancti
628 3755 862 3817 Bartholomaei
887 3755 1071 3815 Pistorien-

278 3851 326 3911 sis
352 3853 509 3929 exparte
536 3867 613 3924 una,
643 3853 676 3913 et
701 3849 749 3931 (b)
777 3851 928 3914 abbatam
964 3852 1070 3913 sancti

273 3950 412 4011 Joannis
427 3949 617 4011 Parmensis
632 3965 675 4009 ex
689 3948 805 4023 altera,
821 3964 920 4026 super
935 3964 974 4010 eo
984 3948 1070 4026 quod

274 4047 383 4108 dictus
407 4046 508 4108 abbas
534 4045 709 4123 praelatum
734 4046 971 4107 monasterium
1006 4045 1071 4106 sibi

276 4143 411 4205 subesse
437 4143 577 4212 dicabat,
600 4159 712 4205 coram
735 4141 1023 4220 archipresbytero
1039 4144 1072 4205 et

253 4238 505 4317 ,conjudicibus
536 4239 605 4300 suis
646 4238 843 4300 auctoritate
882 4237 1070 4316 apostolica

276 4336 416 4413 quaestio
465 4337 667 4410 verteretur3
717 4336 905 4397 nominatus
953 4336 1066 4410 abbas,

278 4433 440 4512 pendente
480 4433 539 4494 lita
581 4449 692 4494 coram
732 4433 899 4510 judicibus
944 4450 1071 4496 memo-

278 4532 371 4603 ratis,
395 4545 491 4591 omne
519 4532 576 4607 jus
609 4530 694 4607 quod
730 4530 900 4593 asserebat
920 4532 955 4592 in
983 4548 1072 4610 prae-

278 4628 366 4690 dicto
407 4628 608 4688 monasterio
651 4643 686 4688 sa
722 4627 860 4702 habere,
902 4645 942 4691 ac
982 4615 1093 4691 idam

274 4725 514 4790 monasterium
539 4724 599 4787 tibi
629 4725 668 4786 de
688 4724 786 4798 iactu,
809 4744 908 4803 quum
936 4727 1071 4804 dejure

277 4841 343 4890 uon
378 4824 489 4902 posset
523 4823 611 4885 sicut
651 4824 822 4898 convenit,
857 4839 924 4885 non
959 4825 1094 4896 atten-¹

885 309 1060 372 HONORII
1082 311 1128 371 Ill
1148 311 1296 372 OPERA.

1862 307 1933 365 344

1113 469 1306 546 quantitate,
1322 467 1357 528 in
1379 467 1539 543 ipsorum,
1560 467 1593 527 et
1607 464 1757 543 ejusdam
1771 479 1920 525 monas-

1112 565 1188 627 terii
1203 565 1433 644 praeJudicium
1454 579 1521 625 non
1547 563 1712 624 modicum
1734 563 1767 625 et
1784 576 1921 638 grava-

1114 679 1199 724 men.
1222 662 1435 724 Postmodum
1455 677 1535 722 varo
1558 661 1605 733 tu,
1630 659 1719 720 unda
1744 659 1917 720 miramur

1114 759 1292 838 plurimum
1313 761 1345 822 et
1374 774 1555 831 movemur,
1581 772 1647 818 non
1675 757 1913 825 considerans,

1114 874 1189 919 cum
1208 859 1333 936 quauta
1348 857 1523 920 severitate
1538 855 1696 917 Dominus
1717 854 1759 914 da
1782 853 1916 930 templo

1115 954 1280 1032 expulerit
1293 953 1474 1016 vendentes
1490 951 1616 1030 pariter
1629 952 1663 1014 et
1680 950 1838 1022 ementes,
1851 966 1917 1010 oc-

1115 1051 1249 1114 casione
1271 1051 1460 1131 hujusmodi
1475 1049 1675 1112 venditionis
1694 1065 1714 1109 a
1735 1048 1917 1126 praemisso

1115 1151 1278 1211 conventu
1297 1148 1495 1228 juratoriam
1510 1149 1544 1209 at
1565 1144 1807 1223 fidejussoriam
1825 1161 1913 1206 cau-

1114 1245 1238 1309 tionem
1262 1263 1322 1326 per
1336 1245 1527 1308 violentiam
1541 1243 1722 1315 extorsisti,
1738 1243 1775 1305 ut
1786 1241 1913 1304 vendi-

1115 1345 1238 1406 tionem
1255 1344 1362 1405 ratam
1387 1341 1548 1404 haberant
1570 1341 1730 1411 eamdam,
1747 1341 1780 1402 at
1795 1339 1919 1400 contra

1116 1458 1190 1504 eam
1205 1442 1245 1503 de
1258 1441 1367 1503 cetero
1382 1455 1448 1502 non
1462 1439 1624 1510 venirent,
1641 1438 1677 1500 in
1690 1437 1814 1514 eosqui
1828 1451 1917 1497 con-

1116 1539 1168 1601 tra
1189 1538 1412 1601 venditionem
1436 1537 1542 1616 ipsam
1569 1535 1733 1607 venirent,
1749 1548 1810 1594 seu
1828 1549 1925 1594 con-

1117 1636 1240 1710 silium,
1254 1637 1307 1699 rel
1325 1635 1487 1696 auxilium
1513 1649 1613 1710 super
1636 1632 1699 1694 boc
1720 1630 1924 1694 conterrent

1117 1733 1253 1808 eisdem,
1270 1731 1621 1795 excommunicationis
1645 1729 1843 1792 sententiam
1858 1727 1914 1788 te-

1118 1833 1270 1895 meritate
1293 1831 1428 1909 propria
1442 1826 1693 1907 promulgando.
1714 1829 1823 1899 Quare
1848 1823 1916 1884 suit

1119 1930 1214 1992 nobis
1229 1929 1399 1990 humiliter
1414 1924 1644 2004 supplicatum,
1672 1925 1708 1986 ut
1723 1923 1809 1985 sicut
1822 1939 1913 1983 ren-

1119 2027 1277 2090 ditionam
1293 2025 1398 2087 sancti
1415 2024 1548 2086 Thomae
1569 2021 1794 2092 Pistoriensis,
1811 2020 1862 2080 sic
1882 2020 1915 2080 at

1119 2126 1216 2187 istam
1245 2123 1378 2185 irritare
1402 2121 1661 2182 misericorditer
1686 2118 1913 2194 dignaremur.

1120 2223 1189 2283 Nos
1222 2236 1301 2296 ergo
1330 2217 1529 2280 fraternitati
1558 2216 1624 2278 tuae
1651 2215 1780 2276 deterre
1805 2227 1917 2291 quan-

1119 2320 1276 2381 tumcum
1291 2320 1370 2389 bea,
1396 2315 1428 2377 et
1451 2314 1624 2377 honestate
1651 2328 1826 2391 possumus
1850 2327 1916 2372 cu-

1120 2417 1259 2494 pientes,
1282 2415 1450 2476 devotioni
1473 2415 1539 2475 tusa
1560 2411 1766 2482 mandamus,
1791 2409 1913 2487 quate-

1120 2530 1184 2575 nus
1197 2513 1249 2574 his
1264 2527 1337 2590 quae
1350 2527 1409 2589 par
1422 2512 1455 2572 tc
1470 2511 1579 2572 minus
1589 2507 1725 2586 provide
1737 2507 1824 2568 iacta
1838 2506 1916 2566 sunt

1121 2612 1156 2672 in
1170 2610 1234 2672 hac
1246 2611 1339 2688 parte
1347 2609 1522 2680 revocatis,
1532 2605 1668 2684 provide
1679 2621 1738 2683 per
1750 2605 1779 2666 te
1789 2603 1911 2680 ipsum,

1122 2707 1316 2786 saepefatum
1352 2707 1553 2769 conventum
1590 2719 1610 2764 a
1640 2701 1852 2780 juramentis
1880 2700 1914 2760 et

1121 2806 1333 2883 fidejussores
1359 2819 1474 2866 aarum
1497 2819 1517 2864 a
1538 2797 1806 2880 fidejussionibus
1831 2811 1915 2874 quas

1122 2903 1164 2965 ab
1178 2903 1260 2982 ipsis
1275 2903 1409 2981 propter
1430 2901 1492 2964 hoc
1513 2899 1634 2960 diceris
1658 2896 1839 2959 extorsisse
1852 2893 1914 2954 ab-
1989 2931 1992 2938 ι

1123 3003 1254 3064 solvens
1269 3001 1411 3080 penitus,
1439 2999 1473 3060 al
1492 2997 1663 3075 praefatam
1682 2991 1914 3057 excommuni-

1124 3100 1263 3161 cationis
1280 3097 1477 3163 sentantiam
1497 3096 1570 3156 sine
1588 3093 1734 3174 qualibet
1758 3090 1917 3152 dilatione

1123 3213 1163 3258 ac
1193 3195 1387 3257 difficultate
1412 3192 1584 3265 relaxans,
1612 3191 1702 3269 ipsos
1742 3187 1917 3252 occasione

1124 3292 1312 3373 hujusmodi
1327 3292 1368 3355 da
1383 3293 1492 3354 cetero
1505 3305 1571 3352 non
1584 3289 1749 3350 molestes.

1375 3501 1588 3592 TITULUS
1622 3501 1664 3588 II

1364 3723 1409 3770 ns
1433 3701 1680 3784 uaa1sra1s(l)

1429 3911 1566 3972 CAPUT
1587 3911 1612 3970 1.

1166 4053 1465 4135 superspecula,ct
1480 4047 1748 4128 trasco(c).Quum
1758 4045 1916 4124 itaqueda

1125 4153 1266 4229 singulis
1281 4149 1461 4229 provinciis
1476 4147 1596 4225 puellae
1620 4145 1779 4222 speciosae
1794 4161 1834 4205 ac
1848 4145 1917 4205 vir-

1124 4253 1219 4328 gines
1235 4267 1293 4327 pro
1308 4263 1387 4324 rege
1401 4252 1556 4314 Assuaro,
1573 4243 1630 4321 qui
1649 4241 1817 4304 beatitudo
1832 4241 1916 4302 dici-

1124 4350 1190 4421 tur,
1206 4364 1266 4426 par
1280 4345 1421 4408 ancillas
1440 4343 1546 4420 quaeri
1569 4339 1721 4412 debeant,
1747 4339 1780 4400 et
1801 4338 1917 4399 adduci

1125 4447 1166 4508 ad
1180 4461 1290 4506 arcam
1305 4444 1338 4505 et
1352 4441 1473 4503 moenia
1486 4437 1642 4510 civitatis,
1659 4439 1692 4500 et
1713 4451 1771 4513 per
1785 4451 1915 4496 manum

1125 4543 1228 4620 aggei
1257 4541 1415 4603 mundum
1441 4534 1637 4599 muliebrem
1670 4535 1832 4610 accipere,
1859 4547 1917 4593 ue-

1126 4640 1347 4702 cessariorum
1364 4635 1520 4698 videlicet
1539 4631 1731 4694 fulcimenta
1746 4652 1753 4690 ε
1766 4630 1916 4692 volumus

1125 4740 1159 4802 et
1173 4737 1367 4800 mandamus
1389 4735 1425 4795 ut
1439 4733 1596 4794 statutum
1611 4731 1646 4790 in
1662 4727 1809 4790 Concilio
1818 4741 1918 4802 gena-

1124 4837 1189 4899 rali
1204 4834 1244 4896 de
1259 4832 1427 4908 magistris
1439 4829 1603 4903 theologis
1616 4841 1675 4903 par
1688 4823 1836 4900 singulas
1850 4837 1917 4883 me-

275 4923 356 4984 oens
371 4921 457 5000 quoa
471 4921 708 4994 ecclesiastica,
724 4937 763 4982 ac
778 4922 980 4983 monasteria
1000 4922 1071 4982 dis·
1124 4932 1270 5010 tropoles
1294 4928 1478 4992 statuendis
1507 4924 1745 4988 inviolabiliter
1764 4921 1916 4983 observe-

275 5019 364 5082 tiahi
375 5020 540 5097 nequeant
555 5019 627 5080 Sine
638 5019 720 5082 VitiO
738 5019 1070 5096 Sim0ssiae›t³¹¹<lu²¹111
1092 5023 1093 5034 ’
1125 5027 1565 5106 tur3dacernentesinsupar
1576 5023 1616 5084 de
1631 5021 1770 5084 consilio
1782 5019 1916 5080 fratrum

275 5118 342 5180 iile
376 5117 502 5200 aliquid
531 5133 590 5199 pro
615 5117 706 5178 Gesta
743 5116 892 5178 vendidit
921 5117 1070 5194 POOUssiae
1124 5131 1312 5192 nostrorum
1337 5141 1376 5188 ac
1405 5123 1554 5186 districte
1581 5117 1806 5200 praecipiendo
1827 5131 1919 5176 man-

311 5312 351 5385 (α)
364 5312 466 5370 Abbati
484 5313 512 5369 S.
525 5312 603 5368 Petri
617 5311 690 5368 l'ioi.
708 5309 869 5378 Hulderico,
886 5310 931 5368 vcl
943 5311 1068 5384 llugoni,
1161 5304 1199 5379 (b)
1215 5305 1348 5384 Attaleia
1360 5301 1388 5358 S.
1404 5298 1524 5357 Joorinis
1538 5296 1711 5379 baratensis.
1728 5292 1853 5377 delebris
1870 5293 1916 5350 ab·

274 5383 424 5443 abbatibus
451 5381 535 5457 liujus
561 5381 729 5440 nobilissimi
759 5383 938 5446 Monostcrii,
964 5382 1071 5440 ordinis
1125 5377 1200 5434 batia
1227 5377 1395 5432 incivitate
1419 5368 1621 5453 darmensis.
1647 5369 1766 5424 loannis
1787 5367 1922 5437 binago.

275 5459 308 5542 sy..
326 5453 482 5536 Benedicti,
506 5452 615 5510 tundali
636 5467 710 5540 annno
728 5453 794 5535 litii,
816 5451 1069 5534 allioodacbilde.
1123 5449 1206 5516 listoe,
1223 5441 1650 5567 ordiuissanctidugusum.¹
1805 5509 1810 5518 Ι
1859 5509 1863 5517 Ι

275 5530 310 5584 tr
324 5526 359 5608 da
383 5527 510 5584 ltlrraum
535 5538 598 5595 cap.
625 5525 669 5588 to,
696 5524 806 5604 Oricia.
824 5523 975 5606 'benedict
1003 5525 1070 5591 Qua
1161 5518 1203 5590 (l)
1223 5517 1261 5576 Ca
1275 5519 1398 5614 titre'esl
1411 5512 1437 5568 le
1454 5511 1484 5611 4⁰.
1495 5525 1534 5592 ‚e
1556 5511 1583 5591 la
1601 5522 1699 5578 prima
1714 5507 1920 5578 compilationi

274 5593 896 5738 taillia?lataattuatii
914 5609 942 5652 ¹⁰
957 5609 1020 5669 ⁶⁰¹³·
1034 5595 1071 5661 ‘³⁴¹
1124 5583 1732 5738 ¹⁶ttllitatttt’aulllan,
1746 5649 1843 5706 unam
1857 5663 1916 5722 ap.
