4076 6420
45 295 116 358 nas
683 288 729 350 nu
751 287 900 350 aarum
919 287 1088 350 mooun.
1650 297 1711 362 730

49 451 240 517 evademus
270 449 467 514 sententiam
500 447 634 512 aeterne
662 447 853 511 damnatio·
908 448 1057 527 tampore
1077 449 1242 514 metamus
1264 446 1388 512 bonum
1412 449 1498 530 quod
1522 454 1707 520 seminari-

46 553 117 614 nis.
150 550 199 613 Ad
227 550 359 614 reniam
381 547 625 620 inveniendam,
649 547 739 625 quia,
769 546 855 608 sicut
909 562 994 608 mus.
1010 548 1157 611 Vocatur
1177 548 1288 610 autern
1310 548 1437 626 primus
1452 552 1549 627 panis
1563 555 1708 616 carnalis

46 653 189 728 Moyses
213 647 433 727 quadraginta
461 646 576 708 diebus
597 647 755 724 jejunans
785 645 853 706 im·
909 645 962 706 vol
984 647 1179 722 corporalis,
1202 647 1368 708 secundus
1385 646 1571 723 rationalis,
1587 651 1708 714 tertius

46 747 200 826 patravit
235 747 367 808 veniam
397 745 534 823 populo,
562 744 610 807 ita
635 759 697 806 nos
725 742 856 806 obtine-
909 741 1105 819 spiritualis.
1129 743 1171 805 Hi
1194 745 1271 806 sunt
1290 759 1393 823 panes
1414 747 1483 824 qui,
1497 749 1626 825 quoties
1648 750 1709 811 de-

46 847 166 908 bimus
191 845 324 908 veniam
357 842 567 923 peccatorum
598 843 787 908 nostrorum
819 842 855 902 in
909 841 997 914 sunt,
1021 843 1123 905 aDeo
1149 844 1320 921 quaerendi
1343 846 1430 907 sunt.
1450 845 1569 908 Merito
1596 847 1708 910 autem

48 943 120 1005 hoc
152 940 431 1020 quadragesimali
460 940 599 1019 jejunio.
634 940 683 1002 Ad
713 940 855 1017 gratiam
909 939 977 1002 tres
988 940 1194 1016 queruntur,
1205 941 1284 1018 quia
1292 942 1362 1002 tres
1371 941 1707 1022 reficiendireniunt3

50 1039 335 1117 consequendam,
350 1039 429 1116 quia
450 1039 536 1100 sicut
557 1037 667 1114 angeli
681 1037 855 1100 ministra·
910 1038 1022 1100 anima
1036 1039 1133 1116 quasi
1147 1038 1211 1112 vir,
1223 1055 1301 1102 caro
1313 1041 1408 1117 quasi
1421 1044 1556 1119 conjux,
1571 1043 1708 1118 spiritus

49 1135 324 1199 veruntDomino
333 1137 407 1214 post
412 1135 578 1214 jejunium
587 1134 854 1202 attentationem.
910 1136 1001 1199 velut
1025 1136 1200 1214 utriusque
1225 1138 1437 1200 vernaculus.
1463 1140 1504 1202 nt
1527 1139 1709 1202 notandum

50 1235 104 1297 ita
130 1236 163 1297 et
186 1235 321 1312 peracto
337 1234 467 1311 jeJ'unio
488 1233 599 1310 angeli
620 1231 857 1294 ministrabunt
911 1233 996 1310 quod
1009 1249 1075 1294 non
1086 1234 1148 1295 ait:
1166 1237 1222 1306 da,
1245 1239 1305 1296 sed
1329 1237 1506 1298 commoda
1530 1235 1613 1298 mihi
1636 1237 1705 1298 tres

51 1333 156 1394 nobis
191 1331 407 1395 invisibiliter
439 1332 581 1409 gratiam
617 1331 775 1392 divinem.
806 1330 855 1392 Ad
910 1343 1014 1404 panes
1029 1329 1125 1406 quasi
1138 1329 1342 1403 redditurus,
1359 1331 1437 1408 quia
1452 1332 1609 1394 sacerdos
1623 1348 1706 1409 peo-

51 1430 200 1508 gloriam
213 1429 477 1508 promerendam,
495 1429 573 1508 quia
595 1429 682 1490 sicut
697 1427 856 1490 Dominus
910 1426 1016 1488 satori
1046 1427 1268 1490 convertendo
1291 1427 1389 1491 debet
1412 1428 1544 1505 qunidem
1565 1430 1709 1507 gratiam

53 1528 216 1606 apparuit
230 1526 402 1605 discipulis
412 1527 482 1588 suis
492 1527 566 1604 post
577 1525 856 1588 resurrectionem
910 1523 1070 1586 divinitus
1091 1525 1285 1602 impetrare,
1301 1525 1444 1588 fructum
1458 1541 1539 1590 roro
1561 1527 1709 1605 ejusdem

52 1640 118 1704 per
131 1625 202 1687 dies
217 1624 446 1702 quadraginta,
461 1623 509 1686 ita
525 1623 698 1702 apparebit
712 1621 807 1686 nobis
821 1622 856 1684 in
910 1621 1028 1698 gratian
1040 1637 1107 1683 non
1122 1623 1196 1696 sibi,
1213 1623 1271 1684 sed
1286 1626 1354 1686 Deo
1368 1622 1506 1686 reterre.

50 1724 121 1784 boc
133 1723 262 1801 jejunio
280 1721 499 1784 illuminando
514 1721 615 1784 corda
629 1722 754 1784 nostra.
951 1720 1031 1781 Sine
1046 1719 1204 1782 aviditate
1218 1742 1226 1796 3
1243 1721 1322 1798 quia
1334 1723 1442 1798 major
1456 1721 1554 1798 culpa
1569 1719 1620 1783 est
1634 1737 1711 1784 cum

96 1821 233 1882 Modum
257 1819 469 1882 considerare
499 1818 667 1892 debemus,
683 1817 857 1880 comedere
911 1833 1032 1894 magno
1060 1817 1224 1880 desiderio
1256 1819 1430 1881 comedere
1462 1818 1572 1880 cibum
1596 1819 1709 1894 vilem,

54 1933 134 1980 curn
152 1933 309 1980 mensura
332 1918 405 1980 sine
428 1917 597 1991 ariditate,
619 1917 692 1979 sine
715 1915 854 1992 deliciis,
911 1931 1010 1993 quarn
1042 1915 1115 1978 sine
1149 1915 1369 1978 delectatione
1396 1917 1589 1994 pretiosum.
1616 1918 1713 1980 Unde

53 2018 92 2078 et
104 2031 173 2078 non
188 2017 265 2078 ante
278 2017 408 2078 boram.
423 2017 504 2078 Cum
518 2031 685 2094 mensura,
694 2015 771 2094 quia
789 2029 857 2077 non
911 2013 1025 2074 Helias
1037 2013 1180 2076 comedit
1191 2029 1311 2091 panem
1321 2014 1356 2075 et
1370 2029 1505 2076 carnem
1515 2014 1587 2076 sine
1600 2015 1709 2093 culpa,

52 2113 216 2176 debemus
238 2115 421 2188 comedere,
438 2114 504 2176 nisi
519 2113 561 2176 ad
582 2113 856 2176 sustentationem
911 2110 1009 2183 idest,
1026 2110 1098 2172 sine
1112 2110 1288 2186 aviditat03
1303 2111 1336 2172 et
1345 2112 1434 2172 Esau
1446 2127 1506 2188 per
1517 2110 1711 2174 lenticulam

53 2213 219 2290 corporis,
237 2213 315 2290 quie
330 2213 451 2274 diffusa
466 2211 660 2275 commeatio
676 2211 785 2290 portat
798 2211 858 2272 im-
910 2207 1074 2270 vendidit·
1085 2207 1307 2284 primogenita
1335 2224 1407 2282 sua,
1433 2208 1531 2282 idest,
1548 2209 1709 2274 honorem

53 2309 283 2388 pedimentum
298 2310 618 2389 corporietanimae,
632 2308 858 2388 quiapropter
911 2305 1221 2382 primogenitorum.
1233 2307 1321 2366 Esau
1332 2305 1499 2382 significat
1508 2307 1642 2382 gulosos
1654 2308 1712 2386 qni

54 2408 198 2470 nimiam
225 2409 434 2472 saturitatem
463 2409 560 2471 multi
589 2405 801 2469 infirmantur
825 2404 859 2467 et
911 2403 1058 2465 rendunt
1081 2403 1303 2480 primogenita
1326 2419 1388 2466 sua
1415 2420 1474 2482 per
1504 2405 1709 2481 lenticulam,

55 2506 162 2568 etiam
198 2507 396 2568 moriuntur.
433 2507 529 2569 Unde
563 2504 817 2568 Ecclesiasticus
847 2523 855 2564 ε
912 2500 991 2578 quia
1005 2500 1179 2576 negligunt
1188 2501 1349 2563 bonorem
1363 2502 1485 2564 anima
1501 2503 1534 2565 et
1547 2504 1710 2581 corporis,

55 2605 401 2679 Proptercrapulcm
411 2605 513 2666 multi
523 2604 859 2678 perieranaqataa-
912 2599 948 2660 ut
971 2597 1180 2661 satisfaciant
1201 2599 1322 2662 ventri.

57 2703 131 2764 tem
151 2704 325 2764 abstinens
349 2702 402 2763 est
424 2701 561 2774 adjiciet
584 2701 694 2763 ettam
715 2699 855 2780 (Eccles.
951 2697 1033 2758 Sine
1047 2697 1195 2774 deliciis;
1212 2698 1290 2775 quia
1308 2698 1523 2776 reprehendit
1538 2699 1712 2777 Scriptura

55 2816 199 2872 xxxvn,
226 2798 292 2878 34),
317 2799 419 2867 idest,
449 2798 626 2860 accrescet.
659 2796 753 2860 Unde
783 2795 858 2860 Joel
912 2794 1050 2856 delicias
1064 2795 1187 2867 carnis,
1202 2796 1290 2858 sicut
1310 2797 1361 2858 est
1382 2796 1417 2857 in
1437 2795 1538 2859 diuite
1555 2797 1613 2875 qui
1629 2812 1714 2874 epu·

56 2897 223 2977 propbeta
239 2919 247 2957 r
262 2897 481 2970 Sanctificate
496 2899 672 2969 jejunium
697 2893 795 2975 (ioel.
818 2909 855 2969 rr,
912 2892 1044 2954 labatur
1053 2893 1199 2971 quotidie
1211 2893 1392 2971 splendide.
1404 2895 1479 2956 Non
1490 2895 1567 2958 ante
1577 2894 1710 2972 horam;

58 2994 125 3074 15).
139 2993 310 3071 Jejunium
323 2993 532 3056 sanctificare
547 2993 686 3056 estcum
700 3007 857 3056 mensura
912 2991 990 3067 quia
1021 2991 1184 3053 Jonathas
1217 2993 1274 3069 qui
1307 2992 1408 3054 solvit
1435 2992 1601 3071 jejunium
1636 2993 1713 3055 ante

58 3093 95 3154 et
116 3092 188 3152 sine
211 3091 370 3154 aviditate
396 3092 589 3167 comedere;
616 3090 764 3168 alioquin
791 3105 857 3152 non
912 3086 1042 3161 horam,
1059 3089 1189 3166 accepit
1210 3089 1410 3152 sententiam
1435 3088 1552 3152 mortis
1565 3106 1585 3152 a
1600 3090 1711 3154 Patre.

57 3191 111 3254 est
125 3190 274 3253 sanctum
284 3189 461 3268 jejunium,
478 3189 535 3252 sed
550 3187 766 3251 immundum.
913 3185 1025 3254 Item:
1058 3189 1144 3248 Cum
1165 3188 1352 3260 jejunatis,
1382 3190 1486 3250 occide
1518 3190 1597 3262 (tart
1624 3190 1715 3250 stood

101 3291 147 3350 De
173 3285 285 3349 anima
320 3287 399 3350 dicit
427 3288 624 3350 ieremias:
652 3286 857 3365 «Princeps
912 3285 1099 3359 hypocritae
1126 3286 1254 3347 tristes.
1283 3288 1369 3347 Cum
1392 3287 1564 3360 jejunatis
1566 3331 1626 3347 .....
1655 3287 1714 3350 Est

60 3401 175 3448 eorum
192 3385 357 3448 destruxit
374 3401 486 3446 muros
509 3385 695 3448 Jerusalem
709 3401 739 3456 n,
758 3385 855 3456 idest,
908 3383 1074 3460 jejunium
1094 3383 1278 3460 corporale,
1296 3382 1415 3458 dequo
1433 3387 1587 3456 :jejunio
1606 3387 1657 3446 bts
1675 3387 1714 3446 tn

58 3484 200 3548 virtutes
221 3485 354 3546 animas.
379 3483 414 3544 Si
434 3483 523 3544 enim
541 3497 698 3544 mensura
724 3481 760 3542 in
782 3480 857 3542 cibo
911 3479 1129 3540 saburrans
1143 3479 1328 3556 spirituale,
1337 3479 1378 3539 de
1391 3495 1456 3555 quo
1468 3481 1714 3544 lsaias:Num·

60 3585 96 3646 et
127 3583 204 3661 potu
241 3599 310 3645 non
342 3581 491 3653 tenetur,
520 3580 585 3653 cito
617 3580 725 3642 uirtus
756 3580 859 3641 casti·
912 3579 993 3650 quid
1007 3575 1074 3637 tate
1088 3577 1326 3648 estjajuntum
1339 3579 1428 3651 quod
1444 3580 1540 3654 elegi,
1554 3579 1713 3654 affligere

59 3682 139 3743 tatis
154 3679 323 3758 polluitur.
341 3679 425 3751 Quia
437 3677 523 3740 siout
535 3677 695 3739 Dominus
711 3691 771 3752 per
782 3679 859 3738 Eze-
912 3675 1087 3735 bominem
1098 3687 1164 3746 per
1177 3676 1271 3734 diem
1284 3678 1566 3746 cormanacum,
1582 3675 1618 3737 et
1631 3689 1714 3736 con-

61 3776 202 3838 cbielem
220 3775 268 3837 ait
283 3795 292 3835 c
309 3773 479 3848 lutquitas
501 3775 657 3834 sedem
674 3773 742 3847 snit
755 3772 856 3833 satu·
915 3771 1077 3844 torquere
1106 3773 1206 3844 quast
1228 3773 1396 3833 circutum
1418 3773 1522 3846 caput
1544 3777 1658 3845 suum,
1679 3773 1714 3834 ct

61 3874 151 3936 attus
167 3876 272 3947 pann
294 3870 428 3951 (Erech.
460 3884 529 3940 rvr,
559 3867 625 3948 49).
651 3869 796 3931 Veniens
815 3869 857 3930 ad
912 3882 1051 3929 saccum
1069 3867 1103 3929 et
1128 3871 1284 3930 miserem
1301 3869 1462 3930 atemere
1484 3866 1712 3950 (ls.nv111‚5).

61 3985 123 4033 nos
148 3970 188 4031 de
213 3969 268 4030 via
295 3969 408 4030 noster
430 3967 573 4038 amicus,
600 3965 696 4040 idest,
720 3965 859 4044 quilibet
912 3968 1035 4029 Nonne
1049 3969 1111 4026 doc
1125 3967 1488 4044 estnwptsjcjuntum
1502 3970 1713 4044 quodannis

62 4081 242 4130 conversus
271 4065 454 4143 proximus,
477 4064 585 4126 tribus
611 4063 752 4141 panibus
779 4064 859 4126 retl-
912 4066 1067 4124 Dtssotvc
1080 4064 1292 4140 centaureae
1314 4065 1513 4138 imprecato,
1529 4071 1621 4127 solvo
1634 4067 1712 4140 sus·

61 4164 200 4228 ciendus
221 4165 281 4225 est.
306 4163 438 4224 Primus
453 4162 549 4239 panis
584 4163 636 4224 est
654 4161 858 4224 continentia
913 4165 1036 4222 acutos
1054 4162 1324 4234 depraecantes...
1342 4159 1457 4242 (lbid.)
1473 4163 1597 4240 dequo
1612 4163 1714 4228 etiam

63 4277 128 4342 qua
150 4260 364 4335 restringitur
392 4275 526 4336 corpus,
554 4274 597 4320 ne
621 4259 776 4337 deinceps
800 4275 860 4337 per
913 4258 1072 4320 Dominus
1092 4259 1139 4321 ait
1153 4259 1188 4320 in
1206 4260 1386 4336 Evangelio
1404 4280 1413 4321 ε
1430 4263 1711 4336 cumjejunata,

64 4357 251 4422 mortiferas
266 4356 389 4420 defluat
403 4357 601 4434 voluptates.
624 4357 794 4419 Secundus
810 4360 860 4420 est
913 4357 1016 4418 notite
1030 4358 1111 4429 [tert
1130 4357 1219 4420 stom
1237 4359 1424 4433 hypocritae
1444 4359 1564 4424 trtstes
1579 4359 1711 4439 (Mattb.

64 4457 252 4528 humilitas,
285 4469 350 4532 qua
378 4454 564 4516 instituitur
593 4455 720 4528 anima,
745 4472 788 4518 ne
817 4456 858 4517 de
913 4471 958 4527 vl,
974 4456 1037 4536 16).

66 4555 137 4632 ipsa
149 4553 354 4618 continentia
370 4552 549 4629 superbiat.
566 4553 696 4616 Tertius
717 4553 768 4615 est
790 4553 861 4616 ler-
953 4543 1023 4614 Nec
1037 4552 1203 4614 immerito
1219 4552 1441 4630 quadraginta
1457 4553 1573 4616 diebus
1588 4555 1621 4618 et
1635 4571 1715 4634 qua·

64 4668 125 4713 ror
149 4651 321 4714 charitatis
357 4667 422 4728 quo
455 4650 648 4712 accenditur
670 4651 857 4728 utrumque,
914 4649 1068 4726 draginta
1089 4650 1252 4713 noctibus.
1276 4652 1334 4713 Est
1355 4653 1443 4714 enim
1461 4652 1533 4714 dies
1548 4654 1715 4728 temporis

65 4751 160 4822 idest,
177 4764 296 4825 corpus
309 4748 342 4810 et
357 4749 480 4818 anima.
497 4747 534 4810 ut
548 4747 733 4810 castitatem
748 4750 860 4811 custo-
914 4749 955 4810 de
982 4764 1047 4826 quo
1075 4747 1198 4810 dieitur
1227 4769 1236 4809 ε
1266 4751 1458 4824 Appclbzutt
1485 4755 1595 4812 lucem
1621 4755 1715 4814 diam

67 4847 135 4908 diat
165 4847 435 4924 perseverantem
470 4845 504 4906 et
536 4843 767 4906 bumilitatem.
799 4846 859 4908 His
915 4845 1010 4926 (Gen.
1035 4862 1060 4918 1,
1080 4844 1115 4926 5)
1139 4847 1173 4908 et
1195 4847 1437 4924 prosperitatis,
1468 4846 1508 4908 de
1532 4864 1598 4924 quo
1621 4863 1715 4923 :per

66 4944 169 5006 tribus
183 4943 373 5016 virtutihus,
390 4943 486 5015 idest,
504 4941 666 5015 castitate,
683 4942 857 5018 charitate,
913 4948 1005 5018 diem
1022 4950 1073 5007 sol
1086 4959 1156 5005 uon
1170 4946 1251 5006 unet
1275 4945 1308 5006 tc
1326 4943 1485 5024 (Ps120,
1501 4942 1547 5025 6).
1563 4946 1604 5007 Et
1623 4947 1717 5007 Pau-

67 5043 100 5104 at
119 5041 305 5104 humilitate
327 5043 485 5118 tanquam
503 5039 611 5102 tribus
625 5041 768 5118 panibus
781 5041 861 5104 red-
913 5044 966 5104 lus
999 5065 1006 5105 :
1040 5044 1138 5105 Stcut
1166 5047 1204 5104 tn
1239 5047 1294 5106 dte
1328 5045 1470 5107 boucstc
1501 5047 1715 5108 anwulcrnuc

68 5139 152 5202 citur
162 5139 261 5201 homo
282 5139 394 5211 Dei‚et
412 5138 590 5200 roboratur
608 5139 658 5207 ut,
679 5139 860 5202 secundum
916 5141 1024 5220 (Rom.
1049 5155 1129 5215 1111,
1158 5139 1210 5221 13)
1235 5140 1268 5204 et
1289 5142 1486 5204 aeternitatis
1507 5142 1548 5203 de
1571 5157 1635 5220 quo
1657 5142 1714 5205 di-

67 5236 313 5314 Apostolum,in
327 5235 382 5296 die
400 5235 561 5297 adventus
575 5236 708 5298 Domini
728 5237 774 5299 sit
790 5238 862 5317 spi·
915 5241 1001 5302 citur
1021 5261 1029 5300 z
1052 5243 1096 5301 In
1114 5243 1169 5302 dte
1191 5243 1249 5302 itta
1284 5255 1354 5302 uon
1376 5241 1636 5318 interropubttts
1658 5256 1715 5304 mc

68 5334 150 5396 ritus
164 5333 294 5410 integer
306 5333 339 5395 et
349 5333 462 5394 anima
476 5334 509 5395 et
523 5348 673 5410 corpore.
915 5341 1101 5412 quidquam
1128 5336 1238 5417 (toan.
1263 5353 1332 5410 nur,
1353 5336 1419 5417 23).
1445 5338 1502 5400 nst
1523 5338 1623 5400 etiam
1647 5355 1715 5402 nox

108 5431 265 5509 Spiritum
281 5431 392 5493 autom
406 5446 501 5499 voco,
517 5429 612 5503 idest,
629 5432 771 5507 gratiam
786 5449 860 5510 quaa
914 5435 1085 5513 temporis,
1099 5436 1148 5497 de.
1159 5452 1224 5513 qua
1240 5436 1273 5498 et
1284 5436 1431 5498 tenebris
1446 5437 1546 5499 discit
1561 5437 1714 5512 noctem

64 5529 157 5608 juxta
181 5529 334 5591 eumdem
356 5527 549 5606 Apostolum
564 5528 700 5607 adjurat
714 5530 860 5592 infirmi·-
916 5533 949 5595 et
963 5532 1175 5596 adversitatis
1192 5533 1232 5596 de
1247 5551 1323 5612 qua,
1339 5550 1446 5612 neque
1460 5539 1542 5596 tona
1551 5551 1619 5609 per
1633 5551 1717 5598 noo

68 5629 165 5692 tatem
192 5629 350 5700 nostram,
377 5642 419 5688 ne
442 5625 645 5702 deficiamus,
671 5628 775 5691 donec
800 5643 860 5691 sno
917 5632 987 5694 tem
1013 5630 1082 5711 (Ps.
1107 5634 1176 5706 120,
1197 5630 1243 5712 6),
1266 5635 1299 5696 et
1322 5633 1477 5710 pectoris,
1499 5633 1627 5696 scilicet
1647 5635 1715 5696 rni-
