4076 6420
39 305 115 371 785
453 307 498 371 IN
521 305 651 370 Mhhlo
673 307 1029 380 QUADRAGESIMAE.
1051 307 1177 385 1³13th
1199 309 1367 384 QUINTA.
1672 313 1734 378 leo*

42 466 138 546 qula
167 467 284 532 multl
304 467 433 532 mutum
457 457 647 543 comeduut,
671 467 757 548 quod
783 467 881 531 lnlir-
934 470 1097 546 porumet
1111 469 1362 534 retributionem
1383 467 1460 532 ulte
1475 469 1620 533 aeternae.
1637 469 1732 535 Unde

44 566 209 628 mantur
234 567 295 628 vel
318 566 515 628 moriuntur.
540 553 640 629 'Unde
664 566 879 629 Ecclesiasti-
934 567 1127 630 ieremias:
1157 573 1329 643 Princeps
1364 581 1523 630 cocorum
1556 567 1733 630 aesimon

45 679 115 725 cus
136 665 339 740 :Propter
360 670 540 739 crapulam
559 666 660 726 multi
683 665 878 738 perierunt.
935 678 1055 726 muros
1077 668 1281 726 Jerusalem.
1311 665 1470 740 Princeps
1502 679 1656 725 cocorum
1681 664 1733 726 est

50 765 125 828 Qui
164 762 302 824 autem
319 764 495 823 abstinens
521 762 583 834 est,
613 762 751 834 obicwt
772 761 880 823 uitam
935 760 1060 832 venter,
1078 760 1156 838 quia
1171 773 1284 822 omnes
1297 760 1368 822 coci
1379 760 1569 823 ministrant
1580 760 1623 822 ei.
1638 763 1733 824 Jeru-

49 857 173 937 (Ecol.
201 873 346 930 xxxvn,
362 859 428 937 34),
451 857 546 931 idest,
563 859 740 921 accrescet.
756 860 804 919 De
818 857 881 920 hac
937 857 1040 918 salem
1067 859 1117 919 est
1142 857 1250 918 tidelis
1281 857 1404 918 anima.
1433 857 1522 918 Muri
1546 858 1732 920 Jerusalem
1838 879 1852 935 χ
1894 826 1907 871 ”

49 954 227 1033 crapula,
263 971 323 1017 seu
358 955 468 1018 carnis
509 955 648 1018 lascivia
684 957 880 1019 Jeremias:
936 953 1013 1016 sunt
1033 955 1184 1018 virtutes.
1209 955 1369 1033 Princeps
1394 971 1549 1018 cocorum
1568 955 1733 1017 destruxit
1834 940 1840 968 ¹
1869 934 1885 984 ”

55 1054 190 1116 Vitula
202 1059 350 1131 alequas
363 1055 399 1115 et
410 1056 563 1128 somnoso
574 1054 754 1132 heuneus,
764 1055 883 1116 stimu-
937 1067 1048 1114 muros
1073 1052 1270 1123 Jerusalem,
1295 1053 1373 1130 quia
1400 1069 1460 1131 per
1481 1053 1632 1114 ventrem
1656 1052 1734 1114 des-

52 1152 159 1214 lator
168 1151 555 1225 abequiloneoenietei
566 1149 803 1230 (ieremxivr,
814 1142 880 1232 00).
935 1149 1092 1212 truuntur
1105 1165 1219 1212 omnes
1234 1149 1379 1212 honores
1398 1166 1573 1228 corporum
1586 1151 1619 1212 et
1631 1149 1733 1212 virtu·

50 1247 884 1325 AEgyptusinterpretaturtenebrae,etsignificat
935 1247 986 1309 tes
1017 1247 1213 1309 animarum.
1253 1248 1404 1310 Secunda
1437 1247 1528 1310 febre
1558 1245 1734 1310 tenebatur

54 1341 219 1424 corpora
230 1345 364 1419 nostra,
386 1362 459 1424 quae
482 1361 614 1423 semper
636 1346 714 1408 suut
734 1346 769 1407 in
788 1345 884 1408 tene-
937 1345 1052 1418 David,
1086 1344 1217 1423 quando
1241 1346 1430 1424 concupivit
1461 1361 1600 1408 uxorem
1628 1345 1730 1407 Uria.

52 1442 145 1516 bris,
167 1443 261 1520 quia
277 1457 408 1520 semper
428 1441 545 1505 vivunt
563 1442 598 1504 in
622 1443 779 1520 peccatis,
805 1443 883 1520 quia
938 1443 999 1505 llic
1028 1443 1133 1506 David
1155 1443 1320 1520 significat
1345 1444 1561 1521 perniclosos,
1586 1443 1731 1523 quinon

54 1540 191 1602 vivunt
216 1540 406 1602 secundum
436 1554 582 1613 carnem,
613 1556 680 1602 non
701 1539 883 1601 secundum
938 1541 1056 1602 curant
1079 1541 1120 1602 de
1143 1541 1299 1619 peccatis,
1324 1542 1382 1603 sed
1402 1541 1630 1603 indifferenter
1650 1557 1731 1618 pec-

57 1638 253 1716 spiritum.
290 1637 375 1710 Quid
406 1637 495 1698 enim
536 1635 668 1710 caecius,
685 1637 762 1714 quld
784 1637 882 1698 tene·
938 1640 1025 1712 cant,
1042 1639 1132 1716 qula,
1152 1640 1238 1702 sicut
1259 1639 1340 1702 dicit
1360 1639 1574 1716 Augustinus,
1597 1639 1734 1717 peccata

57 1735 210 1797 hrosius
238 1749 353 1808 carne,
372 1751 458 1813 quae,
481 1734 548 1796 nisi
568 1734 697 1797 ratione
722 1734 885 1797 relraeue-
938 1735 1089 1812 quamvis
1112 1752 1232 1812 magna
1256 1735 1289 1799 et
1313 1737 1480 1798 horrenda
1501 1736 1578 1810 sint,
1600 1753 1674 1797 cum
1698 1735 1733 1796 in

58 1835 134 1906 tur,
164 1832 300 1910 quaerit
327 1847 457 1910 semper
490 1831 699 1895 delectabilia
729 1832 762 1894 et
794 1847 883 1893 nun·-
938 1832 1210 1894 consuetudinem
1239 1835 1419 1903 venerunt,
1455 1836 1512 1896 aut
1539 1847 1642 1912 parva
1676 1833 1735 1896 aut

60 1947 173 2008 quam
186 1929 884 2008 utiliatAEgyptusinterpretaturtenebrae
938 1928 1031 1990 nulla
1059 1930 1250 1992 creduntur.
1284 1931 1396 1991 Tertia
1432 1930 1524 1992 lehre
1559 1929 1735 1993 tenebatur

61 2028 127 2089 aut
155 2027 341 2090 tribulatio
379 2027 614 2103 coangustans,
651 2027 684 2089 et
717 2027 885 2104 significat
937 2028 1052 2100 iudas,
1087 2028 1218 2105 quando
1249 2027 1401 2089 vendidit
1424 2027 1601 2089 Christum.
1630 2025 1734 2089 iudas

62 2139 216 2187 carnem
260 2125 419 2197 nostram,
448 2141 523 2203 quas
551 2123 707 2186 obscurat
726 2124 882 2186 intellec·
938 2123 995 2202 qui
1024 2123 1174 2186 vendidit
1207 2124 1373 2185 Christum
1399 2123 1566 2200 significat
1593 2139 1649 2185 eos
1677 2123 1734 2201 qui
1862 2133 1893 2178 ·.

62 2223 141 2284 tum
171 2223 322 2284 rationis
348 2223 482 2300 propter
504 2223 641 2284 nimiam
663 2221 882 2295 saturitatem,
937 2222 1072 2299 propter
1091 2221 1266 2299 pecuniam
1287 2222 1434 2284 vendunt
1452 2221 1628 2300 justitiam,
1656 2219 1734 2300 quia

65 2319 103 2381 et
150 2319 238 2381 ideo
277 2319 399 2382 dicitur
432 2319 602 2382 tribulatio
642 2317 881 2395 coangustans,
938 2319 1088 2380 Christus
1105 2319 1236 2396 justitia
1264 2320 1324 2381 est.
1349 2320 1441 2382 Unde
1462 2319 1591 2392 David:
1613 2319 1735 2380 iustus

65 2417 153 2494 quia
183 2417 348 2493 angustat
379 2417 525 2479 animam
551 2416 656 2478 variis
689 2415 883 2478 criminibus
937 2417 1295 2490 nominosnollllam
1313 2417 1434 2480 dilemit
1449 2421 1516 2496 (Pa.
1541 2417 1588 2490 10,
1604 2417 1654 2496 8);
1668 2415 1733 2476 lae-

67 2514 103 2574 et
148 2513 442 2576 tribulationibus.
482 2515 646 2590 AEgyptus
681 2514 731 2575 est
765 2513 880 2585 vitula,
938 2513 1019 2575 dunt
1033 2513 1202 2590 proximos
1224 2530 1312 2588 suos,
1332 2515 1409 2592 quia
1424 2510 1538 2576 omn'es
1559 2512 1637 2574 boni
1659 2512 1735 2575 sunt

66 2611 154 2688 quia
169 2625 258 2672 caro
273 2610 324 2672 est
338 2610 475 2685 lasciva,
495 2611 626 2686 quando
637 2611 691 2672 est
704 2610 838 2686 elegans
851 2610 884 2672 et
938 2610 1084 2672 membra
1098 2611 1231 2673 Christi.
1258 2613 1297 2673 lit
1323 2611 1409 2674 sicut
1430 2611 1510 2673 dicit
1531 2609 1709 2672 Zacharias
1724 2629 1732 2670 :

67 2708 243 2779 formosa,
260 2707 357 2779 idest,
378 2707 512 2783 pinguis
536 2707 569 2768 et
587 2707 738 2784 pulchra.
764 2707 885 2768 Stimu·
938 2710 1002 2774 oui
1023 2708 1135 2784 tellpit
1154 2724 1222 2781 eos,
1246 2710 1358 2787 teoqit
1376 2711 1544 2784 pupillum
1568 2711 1655 2770 cadi
1670 2709 1735 2768 Dei
1789 2708 1792 2715 '

66 2804 165 2866 lator
179 2803 237 2864 est
250 2803 389 2880 quilibet
412 2801 578 2878 malignus
600 2804 750 2880 spiritus.
763 2805 882 2882 Aquilo
938 2805 1047 2880 (zach.
1062 2819 1099 2878 11,
1110 2802 1156 2883 8).
1173 2807 1296 2878 Quarta
1304 2805 1395 2869 febre
1405 2805 1603 2867 tenebantur
1613 2803 1734 2865 tratres

69 2903 125 2963 est
156 2901 273 2977 major
300 2899 462 2961 diabolus.
496 2901 691 2962 stimulator
722 2901 815 2964 venit
842 2900 883 2963 ab
936 2899 1071 2978 ioseph,
1089 2902 1220 2979 quando
1246 2919 1306 2980 per
1335 2903 1497 2964 invidiam
1515 2901 1737 2964 vendiderunt

70 2998 254 3076 aquilone,
269 2997 400 3075 quando
415 2997 580 3073 malignus
598 2997 734 3074 spiritus
749 2999 884 3076 propter
938 3013 1028 3072 eum;
1039 2998 1157 3075 quibus
1172 3001 1249 3060 sunt
1263 2999 1389 3060 similes
1403 3015 1516 3061 omnes
1532 2999 1588 3076 qui
1601 3013 1661 3075 per
1674 2997 1733 3059 in-

71 3096 222 3157 multam
247 3093 455 3156 saturitatem
474 3094 617 3156 mittitur
637 3110 657 3156 a
683 3094 815 3157 diabolo
840 3097 881 3157 ad
937 3094 1061 3156 sidiam
1076 3094 1254 3157 detrahunt
1270 3097 1328 3157 aut
1341 3098 1462 3158 nocent
1475 3095 1636 3173 proximis
1650 3094 1731 3155 suis,

72 3191 323 3253 stimulandam
338 3205 473 3253 carnem
494 3191 639 3252 hominis
658 3209 718 3269 per
729 3193 882 3254 ardorem
938 3189 1032 3253 Unde
1047 3192 1225 3254 Psalmista
1239 3213 1246 3254 ε
1261 3196 1374 3268 Super
1386 3209 1443 3255 eos
1454 3193 1574 3254 cenula
1585 3195 1686 3270 ῖρπῖθ,
1701 3191 1735 3254 et

79 3288 251 3349 libidinis.
275 3286 368 3351 Unde
389 3287 494 3350 David
519 3308 528 3348 ε
557 3291 620 3354 Qui
641 3289 805 3351 indoleat
826 3306 882 3351 me
937 3291 1296 3352 nonowereotsolem
1311 3288 1380 3369 (Ps,
1396 3291 1446 3363 57,
1461 3289 1506 3370 9).
1525 3291 1624 3368 ignis,
1638 3288 1733 3351 scili-

79 3385 308 3457 eorulioblmt,
340 3388 372 3446 si
402 3386 516 3446 motus
542 3387 643 3460 {icero
664 3383 732 3466 (Ps.
755 3388 807 3458 12,
835 3385 880 3466 5).
938 3385 1000 3456 θθῖ,
1025 3380 1171 3456 invidiae,
1196 3385 1446 3460 indignationis,
1473 3387 1506 3447 et
1539 3387 1619 3449 odil.
1648 3388 1734 3448 Nam

78 3482 119 3542 Et
134 3482 346 3558 Gregorius:
368 3475 521 3543 «Nullus
542 3482 578 3542 in
602 3480 666 3542 hac
688 3483 757 3544 vita
773 3483 884 3560 justo·
936 3481 1075 3542 emorsit
1086 3485 1177 3558 lanis
1192 3485 1228 3542 in
1242 3497 1416 3559 spondoeo
1428 3483 1566 3555 ficorum,
1581 3484 1615 3545 et
1628 3484 1734 3554 nom-

75 3593 152 3640 rum
179 3578 277 3642 venit
295 3579 351 3656 qui
375 3595 442 3640 non
465 3579 594 3655 antiqui
611 3578 716 3641 hostis
740 3579 882 3641 insidias
937 3593 995 3640 nlo
1011 3578 1194 3640 combussit
1209 3579 1410 3652 peccrltores
1434 3575 1503 3657 (Ps.
1530 3576 1736 3659 105,18).Et

78 3693 201 3754 passus
229 3677 272 3738 sit
294 3693 323 3736 s.
345 3676 429 3738 Gula
450 3675 600 3737 debilitat
618 3675 786 3748 virtutem,
804 3677 882 3754 quia
939 3675 1095 3738 Salomon
1111 3697 1119 3735 ε
1135 3677 1173 3736 Sl
1189 3675 1347 3738 mordeat
1370 3689 1515 3751 serpens
1528 3678 1566 3736 ln
1585 3677 1732 3748 sibotto,

78 3772 239 3835 homines
265 3773 403 3834 multum
430 3771 640 3834 comedentes
675 3788 812 3834 necesse
834 3774 884 3835 est
938 3775 1022 3835 nibil
1042 3787 1081 3835 eo
1109 3775 1226 3834 minus
1248 3773 1347 3834 babet
1371 3775 1430 3848 qai
1461 3772 1587 3835 occulte
1612 3775 1734 3836 detro-

81 3886 157 3932 esse
182 3869 324 3942 debiles,
352 3871 429 3947 quia
458 3885 579 3946 magna
602 3870 741 3932 sarcina
757 3870 883 3932 ventris
937 3870 1051 3933 hilm..
1068 3866 1170 3948 (Eccl.
1186 3885 1221 3942 x,
1238 3867 1302 3950 11).
1322 3870 1423 3942 Quasi
1446 3869 1570 3931 diceret
1590 3872 1737 3933 Detrac-

80 3969 280 4044 gravantur.
297 3967 391 4029 Unde
402 3967 654 4028 Ecclesiasticus
669 3989 677 4027 z
693 3969 818 4030 Melior
832 3969 884 4030 est
939 3967 1060 4038 torem,
1078 3967 1174 4043 quasi
1200 3982 1338 4043 serpens
1362 3966 1490 4028 occulte
1505 3967 1671 4030 mordens.
1688 3970 1737 4031 De

82 4079 225 4139 pauper
233 4077 350 4134 sonus,
364 4063 397 4124 et
406 4063 658 4138 sortisoirlbus,
672 4077 776 4136 ellam
788 4065 884 4126 dives
938 4063 1059 4141 qulbus
1082 4063 1284 4139 Apostolus:
1309 4066 1469 4126 Maledici
1495 4079 1642 4141 reanum
1670 4067 1736 4128 Dei

81 4163 261 4222 imbecillis
287 4156 388 4238 (Eccl.
420 4175 502 4233 xxx,
539 4157 602 4239 lt).
630 4159 772 4220 Divitem
799 4159 884 4222 dixit
938 4158 1430 4241 nollpossidebuot(lcor.v1,
1448 4158 1512 4240 10).
1529 4164 1737 4239 aaronque·

83 4271 157 4318 esse
171 4255 328 4330 debilem,
343 4257 421 4334 quia
434 4256 574 4318 multum
586 4256 739 4329 comedit,
756 4272 884 4334 paupe-
937 4258 1022 4318 rent
1047 4261 1143 4320 item
1162 4273 1228 4334 pro
1250 4273 1291 4320 eo
1313 4257 1410 4340 (lbid.
1433 4275 1481 4322 1v.
1508 4258 1573 4339 39).
1598 4260 1737 4338 Propter

82 4369 153 4415 rem
186 4355 318 4428 sortem,
355 4354 434 4432 quia
466 4369 584 4432 parum
615 4354 766 4416 comedit.
800 4355 883 4416 Gula

86 4449 243 4514 obscurat
264 4452 440 4524 rationem,
457 4451 535 4529 quia
556 4451 641 4514 sicut
665 4451 745 4513 dicit
760 4453 883 4514 Hiero-

86 4564 205 4626 nymus
224 4571 231 4611 :
246 4549 413 4626 «Pinguis
424 4551 542 4612 venter
554 4566 620 4613 uon
633 4549 743 4626 gignit
750 4550 883 4612 tenuem

88 4662 233 4710 sensum.
256 4648 379 4709 »Idem
405 4647 613 4710 sentiendum
633 4647 674 4710 de
695 4648 830 4710 luxuria
851 4649 885 4711 et

88 4747 241 4830 avaritia,
257 4746 290 4807 et
302 4745 439 4806 invidia.
465 4774 466 4777 π

127 4844 240 4904 Prima
259 4842 361 4915 lehre,
382 4835 477 4914 idest,
502 4841 581 4918 gula
593 4841 769 4904 tenebatur
782 4846 881 4918 Esau,

90 4939 219 5014 quando
234 4940 368 5017 propter
383 4939 576 5001 lenticulam
590 4937 740 5002 vendidit
753 4941 883 5018 primo-

91 5037 200 5110 genita
223 5053 293 5110 sua,
326 5037 422 5110 idest,
456 5037 616 5099 honorem
642 5037 883 5114 primogenito·

92 5133 178 5194 rum.
214 5137 302 5196 Esau
336 5135 488 5210 designat
529 5135 681 5212 gulosos,
714 5136 771 5212 qui
802 5153 885 5198 ven·

94 5229 173 5293 dunt
195 5231 415 5309 primogenita
437 5247 497 5293 sua
520 5235 656 5310 propter
678 5233 882 5308 lenticulam,

94 5329 128 5388 ut
148 5331 224 5391 sunt
243 5329 294 5391 illi
310 5329 408 5390 hodie
421 5327 477 5406 qui
491 5329 638 5392 vendunt
651 5329 882 5414 primogenita,

95 5423 185 5498 idest,
228 5426 456 5488 hereditatem
496 5425 678 5503 paternam,
716 5417 883 5503 videlicet,

95 5521 208 5595 terras,
235 5523 362 5594 vineas,
389 5522 514 5600 palatia
547 5523 579 5584 et
607 5523 686 5595 alia,
719 5525 756 5586 ut
781 5526 884 5587 satis-

97 5615 215 5683 faciant
228 5620 348 5684 rentri.
366 5620 427 5682 isti
441 5620 612 5698 negligunt
630 5621 791 5684 honorem
806 5639 884 5687 cor-

939 4355 1146 4432 peccatorem
1169 4355 1289 4432 rogant
1309 4355 1432 4429 Sancti,
1461 4359 1582 4433 rogant
1603 4357 1733 4433 Angeli,

938 4466 1094 4529 rogamus
1110 4452 1210 4514 etiam
1223 4452 1373 4530 nosipsi.

977 4550 1024 4612 Et
1036 4549 1134 4612 stans
1156 4565 1263 4624 seper
1279 4564 1357 4612 eom
1378 4552 1565 4625 imperavit
1581 4553 1680 4626 sebit,
1704 4551 1739 4614 et

938 4649 1069 4712 dimisit
1093 4651 1187 4710 diem
1202 4643 1292 4718 (huc.
1312 4662 1357 4720 rr,
1373 4645 1436 4720 30).
1460 4649 1607 4720 Quatuor
1631 4648 1738 4711 modis

939 4745 1004 4808 stat
1013 4746 1172 4807 Dominus
1184 4743 1436 4822 superanimam
1446 4745 1674 4822 peccatricem,
1685 4746 1740 4807 ri·

938 4843 1058 4906 delicet
1068 4843 1210 4904 offerens
1220 4842 1252 4903 ei
1265 4840 1526 4903 misericordiam
1540 4858 1644 4915 suam,
1658 4859 1739 4905 con·

938 4942 1049 5004 ferens
1063 4939 1217 5017 gratiam,
1236 4939 1441 5001 comminans
1458 4939 1490 5000 ei
1505 4956 1647 5019 poenam,
1660 4957 1739 5018 pro-

938 5040 1071 5103 mittens
1114 5037 1266 5114 gloriam.
1308 5035 1412 5100 Offert
1453 5037 1736 5111 misericordiam,

939 5135 1071 5215 quando
1096 5133 1232 5197 dimittit
1252 5150 1312 5212 per
1332 5135 1560 5213 poenitentiam
1581 5135 1739 5198 universa

938 5234 1085 5314 peccata.
1102 5233 1196 5296 Unde
1211 5232 1362 5294 Ezechiel
1379 5254 1387 5293 :
1402 5237 1446 5295 In
1459 5249 1670 5309 quecumque
1684 5237 1739 5296 die

938 5332 1097 5408 peccator
1117 5344 1304 5394 conuersus
1331 5330 1441 5404 neret
1466 5331 1499 5394 et
1520 5321 1737 5408 inpemiseet,

939 5417 1094 5494 omilium
1110 5427 1334 5502 iniquitatum
1350 5431 1425 5501 aas
1443 5444 1513 5490 oon
1532 5431 1740 5514 recordabor

941 5527 1202 5608 (Ezechsxvin,
1223 5525 1273 5596 21,
1296 5522 1363 5603 22).
1380 5524 1513 5587 Confert
1531 5526 1563 5588 ei
1584 5528 1737 5604 gratiam,

940 5623 1071 5707 quando
1086 5639 1146 5703 per
1161 5621 1320 5702 Spiritum
1337 5624 1494 5687 sanctum
1512 5624 1648 5703 adjuvat
1665 5641 1740 5690 eam
