4108 6418
114 199 174 258 209

115 373 246 420 causam
265 355 314 437 (o)
329 355 491 420 natalium
509 357 715 421 charissimae
728 360 763 421 in
779 359 908 422 Cbristo

117 457 190 517 tiliae
205 457 245 518 N.
261 455 401 518 illustris
421 456 558 533 Reginae
582 457 682 535 Cypri
703 455 744 518 ad
769 471 908 519 examen

116 554 276 626 nostrum,
298 555 410 631 utpote
429 570 503 632 quae
523 555 564 616 ad
579 554 687 617 iorum
706 554 910 616 ecclesiasti-

117 668 186 714 cum
219 651 376 728 pertinet,
406 652 601 729 jamdudum
636 668 709 714 esse
742 652 906 714 delatam:

117 747 199 808 unde
234 747 333 808 clarae
373 749 541 810 memoriae
575 747 764 825 Philippum
797 763 909 824 regem

117 845 262 905 Francia
277 845 403 922 patrem
417 847 511 906 tuum
526 844 646 907 litteris
670 845 793 906 nostris
808 861 908 907 cura-

115 943 219 1003 rimus
248 958 468 1019 praemonere,
497 942 548 1015 ut,
581 943 609 1003 si
643 942 756 1004 forsan
789 943 906 1019 regina

116 1041 184 1116 ipsa
197 1055 297 1116 super
309 1041 518 1102 successione
531 1039 706 1102 comitatus
720 1041 908 1118 Campaniae

116 1136 328 1214 quaestionem
351 1137 549 1214 proponeret
564 1153 676 1208 coram
691 1152 741 1210 eo,
759 1153 824 1198 non
847 1153 910 1199 au-

116 1233 197 1296 diret
224 1234 389 1306 eamdem,
419 1251 590 1313 quousque
615 1234 792 1297 terminata
823 1235 911 1297 esset

115 1339 271 1418 praedicta
286 1357 387 1402 causa
401 1341 573 1414 natalium,
588 1357 631 1402 ex
645 1357 709 1420 qua
725 1341 784 1403 illa
798 1341 911 1404 nosci-

116 1439 167 1499 tur
181 1437 375 1515 dependere.
390 1438 483 1500 Licet
496 1453 586 1514 ergo,
603 1437 690 1500 sicut
702 1439 809 1500 eidem
822 1440 908 1517 patri

115 1536 168 1598 tuo
184 1534 387 1613 scripsimus,
410 1535 551 1626 velimus
571 1535 722 1611 reginam
744 1537 851 1614 ipsam
874 1537 909 1598 in

116 1819 177 1862 eam
190 1805 279 1864 luisse
292 1805 390 1863 volunt
404 1819 418 1862 a
431 1804 559 1865 Conrado
571 1804 698 1879 plerique
706 1813 836 1864 auctores
851 1803 909 1871 alii,

116 1885 145 1934 ut
156 1879 267 1945 Rosius,
278 1877 307 1933 in
322 1878 443 1936 btttorta
457 1865 607 1946 dictitarat,
619 1878 667 1935 lib.
683 1880 719 1946 ll,
736 1884 799 1934 astu
812 1875 911 1934 matris

117 1947 273 2006 ambitiosae
294 1947 329 2004 ab
354 1946 496 2004 llenlredo
518 1955 680 2020 separatam
702 1947 754 2006 sub
774 1953 911 2020 praetextu

117 2019 159 2073 vel
174 2018 442 2090 consanguinitatis,
455 2017 500 2074 vel
515 2017 687 2091 frigiditatis.
702 2019 796 2075 Tertio
816 2017 912 2090 nupsit

117 2089 236 2145 ilenrico
247 2089 345 2145 comiti
355 2089 499 2155 trecensi,
513 2103 549 2145 ex
564 2103 620 2160 quo
635 2088 735 2147 habuit
748 2088 866 2146 Adelam
883 2093 910 2142 et

117 2158 291 2230 Plrilippam3
314 2158 402 2215 Adela
429 2174 500 2216 uxor
523 2158 574 2216 luit
597 2161 729 2287 Hugenls
761 2161 838 2232 regis
857 2161 909 2286 Cg-

118 2232 159 2312 prl
173 2232 223 2297 ΙΙΙ,
240 2228 276 2285 de
290 2244 345 2300 qua
368 2230 397 2285 iu
419 2227 474 2285 boe
495 2243 576 2301 cap,
597 2230 648 2287 Phi
661 2231 725 2302 ippa
741 2229 861 2356 AJWOE
896 2243 912 2284 e

117 2301 247 2357 Brrenna.
270 2301 335 2356 Post
351 2307 472 2356 mortem
494 2301 619 2368 Hestiai,
637 2300 762 2358 Tbeobal
784 2315 800 2357 o
817 2299 912 2371 nepoti

117 2370 206 2452 ipsius
218 2385 255 2427 ex
267 2368 365 2438 tratre,
380 2369 558 2442 adjudicatus
570 2370 621 2427 luit
636 2371 789 2428 comitatus
795 2372 912 2440 Campa·

117 2456 170 2498 mre
184 2441 326 2498 sententio
339 2441 454 2497 Parium
469 2441 597 2498 Francius
610 2457 686 2498 anno
696 2442 775 2508 taio,
784 2440 836 2498 sub
851 2440 911 2496 Plri-

117 2511 191 2584 lippo
213 2514 356 2584 Augusto,
372 2510 460 2568 relata
477 2525 492 2566 a
509 2514 539 2568 P.
557 2511 667 2569 Pltboeo
682 2521 781 2568 contra
803 2511 910 2581 Philip·

117 2597 181 2662 pam
195 2589 225 2638 et
240 2581 409 2655 ayrardum.
431 2583 532 2637 Postea
552 2589 650 2639 contra
672 2581 777 2638 dictam
793 2580 911 2638 adelam

114 2668 159 2724 Jus
175 2668 259 2709 suum
274 2652 407 2724 persequi
422 2652 565 2707 volentem
585 2667 671 2725 super
687 2652 764 2709 dicto
777 2652 913 2708 comitatu

117 2731 267 2796 exceptum
290 2721 341 2779 luit
354 2720 392 2777 de
406 2722 635 2792 illegitimatione
651 2723 750 2794 ipsius,
766 2720 817 2778 sed
832 2720 921 2780 vide.

117 2800 159 2849 tur
174 2793 252 2849 lianc
272 2793 469 2863 exceptionem
484 2791 603 2848 subdole
621 2793 796 2864 propositam
811 2791 912 2861 luisse;

116 2863 306 2944 illegitimatie
329 2857 406 2918 enim
428 2863 481 2918 ista
506 2876 542 2918 ex
563 2876 620 2918 uno
645 2863 763 2920 istorum
788 2863 913 2934 capitum

115 2933 260 2998 veniebat,
285 2940 332 2989 aut
353 2947 390 2988 ex
412 2930 587 2998 adulterinis,
602 2940 650 2991 aut
662 2948 697 2990 ex
712 2934 828 2989 incestis
844 2947 913 3003 nup·

117 3005 162 3061 tiis
175 3004 291 3060 llenrlei
307 3001 405 3074 patris,
420 3009 447 3059 et
462 3002 600 3071 isabella,
617 3005 716 3061 matris
730 3003 836 3060 adelae.
850 3004 914 3060 Non

118 3080 247 3146 poterant
268 3089 333 3129 esse
353 3072 528 3140 adulterine,
554 3080 673 3131 testatur
696 3076 773 3130 enirn
796 3076 827 3130 P.
849 3075 911 3129 Ste-

118 3145 203 3216 phan.
230 3143 452 3219 [insistendam
478 3144 600 3200 historic
628 3145 649 3201 C
670 3145 735 3215 pri,
763 3143 913 3202 isabellam

118 3215 183 3273 dum
212 3215 352 3271 contraxit
381 3229 447 3270 eum
473 3215 595 3271 ilenrico
618 3162 733 3272 riguam
760 3213 857 3280 luisse,
887 3221 915 3271 et

119 3285 253 3344 llenlredi
268 3292 296 3342 et
309 3283 447 3342 Conradi:
461 3284 520 3341 imo
535 3293 563 3342 et
577 3285 631 3342 boe
645 3285 769 3359 speciale
783 3284 869 3352 addit,
886 3285 913 3340 in

121 3359 253 3414 Tructete
266 3356 377 3424 turtum
398 3371 483 3425 arrpcr
501 3370 586 3426 regno
598 3357 797 3428 Hierosolym..
815 3370 880 3426 cap.
898 3355 915 3411 5

118 3435 145 3484 et
162 3429 204 3496 ld,
221 3426 380 3485 homicidas
398 3426 519 3485 Conradi
539 3428 708 3484 summissos
723 3427 758 3484 ab
773 3424 916 3483 llenlredo

119 3498 287 3569 obreptum
310 3497 406 3555 uxoris
424 3511 484 3553 sete
509 3511 588 3553 arma
612 3513 663 3554 sua
685 3498 804 3554 vertisse
818 3502 914 3553 eontra

120 3568 303 3636 lleniredum,
316 3569 363 3639 qui
378 3567 421 3624 eis
433 3581 490 3623 non
503 3567 810 3624 satisfeceratNullum
823 3572 917 3622 aucto·

118 3656 177 3697 rem
193 3640 363 3710 inveni(nec
374 3637 764 3710 diligentissimumlilletum
774 3635 916 3692 exactissi-

120 3727 195 3768 mum
211 3709 448 3782 genealogiarum
458 3704 916 3832 Francicaruminvestigatorem)

120 3797 171 3838 neo
186 3777 448 3844 sammarthanum,
493 3778 521 3833 ui
541 3777 659 3834 verbum
679 3777 766 3834 ullum
794 3777 869 3834 aciat
882 3775 917 3832 de

120 3850 369 3923 consanguinitate
384 3855 460 3905 suta
495 3849 583 3904 nitate
597 3847 712 3905 Henriei
727 3855 755 3905 et
771 3847 915 3916 isabellae3

121 3923 177 3980 imo
191 3922 252 3978 veri
267 3918 389 3976 similius
410 3926 453 3975 est
479 3920 588 3975 nullum
612 3920 756 3976 vinculum
779 3919 918 3975 intereos

120 3991 315 4050 intercessisse
323 4005 332 4060 3
347 3989 521 4116 propositum
533 3990 609 4045 enim
621 3987 721 4046 luisset
735 3990 763 4045 in
776 3989 917 4046 sententia

122 4065 234 4120 Parium
256 4068 354 4118 contra
378 4063 398 4116 P
422 4061 548 4133 dippum,
571 4067 599 4117 et
619 4069 735 4117 sanctus
759 4059 919 4116 ludovicus

123 4149 171 4190 rex
193 4131 421 4205 sapientissimus
437 4138 467 4187 et
483 4130 668 4203 iustissimus,
686 4132 714 4186 in
727 4131 918 4186 transactione

124 4205 289 4262 auctoritate
313 4217 365 4259 sua
389 4200 473 4269 lacta,
493 4215 569 4258 auno
583 4203 661 4270 itte,
684 4203 756 4257 inter
777 4199 916 4257 Theobul-

123 4275 189 4331 dum
202 4282 231 4333 et
244 4273 363 4331 adelam
375 4287 461 4344 super
474 4271 609 4329 comitatu
622 4271 795 4344 Campania,
812 4270 919 4327 dietum

123 4344 264 4402 delectum
278 4343 414 4400 natalium
432 4341 529 4399 Adelre
544 4342 706 4413 objecisset.
719 4349 747 4398 et
761 4342 919 4414 portionem

125 4417 263 4486 aequalem
285 4415 329 4470 vel
350 4414 526 4486 superiorem
547 4411 622 4469 dicto
634 4414 781 4470 comitatui
796 4412 856 4484 (qui
873 4425 919 4483 pe·

125 4501 175 4544 nes
186 4483 380 4544 'lbeobaldum
396 4481 544 4553 remansit)
560 4484 657 4540 adelae
679 4499 737 4540 non
757 4482 917 4554 adjudicas·

125 4564 181 4626 set;
196 4563 228 4614 ut
241 4555 339 4612 videre
360 4561 404 4610 est
424 4553 500 4626 apud
515 4555 695 4612 Guillelmum
712 4554 747 4610 de
765 4555 876 4625 Nangis
891 4553 919 4608 ln

125 4629 182 4684 aito
194 4630 229 4684 D.
244 4624 388 4682 ludovici.
403 4627 477 4682 Vera
493 4639 563 4697 ergo
577 4639 664 4681 eausa
679 4639 729 4680 cur
743 4623 831 4681 Adela
845 4638 919 4680 sum-

127 4707 200 4756 mota
213 4697 298 4754 luerit
319 4695 354 4752 ab
373 4695 539 4752 investitura
555 4695 621 4751 dicti
639 4696 789 4751 comitatus
804 4693 919 4750 adduci·

127 4775 196 4826 tura
211 4766 310 4828 Claud.
327 4767 472 4833 Menardo,
490 4767 518 4821 in
533 4766 659 4822 historic.
672 4767 856 4821 obstructiora.
871 4779 919 4820 su·

124 4854 176 4908 per
188 4839 396 4898 debellaretur
412 4851 515 4907 nempe
527 4837 592 4907 quia
609 4837 740 4919 apparuit
755 4837 920 4902 Henrieum,

128 4909 291 4966 domasset
315 4908 344 4964 iu
369 4908 516 4980 precinctu
542 4905 743 4963 transtretandi
765 4907 794 4962 iu
816 4913 920 4962 terram

128 4987 265 5047 sanctam,
280 4985 367 5035 totam
381 4986 484 5034 terram
499 4992 581 5034 suam
600 4976 752 5044 dimisisse,
773 4984 801 5032 et
811 4975 922 5032 dedisse

129 5049 203 5108 tratri
227 5065 279 5108 suo
303 5049 477 5115 Tlieobaldo,
501 5047 645 5119 quondam
666 5047 764 5104 comiti
778 5047 922 5114 trecensi,

129 5123 152 5180 si
167 5121 258 5193 ipsum
271 5121 405 5176 comitem
427 5119 580 5176 Henrioum
600 5119 635 5174 de
653 5119 851 5175 transmarinis
864 5132 925 5189 par-

130 5193 202 5254 tibus
213 5191 393 5260 contingeret
414 5204 470 5246 nen
489 5188 591 5256 redire,
615 5197 644 5246 ut
659 5194 702 5245 est
717 5190 746 5245 in
769 5188 924 5261 diplomate

131 5264 253 5334 sigillato
266 5261 362 5333 sigillo
376 5260 510 5317 Ludovici
528 5261 664 5332 principis
683 5261 742 5332 (qui
757 5267 855 5330 postea
872 5259 925 5314 l'uit

130 5333 288 5392 ludovicus
311 5327 429 5388 octabus
456 5329 517 5402 rex)
541 5329 607 5387 dato
632 5331 797 5402 compendii
826 5343 925 5386 mense

130 5407 237 5472 llartio,
246 5417 321 5460 auno
337 5402 420 5463 tilla
427 5401 481 5458 Sed
494 5417 531 5458 ne
543 5401 609 5472 quid
620 5400 808 5468 dissimulem,
819 5414 924 5472 magna

130 5474 278 5531 difficultas
306 5471 352 5533 bie
377 5487 442 5534 eme
458 5473 528 5544 git:
554 5473 737 5530 innocentius
763 5472 839 5528 enim
868 5473 923 5539 ΙΙΙ,

130 5547 211 5618 epist.
229 5546 272 5614 72,
292 5543 340 5601 lib.
365 5547 401 5613 11,
424 5489 471 5619 ud,
491 5544 747 5614 Compostclturtum
767 5542 922 5613 crulrtrpis·

575 209 578 215 '
632 199 788 270 QUINTA
804 199 1069 261 combinatio.
1094 201 1171 262 LIB.
1195 202 1236 260 II.

1701 203 1763 264 210

964 361 1034 424 suis
1044 361 1145 439 justis
1156 357 1369 438 petitionibus
1381 358 1545 430 exaudiri,
1562 359 1640 436 quia
1650 361 1760 422 tamen

963 458 1139 536 antequam
1162 457 1324 520 natalium
1340 463 1441 520 causa
1459 457 1637 519 terminata
1660 459 1758 529 esset,

964 555 1200 633 dependentem
1229 555 1353 616 exilia
1379 554 1600 616 successionis
1626 570 1761 616 eausam

964 653 1122 730 incipere,
1151 653 1235 713 nihil
1260 652 1350 713 aliud
1377 653 1473 725 esset,
1498 668 1597 730 quam
1621 651 1761 712 dirersis

964 750 1174 829 processibus
1197 749 1356 811 intricare
1379 749 1558 826 negotium,
1585 749 1618 811 et
1640 745 1760 810 conlu-

965 849 1057 910 sione
1071 848 1211 926 quadam
1228 848 1376 911 ordinem
1396 847 1516 926 judicii
1540 847 1760 924 perturbare:

965 947 1054 1008 tuam
1086 962 1214 1024 quoque
1246 946 1464 1007 serenitatem
1495 944 1763 1023 praemonendam

965 1043 1119 1104 duximus
1132 1044 1165 1105 et
1178 1058 1345 1118 rogamus,
1362 1043 1492 1120 quodsi
1512 1041 1597 1104 torte
1622 1042 1662 1103 ab
1687 1041 1761 1120 ipsa

964 1142 1092 1218 regina,
1109 1139 1161 1202 vel
1174 1141 1289 1202 nuntio
1302 1143 1374 1218 ejus
1390 1157 1449 1201 seu
1463 1139 1610 1217 quolibet
1622 1139 1688 1202 alio
1702 1156 1762 1200 su-

964 1239 1100 1317 perhoc
1120 1237 1222 1299 tueris
1246 1237 1438 1316 requisitus,
1466 1253 1580 1298 eorum
1605 1236 1760 1314 precibus

965 1351 1063 1398 aures
1077 1337 1198 1414 regias,
1222 1336 1325 1397 donec
1345 1334 1526 1414 jamdicta
1551 1350 1651 1396 causa
1666 1333 1764 1396 nata-

964 1434 1046 1495 lium
1074 1433 1261 1511 Apostolico
1286 1434 1413 1512 jndicio
1449 1432 1548 1494 finem
1584 1430 1760 1509 acceperit,

965 1547 1031 1592 non
1044 1531 1184 1593 inclines
1201 1527 1259 1609 (1).

965 1809 1064 1865 copem
1084 1799 1110 1852 et
1127 1795 1268 1922 cgiscopor
1289 1792 1370 1864 requi
1384 1790 1634 1874 Lqricuertsiqqua
1647 1788 1702 1845 illis
1716 1787 1762 1844 ln·

963 1866 1068 1938 iungit,
1088 1873 1118 1922 ut
1162 1871 1261 1922 eerent
1285 1864 1431 1920 observari
1452 1861 1634 1918 interdictum
1659 1861 1705 1916 cui
1725 1873 1766 1916 re·

966 1951 1056 2010 gnum
1070 1937 1250 2008 legionense
1266 1934 1444 2006 suppositum
1454 1939 1516 1988 erat
1527 1930 1562 1988 ob
1573 1931 1765 1986 incestuosam

965 2008 1099 2079 copulam
1113 2008 1190 2079 regis
1205 2005 1395 2077 legionensis
1403 2019 1468 2060 cum
1480 2003 1535 2058 lrlia
1548 2002 1627 2073 regis
1637 1998 1766 2057 castellae

966 2085 1126 2149 nemesus,
1144 2078 1222 2148 ponit
1241 2077 1283 2132 eis
1303 2083 1368 2131 ante
1386 2075 1484 2130 oculos
1509 2079 1631 2128 mortem
1654 2070 1766 2141 imprae-

967 2149 1058 2205 visam
1084 2147 1206 2204 Conradi
1232 2145 1407 2202 marchionis
1439 2152 1467 2199 et
1499 2141 1614 2198 Henrici
1652 2140 1766 2197 cernitis

967 2217 1130 2290 Campaniae
1142 2216 1178 2272 ob
1193 2217 1334 2272 incestum
1356 2229 1421 2270 oum
1442 2213 1541 2286 regina
1558 2210 1764 2284 Hierosolymi-

967 2295 1045 2357 tana,
1060 2302 1180 2359 quorum
1195 2301 1269 2346 uuus
1284 2284 1390 2358 gladio,
1408 2285 1477 2340 alter
1498 2281 1653 2355 praeoipitio
1668 2281 1765 2352 periit3

967 2360 1022 2416 nisi
1036 2373 1190 2430 sequamur
1204 2364 1330 2414 mentem
1350 2354 1452 2412 eruditi
1463 2354 1586 2410 auctoris
1600 2353 1763 2423 Neapolita-

967 2432 997 2486 ni
1012 2430 1060 2501 qui
1075 2430 1124 2498 ait,
1141 2430 1169 2485 in
1185 2428 1330 2499 responsis
1342 2425 1511 2483 Pontillcum
1522 2439 1556 2480 ea
1570 2437 1634 2495 quae
1648 2422 1683 2478 ad
1698 2421 1765 2478 lrdei

967 2499 1103 2573 dogmata
1128 2499 1269 2570 pertinent
1293 2497 1370 2568 rejici
1398 2496 1453 2552 nisi
1479 2496 1546 2552 laesa
1576 2495 1681 2566 pietate
1708 2506 1765 2548 uon

968 2585 1068 2642 posse:
1085 2576 1112 2627 at
1127 2570 1150 2625 si
1167 2583 1221 2640 qua
1243 2568 1333 2624 obiter
1349 2565 1480 2634 inierant,
1502 2579 1565 2636 quat
1587 2577 1648 2620 rem
1661 2577 1762 2634 quam-

968 2641 1033 2698 dam
1046 2647 1159 2713 gestam
1170 2639 1343 2702 contineant,
1360 2637 1406 2705 iis,
1421 2651 1508 2708 quum
1518 2637 1574 2692 siut
1590 2632 1766 2706 hujusmodi,

968 2718 998 2768 ut
1022 2711 1157 2778 bumana,
1185 2708 1239 2766 boc
1259 2716 1302 2764 est
1325 2708 1417 2779 lapsui
1443 2721 1532 2780 prona
1553 2705 1607 2783 lide
1632 2705 1767 2771 nitantur,

968 2783 1042 2848 lieet,
1069 2788 1182 2837 servata
1200 2786 1297 2836 tamen
1314 2778 1464 2846 modestia,
1482 2775 1650 2834 dissentire:
1667 2781 1695 2830 et
1714 2773 1770 2830 boc

968 2849 1096 2923 estquod
1111 2850 1213 2906 doeeut
1238 2850 1364 2922 graviter
1380 2847 1520 2915 doctores,
1542 2846 1692 2904 assertioni
1710 2847 1766 2901 llo·

969 2923 1047 2980 mani
1066 2921 1211 2978 Pontiticis
1230 2928 1298 2977 tunc
1315 2917 1448 2976 standum
1473 2931 1547 2986 esse,
1574 2931 1661 2988 quum
1684 2913 1764 2997 quid-

969 2996 1045 3065 piam
1059 3007 1074 3048 a
1087 3007 1119 3048 se
1132 2999 1245 3064 gestum
1262 2997 1367 3057 narrat,
1391 2990 1474 3060 eique
1498 2987 1655 3045 narrationi
1681 2999 1768 3041 maxi·

969 3078 1015 3120 mc
1028 3063 1174 3119 inuititur:
1189 3059 1264 3132 quod
1276 3075 1332 3118 non
1348 3059 1434 3116 babet
1447 3059 1539 3116 locum
1553 3058 1583 3115 in
1598 3057 1652 3113 bac
1664 3057 1768 3139 Epist.;

970 3135 1026 3190 imo
1042 3133 1225 3191 Innocentius
1246 3131 1357 3189 videtur
1375 3131 1452 3187 clare
1475 3130 1594 3186 innuere
1612 3129 1770 3184 llenrrcum

968 3205 1067 3264 leviter
1083 3218 1227 3276 peccasse,
1239 3201 1306 3259 dnm
1323 3202 1374 3270 ait,
1388 3217 1450 3258 eum
1465 3201 1497 3258 trt
1513 3201 1598 3272 culpe
1609 3199 1682 3256 dicto
1696 3198 1768 3255 Corr-

969 3277 1040 3332 redo
1054 3263 1253 3345 qirodemmorlo
1266 3273 1439 3330 successisse.

1007 3379 1049 3464 (rr)
1066 3383 1189 3439 Causam
1212 3379 1373 3436 Neratium.
1391 3379 1441 3435 Est
1463 3377 1598 3450 spiritalis
1613 3390 1699 3433 causa
1715 3389 1767 3431 na·

971 3453 1079 3520 talium,
1095 3451 1160 3522 quia
1177 3451 1271 3522 agitur
1286 3450 1320 3505 de
1341 3449 1532 3515 matrimonio,
1549 3461 1656 3517 exque
1677 3452 1768 3502 status

971 3523 1034 3594 ojus
1050 3522 1097 3592 qui
1113 3535 1147 3576 ex
1167 3519 1349 3575 matrimonio
1372 3533 1403 3574 se
1423 3524 1604 3589 procreatum
1626 3516 1727 3572 asserit
1742 3515 1771 3570 in

971 3591 1197 3648 controversiam
1208 3594 1371 3654 vocatur,et
1384 3587 1448 3643 ideo
1457 3601 1554 3644 eoram
1567 3585 1662 3657 jndice
1676 3585 1769 3640 eccle·

972 3661 1087 3719 siastioo
1098 3657 1294 3730 disceptanda,
1311 3672 1374 3729 cap.
1391 3657 1477 3724 tator,
1500 3671 1564 3728 cap.
1581 3669 1707 3722 causum,
1722 3654 1772 3724 qui

970 3733 1025 3806 filli
1047 3731 1104 3787 sint
1116 3729 1319 3800 remitmittere
1344 3727 1411 3784 olim
1431 3727 1507 3784 cirili
1525 3725 1599 3798 apud
1620 3723 1771 3798 praesidem

973 3802 1127 3876 provincie
1145 3803 1164 3856 l.
1180 3802 1210 3868 l,
1231 3808 1259 3856 et
1279 3799 1310 3868 6,
1326 3799 1356 3855 C.
1376 3800 1410 3854 dc
1433 3800 1495 3856 ord.
1511 3797 1627 3867 copntt.;
1640 3797 1669 3853 in
1684 3795 1770 3866 Urbe,

971 3873 1120 3931 consulum
1134 3871 1261 3944 cognitio
1276 3877 1336 3927 orat
1348 3870 1366 3926 l.
1377 3869 1512 3951 dioi.,ff.,
1522 3867 1643 3923 deliber.
1659 3881 1768 3934 cuasa,

973 3943 1018 4001 vel
1046 3944 1133 3999 etiam
1157 3949 1321 4014 pratorum,
1346 3940 1365 3996 l.
1391 3940 1425 4008 l,
1445 3955 1471 3996 ar
1496 3939 1612 3994 libertus
1633 3937 1771 4008 inpatieus

972 4031 1029 4071 csse
1045 4015 1130 4082 diret,
1145 4011 1219 4085 quod
1233 4018 1329 4068 tamen
1351 4011 1481 4082 Cujacius
1497 4009 1614 4082 negavit
1633 4015 1772 4081 quantum

973 4085 1008 4142 ad
1018 4083 1258 4157 praesides,quum
1269 4083 1332 4153 jure
1344 4082 1474 4154 practorio
1490 4079 1773 4150 mitterenturlupro·

974 4155 1093 4224 vincias,
1110 4155 1156 4211 cui
1179 4155 1371 4210 assentiuntur
1386 4151 1433 4208 alii
1457 4151 1599 4218 doctores,
1623 4150 1671 4221 qui
1687 4163 1773 4204 ornae

974 4225 1189 4283 tundamentum
1204 4223 1357 4280 desumunt
1372 4237 1407 4279 ex
1427 4223 1444 4278 l.
1466 4224 1490 4291 l,
1507 4223 1536 4280 C.
1551 4221 1584 4276 de
1602 4221 1685 4277 ordin
1700 4264 1706 4288 ,
1723 4220 1770 4290 irr-

973 4297 1085 4364 dicior„
1100 4311 1164 4368 quae
1179 4310 1289 4368 parum,
1319 4301 1367 4350 aut
1395 4293 1465 4348 nibil
1494 4307 1545 4364 pro
1564 4291 1606 4347 eis
1627 4289 1716 4347 iacit:
1736 4290 1774 4345 alt

974 4368 1051 4424 enim
1067 4365 1102 4424 ad
1140 4364 1255 4422 raesides
1277 4379 1334 4420 non
1359 4365 1501 4435 pertinere
1527 4375 1645 4418 causam
1669 4367 1772 4428 status,

975 4453 1038 4510 quae
1057 4383 1213 4493 incidenter
1228 4442 1291 4508 post
1309 4433 1484 4491 baereditatis
1508 4431 1696 4504 questionem
1721 4445 1772 4488 co·

975 4523 1036 4564 ram
1046 4507 1141 4580 judice
1153 4506 1297 4563 ordinario
1307 4513 1413 4561 motam
1430 4503 1549 4571 accedit,
1567 4504 1614 4574 qui
1631 4503 1771 4558 aliusnon

976 4578 1076 4636 luisset
1097 4579 1243 4651 legitimus
1266 4576 1362 4649 judex.
1389 4577 1424 4632 At
1452 4589 1520 4631 vero
1544 4574 1608 4646 jure
1630 4571 1771 4628 canonico

976 4651 1052 4707 nullo
1068 4658 1150 4721 pacto
1165 4647 1293 4704 incidens
1308 4648 1426 4718 quaestio
1442 4653 1532 4702 status
1548 4645 1679 4713 sequitur
1695 4641 1774 4722 prim

976 4721 1097 4793 cipalem
1120 4721 1244 4784 civilem,
1270 4718 1336 4789 quia
1359 4731 1506 4786 nunquam
1531 4727 1617 4768 eausa
1640 4711 1776 4783 spiritalis

977 4798 1069 4863 potest
1085 4791 1187 4846 acivili
1200 4787 1337 4862 pendere,
1353 4794 1384 4843 ut
1399 4793 1475 4842 recte
1491 4783 1613 4840 advertit
1628 4785 1727 4841 Glossa
1741 4783 1777 4837 ad

977 4863 1083 4920 dietum
1099 4868 1195 4933 caput,
1211 4861 1296 4915 letor.

1014 4967 1052 5039 (Ι)
1073 4967 1095 5024 ΙΙ
1117 4981 1135 5039 y
1157 4979 1183 5029 a,
1206 4976 1319 5020 comme
1334 4961 1428 5018 disent
1449 4961 1491 5017 les
1503 4959 1630 5032 juristes,
1647 4958 1775 5027 littspcn-

977 5039 1064 5094 dorice
1089 5035 1233 5107 lorsqu’un
1261 5031 1364 5106 proces
1391 5040 1436 5088 est
1463 5029 1527 5101 teja
1557 5027 1672 5101 eugage
1696 5035 1777 5084 entre

979 5111 1088 5165 me‘rnes
1098 5120 1269 5188 personnae,
1296 5119 1366 5184 pour
1388 5103 1414 5160 la
1436 5107 1530 5158 meme
1546 5101 1655 5156 altoire.
1673 5101 1710 5156 Le
1725 5099 1773 5156 tri·

978 5180 1063 5237 bunal
1073 5177 1136 5250 dejt
1147 5176 1280 5234 saisldoit
1292 5189 1378 5247 puger
1393 5175 1434 5230 les
1445 5172 1592 5244 questions
1605 5169 1776 5238 incidentes,

978 5259 1006 5307 et
1021 5265 1078 5306 nort
1093 5264 1132 5306 un
1147 5255 1227 5304 autre
1241 5246 1372 5303 tribuual.
1388 5246 1436 5311 lei,
1453 5247 1478 5300 la
1494 5243 1626 5313 question
1642 5240 1714 5297 n'est
1730 5257 1780 5312 pas

979 5321 1014 5379 de
1036 5318 1254 5391 litispandence,
1281 5317 1353 5372 mais
1375 5314 1580 5398 prejudiciale,
1607 5311 1728 5384 puisrue
1755 5313 1780 5366 le

979 5393 1074 5450 meme
1094 5389 1217 5447 tribuual
1238 5387 1334 5444 u’aura
1355 5399 1436 5456 pase
1463 5399 1621 5456 pronoueor
1646 5381 1661 5440 ir
1694 5397 1708 5438 a
1728 5381 1781 5438 lois

978 5478 1027 5518 sur
1044 5464 1068 5519 la
1084 5477 1172 5518 ceusu
1190 5459 1334 5515 britolium
1353 5463 1381 5512 et
1401 5471 1449 5514 sur
1469 5456 1494 5513 la
1511 5453 1653 5528 propriete
1671 5450 1782 5511 leodale

979 5531 1016 5591 du
1032 5531 1126 5590 comte
1142 5531 1177 5588 de
1193 5528 1360 5601 Campania.
