4090 6426
287 290 346 350 279
611 329 612 334 ι
911 280 1087 344 HONORII
1102 284 1148 344 111
1170 287 1318 350 OPERA.
1882 297 1951 356 280

1138 461 1198 506 sua
1226 447 1416 524 provisione
1446 447 1657 512 frustratus:
1686 453 1823 530 propter
1851 455 1948 532 quod

1137 543 1224 606 idem
1239 545 1386 608 nostram
1401 545 1604 610 audientiam
1619 550 1809 626 appellauit,
1822 553 1950 630 appel-

1137 641 1254 703 lationi
1280 645 1375 722 cujus
1400 643 1550 706 dicimini
1579 647 1747 708 detulisse.
1776 649 1947 712 Nolentes

587 747 724 808 CAPUT
744 746 783 805 V.
1137 738 1240 814 igitur
1262 741 1299 802 ut
1319 740 1518 818 saepedictus
1542 743 1685 806 clericus
1709 745 1892 809 frustratus
1925 763 1946 810 a

1137 836 1242 910 vobis,
1258 836 1442 899 litterarum
1456 841 1646 903 nostrarum
1661 844 1834 906 commodo
1851 845 1947 906 ulte-

1137 936 1207 995 rius
1221 935 1452 1013 suspendatur,
1469 937 1563 999 vobis
1576 937 1717 1001 tirmiter
1727 941 1943 1016 mandamus

1137 1035 1310 1110 quatenus,
1333 1034 1463 1096 ratione
1478 1034 1667 1112 hujusmodi
1683 1053 1781 1115 quam
1796 1041 1944 1116 reputa-

1138 1145 1210 1190 mus
1225 1129 1378 1193 lrivolam
1393 1132 1633 1207 nonobstante,
1649 1134 1840 1198 mandatum
1855 1153 1943 1200 nos-

1136 1228 1222 1288 trum
1238 1227 1279 1289 ad
1303 1244 1363 1291 ros
1386 1245 1446 1306 pro
1461 1227 1533 1306 ipso
1549 1230 1710 1294 directum
1731 1233 1848 1295 taliter
1862 1235 1943 1297 sine

1137 1324 1328 1389 difficultate
1340 1325 1486 1404 qualibet
1500 1330 1741 1405 exsequamini,
1758 1332 1845 1408 quod
1862 1332 1941 1410 ipse

1137 1423 1270 1500 propter
1290 1423 1354 1486 hoc
1377 1423 1418 1485 ad
1441 1439 1502 1486 nos
1524 1425 1665 1487 ulterius
1689 1443 1755 1489 non
1769 1433 1939 1502 recurrat,

1137 1537 1197 1582 nec
1211 1536 1270 1581 ros
1283 1521 1417 1598 possitis
1427 1521 1467 1582 de
1481 1522 1705 1587 inobedientia
1719 1527 1937 1604 reprehendi,

1137 1635 1211 1696 quas
1224 1618 1423 1682 idololatriae
1436 1623 1659 1698 comparatur.
1764 1627 1769 1634 '

326 513 493 588 Episcopo
515 505 577 588 (a),
592 507 720 582 priori,
746 504 780 566 et
805 505 1044 566 urclttdtucoao

582 605 786 666 Muctootea.

327 881 473 944 Dilectus
494 881 517 942 s.
543 882 581 941 G.
607 894 733 957 pauper
758 877 900 940 clericus
922 876 1083 938 innostra

287 980 458 1060 proposuit
468 977 645 1056 praesentia
657 975 866 1049 constitutus,
882 973 968 1053 quod
984 990 1083 1051 quum

286 1079 423 1151 decano,
440 1078 473 1138 et
487 1074 630 1154 capitulo
646 1072 693 1155 (d)
713 1073 863 1136 ecclesiae
882 1071 971 1134 beati
990 1073 1084 1133 Mar-

287 1177 349 1238 tini
361 1174 572 1251 andegaven.
590 1189 705 1251 preces
719 1171 941 1233 direxerimus
956 1172 989 1232 et
1002 1187 1085 1248 prae-

287 1274 392 1352 cepta,
407 1273 443 1334 ut
454 1272 563 1348 ipsum
578 1271 754 1350 quamcito
770 1285 805 1330 se
820 1268 960 1330 facultas
978 1269 1082 1330 oller-

285 1371 337 1434 ret
351 1371 386 1432 in
401 1369 598 1432 canonicum
613 1368 801 1446 reciperent
823 1367 857 1428 et
876 1367 912 1426 in
933 1365 1081 1438 fratrem,

285 1468 379 1532 vobis
408 1483 507 1544 super
532 1466 596 1528 boo
623 1463 857 1527 executoribus
887 1463 949 1524 sibi
977 1462 1081 1536 datie,

285 1564 480 1628 vacantibus
495 1563 630 1626 interim
649 1561 776 1624 duabus
789 1562 824 1622 in
839 1561 981 1624 ecclesia
996 1577 1085 1638 prae-

285 1663 354 1726 lata
375 1661 572 1740 praebendis,
582 1660 689 1722 dictus
708 1659 861 1732 clericus,
885 1661 920 1721 ut
941 1659 1082 1720 manda-

286 1763 357 1822 tum
371 1761 521 1822 nostrum
536 1757 803 1836 exsequeremini
818 1758 908 1818 circa
926 1758 1046 1834 ipsum,
1064 1753 1083 1818 a

287 1857 381 1920 vobis
408 1873 482 1918 cum
508 1855 667 1917 instantia
693 1854 871 1932 postulavit
892 1876 900 1915 ι
921 1854 979 1915 sed
1005 1855 1083 1933 quia
1388 1829 1613 1919 'TITULUS
1641 1831 1677 1918 V

286 1956 434 2033 ipsorum
449 1953 567 2016 decani
581 1954 614 2015 et
626 1953 762 2030 capituli
777 1953 972 2030 procurator
986 1952 1082 2014 exci-

286 2052 407 2131 piendo
422 2051 595 2130 proposuit
607 2051 738 2112 nostras
754 2066 854 2128 super
870 2049 933 2112 hoc
954 2050 1083 2112 litteras
1137 2037 1180 2086 ¹³ss
1192 2037 1335 2086 CLEMCO
1346 2037 1567 2095 AEGROTANTE»
1579 2035 1643 2084 Μ’
1657 2037 1861 2088 ΒΕΒῙΠΤΑΤΟ
1875 2023 1938 2105 (¹)-

287 2149 487 2221 nonvalere,
502 2162 541 2209 eo
554 2147 640 2226 quod
649 2147 685 2207 in
695 2147 745 2207 eis
756 2147 879 2208 mentio
891 2163 959 2208 non
972 2145 1081 2221 tiebat,
1269 2168 1468 2240 Episcopo
1504 2167 1707 2228 ,ww-3072,
1735 2163 1799 2246 (ί.)

287 2245 374 2324 quod
397 2245 554 2323 praelatus
576 2245 721 2306 decanus
736 2260 779 2305 ex
793 2244 970 2307 donatione
992 2245 1083 2322 regis

286 2342 537 2421 praebendarum
561 2343 710 2420 ejusdem
739 2342 889 2405 ecclesiae
913 2342 1084 2404 collectio·
1437 2387 1573 2450 CAPUT
1598 2389 1613 2449 Ι

286 2457 363 2502 nem
383 2440 536 2514 haberet,
560 2455 620 2501 vos
648 2440 796 2501 mandati
821 2440 927 2502 nostri
955 2454 1081 2502 execu-
1616 2433 1624 2448 ‘
1830 2509 1835 2518 ,

285 2541 374 2602 tores
385 2555 450 2600 non
465 2553 539 2599 esse
554 2536 805 2615 interloquendo
823 2537 967 2610 dixistis,
987 2537 1020 2599 et
1034 2537 1083 2599 sic
1176 2538 1490 2613 consultationibus,
1506 2539 1540 2602 et
1560 2537 1667 2614 iufra.
1685 2537 1935 2601 Arclridiacono

285 2637 352 2698 illae
379 2636 452 2698 duae
481 2634 667 2713 praebendae
695 2651 769 2713 quae
800 2635 909 2698 medio
934 2636 1082 2714 tempore
1136 2647 1257 2710 autem,
1275 2653 1372 2714 quem
1387 2635 1502 2698 morbo
1521 2635 1705 2714 paralptico
1726 2637 1935 2698 laborantem

286 2734 489 2798 vacaverunt
502 2733 579 2795 aliis
594 2733 671 2795 sunt
685 2733 826 2807 collata,
840 2735 875 2796 et
886 2734 993 2796 dictus
1008 2734 1081 2797 cle·
1136 2735 1282 2797 officium
1294 2734 1417 2812 linguae
1431 2733 1555 2796 asseris
1568 2735 1732 2806 amisisse,
1754 2735 1934 2812 coadJuto-

286 2835 376 2896 ricus
391 2831 565 2895 occasione
579 2831 780 2910 hujusmodi,
798 2847 895 2909 quam
911 2849 970 2892 vos
984 2833 1085 2893 mali·
1136 2849 1206 2894 rem
1226 2832 1351 2910 poteris
1364 2832 1534 2902 adbibere,
1552 2833 1698 2898 maxime
1716 2831 1804 2895 side
1826 2832 1935 2910 ipsius

285 2931 371 2994 tiose
382 2929 548 3006 recepisse
562 2928 733 3000 videmini,
748 2929 908 2991 remansit
922 2927 1082 2990 hactenus
1137 2930 1337 3006 processeris
1349 2927 1545 3008 voluntate(
1567 2927 1592 3008 ).

323 3077 365 3152 (a)
384 3078 521 3148 Episcopo
534 3075 729 3135 Matcoairasi.
749 3076 804 3136 Vol
827 3083 891 3134 atos
904 3077 999 3135 Codex
1016 3081 1084 3137 ller-
1136 3077 1243 3135 reditus
1276 3085 1359 3135 erunt
1389 3075 1567 3150 assignandi,
1595 3081 1625 3132 et
1651 3077 1807 3151 episcopus
1834 3091 1933 3136 curam

287 3145 781 3218 lordeo.;neutrirecte.legendum
820 3148 1084 3216 actoriensismut·
1136 3148 1252 3206 habebit
1271 3148 1447 3222 regmtantis,
1464 3161 1528 3203 can.
1543 3146 1627 3202 1.82.
1640 3146 1706 3204 dist.

286 3221 374 3288 Moto,
387 3219 415 3274 in
430 3217 574 3276 Britannia
590 3216 703 3284 minori,
719 3217 773 3274 sub
789 3219 956 3276 turonensi.
972 3219 1083 3278 llerloo
1172 3219 1211 3292 (2)
1226 3219 1280 3276 Les
1292 3217 1483 3276 archidiacres
1497 3223 1562 3275 sont
1576 3213 1793 3288 generalement
1808 3220 1932 3294 rempla·

181 3325 183 3331 ,
285 3290 332 3347 dia
357 3290 386 3345 in
408 3288 537 3360 Anglia:
567 3287 767 3346 blactovieusis
795 3289 947 3361 episcopos
972 3292 1083 3349 vicinus
1136 3289 1184 3346 cis
1205 3289 1277 3346 dans
1295 3291 1337 3346 les
1365 3287 1505 3357 dioceses,
1535 3287 1628 3345 disent
1653 3288 1695 3344 les
1714 3291 1889 3360 canonistas,
1914 3288 1931 3346 a

286 3360 415 3418 ecclesie
433 3357 596 3430 Andagav,
612 3355 648 3416 do
664 3372 721 3430 qua
735 3359 764 3415 in
787 3357 843 3417 hoc
857 3374 920 3433 trop.
943 3362 1015 3418 Olim
1037 3363 1083 3420 llic
1137 3360 1224 3432 partir
1239 3358 1277 3417 du
1298 3361 1339 3418 110
1358 3357 1455 3428 siecle,
1479 3373 1531 3430 par
1557 3356 1608 3414 des
1629 3359 1751 3416 uicaires
1771 3359 1930 3433 generans,

286 3432 469 3559 (episcopatus
485 3429 628 3556 Aleteqsis
641 3429 807 3558 vgoabgtur,
827 3439 943 3489 auctore
960 3433 1083 3491 lieberto
1136 3430 1345 3558 strombi-{sad
1355 3435 1466 3557 nuttam.
1480 3431 1525 3486 Au
1535 3429 1617 3488 111110
1632 3428 1729 3498 siecle,
1743 3431 1777 3487 ils
1789 3429 1862 3488 ootb
1874 3447 1930 3505 peu

285 3503 644 3656 trdrffiialtgeiundesuffiteffi'
663 3503 1083 3656 lirgtfirrssrgltinggrriclgeistoegffi
1137 3506 1930 3656 mirgaelligisigffignotsepssarillgibrigffit.pentetrecoasi·

288 3647 316 3704 S.
332 3643 463 3702 Mactavn
482 3657 599 3700 nomiae
618 3645 763 3715 (corrupte
781 3643 906 3702 lladomr
926 3645 1001 3716 apud
1021 3646 1081 3704 dic·
1135 3643 1221 3700 dores
1233 3657 1346 3700 comme
1357 3649 1509 3716 apportant
1521 3657 1578 3703 une
1590 3643 1712 3702 solution
1723 3657 1771 3699 sur
1786 3643 1933 3714 lespomts

285 3723 345 3773 tum
357 3713 523 3788 ltobertum)
540 3729 556 3772 a
572 3717 603 3773 u.
619 3717 729 3773 tasone
744 3714 780 3771 de
794 3715 945 3786 Craticula,
963 3717 998 3774 37
1011 3718 1083 3791 epis·
1135 3715 1281 3771 solvente:
1302 3715 1342 3772 Le
1359 3711 1433 3770 droit
1452 3713 1624 3773 accordetil
1638 3727 1677 3770 ua
1692 3710 1857 3786 coadjuteur
1876 3727 1933 3770 aux

285 3801 358 3860 copo
372 3787 514 3855 Aletensi3
530 3801 617 3858 quum
628 3792 712 3843 antea
726 3786 805 3842 locus
817 3785 871 3842 iste
884 3786 974 3844 insula
986 3789 1082 3846 Aaron
1137 3783 1251 3858 prolate,
1265 3799 1321 3842 aux
1332 3783 1462 3856 ductis,
1476 3797 1547 3858 pour
1561 3788 1653 3858 parler
1667 3783 1695 3842 le
1709 3783 1836 3856 laogage
1848 3797 1933 3840 ceno·

285 3857 436 3915 diceretur.
458 3857 596 3916 Rescribit
615 3863 710 3914 autem
734 3856 877 3914 Honorius
902 3865 999 3914 noster
1028 3859 1084 3916 boc
1137 3855 1361 3928 arqueruesolu
1376 3853 1637 3915 aitlrmativemeat.
1652 3856 1692 3912 le
1706 3868 1756 3911 cas
1768 3854 1933 3926 particulier

285 3929 461 4001 eaputPetro
467 3926 581 3986 (liraldo
593 3927 794 4000 crucesignato
804 3934 902 3984 contra
911 3928 1084 4000 albigenses
1135 3927 1209 3984 est-il
1223 3926 1281 3984 l’ua
1292 3925 1328 3982 de
1342 3940 1414 3983 ceux
1429 3925 1478 3997 qui
1488 3925 1627 3998 iustificat
1639 3927 1666 3984 la
1677 3925 1855 3982 nomination
1865 3923 1933 3982 d’un

285 4013 361 4057 anuo
387 3999 465 4066 1216,
490 3999 539 4071 qui
559 3998 630 4056 vixit
651 4011 742 4069 usque
764 3996 801 4054 ad
822 4012 928 4055 anuum
946 4001 1024 4069 1218,
1038 4001 1083 4059 vel
1136 3993 1934 4069 coadiuteuriltdsolualtlrmativemeat.bernidreques-

284 4069 434 4142 lladulpbo
447 4072 483 4138 ll,
499 4070 548 4141 qui
559 4069 629 4126 obiit
640 4081 716 4126 anno
726 4067 805 4137 1219,
822 4069 867 4125 vel
880 4068 1007 4127 Gollrido
1020 4070 1083 4144 eins
1137 4070 1205 4135 tion,
1218 4069 1244 4124 la
1254 4069 1317 4140 plus
1329 4063 1530 4137 interessente,
1543 4071 1660 4126 relative
1671 4065 1723 4124 ita
1734 4065 1883 4138 discipline
1894 4065 1932 4124 de

285 4139 456 4198 successori.
1136 4138 1285 4197 l’occideot
1303 4145 1478 4196 concernunt
1496 4140 1539 4196 les
1559 4141 1673 4198 aucant
1690 4137 1881 4196 archidiacros
1893 4139 1932 4210 tle

323 4211 362 4283 (b)
382 4209 513 4266 licctraia
536 4209 570 4266 B.
596 4206 718 4266 Martini
739 4206 943 4279 Aodeqaoruei.
971 4213 1003 4269 ln
1028 4226 1081 4269 no·
1136 4224 1203 4266 nom
1221 4217 1265 4266 est
1286 4207 1619 4294 reseruassemus
1642 4207 1820 4283 aujourd’hui
1840 4205 1856 4264 a
1874 4223 1932 4266 uno

285 4281 461 4338 menolatum
489 4286 607 4336 vocatur
634 4277 690 4336 boc
711 4277 869 4347 capitulum
895 4287 924 4338 et
948 4284 1081 4354 eoeleste,
1136 4281 1270 4338 situation
1291 4279 1471 4338 absolument
1489 4280 1650 4352 differente,
1670 4295 1707 4337 en
1721 4287 1797 4338 sorte
1817 4293 1872 4351 que
1888 4279 1931 4338 les

286 4353 314 4410 S.
328 4350 443 4410 Martini
459 4350 551 4423 liegii.
1136 4351 1326 4411 archidiacros
1340 4352 1447 4409 actaeis
1463 4351 1550 4422 naut,
1568 4367 1639 4436 pour
1654 4351 1727 4410 ainsi
1742 4349 1803 4408 dire
1818 4351 1879 4406 rien
1894 4350 1931 4407 de

320 4421 361 4496 (1)
377 4423 416 4480 Ge
430 4422 493 4477 titre
503 4430 554 4502 'est
570 4419 597 4478 le
616 4420 648 4478 60
662 4417 734 4476 daus
753 4418 780 4477 la
801 4421 969 4492 Compitatio
985 4425 1083 4496 prima
1136 4437 1270 4480 commuu
1295 4436 1366 4478 avec
1383 4437 1456 4479 ceux
1479 4423 1532 4481 des
1554 4422 1656 4482 sidetes
1680 4420 1868 4493 anterieurs):
1889 4423 1930 4480 La

287 4493 396 4551 etdaua
410 4493 452 4548 les
465 4493 573 4549 Decret.
590 4491 799 4562 Grr'qorrrnarr.
1136 4493 1232 4551 datlen
1247 4492 1283 4550 de
1298 4491 1465 4566 coadjuteur
1480 4494 1515 4551 de
1538 4493 1734 4552 l'archidiacre
1748 4492 1873 4560 est-elle,
1892 4507 1929 4550 ou

325 4562 362 4637 (c)
378 4563 518 4634 Episcopo
529 4563 683 4619 Auersaaa.
699 4562 808 4619 Aversa
823 4562 924 4622 civitas
938 4567 1083 4640 episcopa·
1136 4564 1269 4622 erait-elle
1280 4577 1336 4619 une
1348 4577 1435 4621 causo
1450 4566 1577 4636 majrare
1589 4572 1618 4622 et
1634 4561 1766 4622 reserves
1779 4579 1816 4621 au
1828 4565 1930 4621 souve-

287 4635 322 4692 lis
336 4635 419 4708 regni
434 4633 625 4706 Neapolitani,
640 4632 771 4690 olimsub
784 4634 1001 4710 archiepiscopo
1011 4639 1084 4696 Nea·
1136 4635 1197 4693 rain
1213 4632 1343 4692 Pontiie?
1358 4633 1463 4693 Resolu
1478 4634 1701 4708 adgativement.

286 4706 423 4780 politauo,
437 4719 514 4762 nunc
528 4711 671 4776 exempta.
1171 4706 1313 4764 Peut-etre
1325 4703 1426 4764 u’estil
1443 4721 1495 4779 pas
1505 4706 1572 4764 hors
1582 4706 1618 4764 de
1633 4719 1738 4780 propos
1752 4703 1788 4762 do
1800 4705 1929 4788 rappeler

323 4777 376 4835 llic
394 4791 452 4833 non
478 4783 522 4833 est
547 4771 769 4833 immorandum.
796 4775 913 4834 Daudus
936 4777 1083 4851 coadjutor
1136 4775 1928 4870 lesoausescanouiquesquimotiveotlanoariaanoade

286 4850 457 4921 cuicumque
476 4849 622 4920 episeopo,
640 4845 852 4917 archidiacono,
876 4849 1012 4920 parocho,
1035 4849 1083 4908 vel
1135 4848 1301 4920 coadjuteur
1315 4847 1410 4920 lorsqu
1421 4850 1440 4906 il
1452 4849 1538 4922 s'agit
1552 4847 1588 4906 de
1600 4847 1739 4920 l'dvdque,
1755 4845 1820 4904 d‘od
1832 4847 1851 4902 il
1866 4861 1927 4904 sera

284 4921 370 4977 aliam
383 4919 554 4992 dignitatem
569 4916 700 4975 trabeati:
720 4917 797 4990 quod
817 4924 914 4976 tamen
928 4921 1082 4978 concilium
1156 4919 1242 4976 ermis
1254 4917 1289 4976 de
1301 4920 1435 4977 coactare
1448 4933 1518 4992 pour
1528 4920 1571 4976 los
1580 4928 1676 4977 autres
1688 4916 1907 4990 coadiutoreries
1921 4933 1928 4974 :

285 4990 482 5048 'tridentinum
495 5003 552 5046 uon
568 4988 679 5062 probat,
692 4989 747 5045 nisi
759 4997 897 5060 quantum
910 4989 946 5048 ad
965 5007 1015 5048 eos
1034 4991 1083 5064 qui
1136 4935 1166 5047 ft>
1181 4990 1297 5048 morbus
1316 4989 1496 5060 incurabilis3
1511 4991 1543 5048 20
1557 4991 1582 5048 si
1601 4991 1753 5063 episcopus
1767 4987 1805 5045 sit
1823 5003 1926 5058 seuex;

285 5075 385 5119 curam
400 5063 562 5118 animarum
583 5059 699 5128 babeat,
712 5059 815 5132 quibas
834 5059 946 5119 dandus
964 5062 1080 5134 coadju·
1134 5063 1165 5118 3⁰
1180 5062 1205 5118 si
1225 5061 1388 5119 valetudine
1402 5063 1541 5136 corporali
1564 5063 1600 5118 sit
1622 5068 1758 5134 perpetua
1773 5067 1926 5134 gravatus3

286 5139 340 5202 tor,
362 5133 409 5190 vel
429 5132 563 5201 vicarius,
582 5130 650 5188 dum
673 5138 771 5188 umen
789 5135 898 5188 nonsit
916 5142 1081 5208 perpetuus,
1135 5133 1166 5189 10
1177 5131 1609 5206 siallasimpeditusperpetu03
1620 5135 1651 5190 5⁰
1666 5133 1691 5188 si
1704 5147 1732 5190 u.
1749 5145 1779 5203 g.
1795 5138 1926 5212 perpetuo

286 5219 350 5277 cap.
377 5205 416 5260 od
436 5203 636 5274 exstirpando,
661 5202 694 5258 de
707 5201 748 5273 fit.
773 5204 941 5276 presbyter,
955 5205 1006 5264 sed
1030 5221 1082 5278 pro
1135 5203 1284 5274 detentus3
1297 5203 1328 5261 60
1349 5202 1519 5274 sidemeos3
1538 5206 1568 5261 70
1583 5201 1794 5276 sicompeteuti
1810 5203 1925 5260 scama

286 5282 343 5332 tem
366 5290 416 5332 ore
439 5273 601 5347 deputetur,
628 5287 692 5344 cup.
715 5273 742 5342 6,
758 5287 830 5330 sess.
846 5276 891 5331 21.
910 5280 945 5334 lit
963 5279 1082 5335 omniuo
1135 5281 1242 5345 careat,
1259 5274 1416 5347 praesertim
1431 5275 1549 5332 scientis
1567 5275 1654 5347 iuris3
1670 5275 1702 5332 8⁰
1724 5273 1750 5330 si
1767 5272 1795 5329 in
1814 5271 1926 5329 dioecesi

285 5291 479 5418 eoatfitrtorias
507 5359 572 5402 cum
594 5344 686 5402 lutura
710 5346 892 5403 successione
916 5347 1081 5406 danmatio
1135 5347 1191 5402 siut
1207 5346 1303 5418 populi
1317 5345 1494 5402 diversarum
1516 5347 1691 5418 linguarum,
1704 5345 1810 5400 rituum
1823 5350 1851 5425 et
1866 5357 1923 5400 ma·

285 5433 350 5490 cap.
368 5419 393 5486 7,
411 5431 483 5474 sess.
503 5417 547 5473 25.
572 5417 630 5474 lltis
649 5414 765 5487 quidam
784 5417 899 5474 sicariis
915 5434 980 5492 pars
1005 5419 1080 5478 truc·
1136 5433 1215 5487 rum;
1231 5417 1262 5474 9⁰
1275 5418 1297 5472 si
1310 5415 1437 5474 adsuum
1449 5417 1575 5474 alliciam
1588 5416 1722 5474 reddatur
1741 5413 1882 5484 intrabilis,
1896 5430 1922 5470 v.

287 5494 366 5547 tuum
387 5487 579 5561 abepiscopo
602 5488 745 5560 assignari
764 5485 859 5558 debet,
880 5505 944 5562 cap.
964 5493 981 5549 3
1003 5501 1032 5550 et
1053 5491 1080 5560 b,
1135 5504 1164 5561 g.
1181 5489 1218 5544 sit
1232 5487 1391 5559 mutilatum
1408 5487 1455 5544 100
1475 5489 1666 5546 numerositas
1692 5485 1807 5559 populi;
1834 5487 1880 5544 ll⁰
1899 5487 1920 5544 si

288 5561 366 5628 eod.;
381 5559 431 5616 sed
445 5559 546 5630 quaerit
560 5559 724 5616 l'aacredus
742 5558 772 5617 in
790 5561 911 5618 secunda
931 5565 1080 5634 compilat.
1135 5559 1172 5615 sit
1184 5557 1338 5631 negligens
1353 5558 1381 5615 iu
1396 5557 1505 5630 offici03
1520 5560 1567 5616 120
1578 5561 1602 5616 si
1613 5565 1762 5631 suspectus
1775 5557 1810 5614 de
1823 5556 1919 5630 dilapi-

284 5631 308 5686 ει
320 5631 427 5688 reditus
439 5643 496 5688 noa
514 5623 667 5700 sarnetum,
683 5635 750 5688 tune
765 5629 802 5688 tui
819 5631 866 5704 qui
880 5634 979 5692 altario
995 5638 1082 5697 servu
1135 5629 1249 5687 datione
1260 5629 1397 5688 botrorum
1409 5631 1549 5689 eor-lesia.
