4076 6420
45 285 108 352 ias
679 278 725 347 IN
746 281 895 347 GAPITE
914 281 1083 348 assurin.
1228 341 1230 344 .
1643 292 1703 356 734

48 447 162 510 tiones
197 442 435 510 baereticorum
465 443 544 506 sunt
566 456 671 519 prava
698 442 853 519 dogmata
907 446 1070 522 amante,
1083 445 1117 509 et
1131 443 1262 520 operiet
1275 444 1530 512 multitudinem
1543 450 1704 524 peccato·

50 542 176 622 qnibus
190 541 342 606 haeretici
354 541 527 619 opiniones
540 556 618 602 suas
634 555 737 602 sacrae
746 541 854 618 Sorip·
907 559 988 606 ram
1000 541 1084 623 (dac.
1098 560 1131 618 r,
1146 542 1213 623 20).

49 642 138 702 turae
172 639 348 704 sententiis
371 638 573 716 praeierunt,
602 638 635 699 et
663 654 723 700 sua
750 653 853 715 prava
934 640 1700 718 Decolligationibusdamnatorumdicitlsaias:

50 739 213 815 dogmata
247 737 484 798 ecclesiasticis
518 736 678 798 doctrinis
706 735 854 813 interpo-
908 738 1215 816 Conarcpabnntnr
1235 739 1499 816 concrepatione
1518 743 1622 802 nnius
1635 745 1704 816 fas-

50 837 149 898 nnnt.
176 839 225 898 De
239 834 358 913 quihus
382 834 504 896 dicitur
520 835 557 896 in
571 834 671 896 Libro
687 834 851 906 iudicum,
907 839 967 908 cis,
988 837 1023 898 et
1044 836 1231 898 mittentia
1251 840 1289 898 in
1312 842 1425 900 lacum
1447 835 1504 916 (Is.
1521 851 1615 908 xxiv,
1635 837 1702 919 22).

50 933 141 1012 quod
158 932 346 1010 vulpeculae
367 932 536 994 samsonis
549 931 716 994 habebant
730 931 853 992 caudas
908 933 1044 996 Eiidem
1059 933 1099 996 de
1115 949 1312 1013 unoquoque
1327 934 1503 998 damnato:
1521 937 1705 1000 coronabit

50 1031 244 1108 colligatas,
259 1030 430 1092 sediacies
445 1030 607 1092 diversas.
623 1032 670 1091 De
686 1029 759 1090 istis
774 1028 855 1091 dicit
909 1032 941 1092 te
969 1035 1137 1094 Dominus
1166 1033 1395 1106 tribnmtione,
1421 1035 1455 1095 ct
1474 1038 1573 1108 quasi
1594 1039 1706 1110 pinam

49 1132 206 1192 loannes
226 1129 262 1190 in
283 1128 486 1204 Evangelio:
503 1127 855 1203 malamivenemnt
907 1130 1021 1191 mittet
1050 1130 1083 1194 te
1110 1134 1148 1192 tn
1176 1132 1312 1194 terram
1336 1131 1444 1192 latam
1461 1132 1495 1193 ct
1514 1133 1704 1206 spatiosam

49 1228 135 1288 ante
159 1241 236 1298 mc,
252 1228 356 1301 ,iares
381 1226 414 1288 et
435 1226 589 1288 latrones
616 1225 698 1286 sunt
720 1222 852 1305 (loann.
910 1223 967 1305 (Is.
983 1243 1068 1300 xxn,
1085 1226 1149 1308 18).
1166 1227 1326 1290 Dominus
1341 1227 1514 1292 coronabit
1528 1229 1703 1294 damnatos

47 1340 83 1397 x,
101 1321 148 1403 8).
179 1323 277 1386 Unde
297 1323 438 1399 legimus
467 1322 503 1384 in
523 1322 736 1400 Apocalypsi,
767 1321 854 1400 quod
908 1323 1133 1398 tribulatione,
1155 1326 1234 1403 quia
1257 1326 1343 1388 siout
1371 1341 1495 1389 corona
1518 1327 1706 1390 nonhabet

48 1421 293 1484 similitudines
305 1421 508 1483 locustarum
517 1422 612 1483 erant
624 1420 750 1482 similes
760 1419 854 1497 equis
909 1421 1309 1495 tinem,itatribulatioues
1318 1426 1351 1487 et
1357 1440 1463 1502 poenae
1471 1424 1704 1487 damnatorum

48 1519 180 1598 paratis
210 1519 261 1581 ire
289 1519 325 1580 in
352 1518 515 1598 praelium.
544 1519 583 1581 Ε)
603 1517 711 1580 iacies
737 1531 854 1578 *eorum
909 1535 976 1582 nou
993 1519 1162 1584 finientur.
1185 1521 1259 1583 Pila
1273 1522 1315 1583 ad
1335 1521 1398 1585 hoc
1419 1523 1553 1600 ponitur
1570 1523 1606 1585 ut
1629 1523 1703 1600 pis-

43 1617 149 1680 erant
174 1617 268 1678 siout
292 1616 396 1679 iacies
421 1616 606 1691 bominum,
634 1615 669 1678 et
689 1613 857 1677 habebunt
908 1618 1006 1680 tetur.
1032 1618 1114 1680 Mali
1131 1621 1301 1698 ponuntur
1318 1619 1358 1680 in
1374 1619 1507 1682 inferno
1522 1620 1704 1698 sioutapila,

48 1715 177 1778 caudas
190 1715 324 1776 similes
343 1713 575 1792 scorpionibus
601 1712 717 1794 (Apoc.
739 1727 787 1786 1x,
806 1710 852 1792 7).
909 1715 946 1777 ιι)
956 1715 1119 1778 feriantur
1134 1715 1206 1780 sine
1222 1716 1471 1778 intermissione
1485 1717 1621 1779 aeternis
1634 1717 1713 1780 tor-

47 1813 218 1876 Haeretici
248 1812 467 1889 designantur
495 1827 555 1890 per
582 1811 743 1884 locustas,
778 1809 855 1887 quia
910 1813 1041 1876 mentis.
1057 1815 1097 1876 Ε)
1107 1814 1171 1876 boc
1185 1813 1242 1877 fiet
1255 1814 1291 1875 in
1309 1814 1401 1877 terra
1415 1814 1484 1876 lata
1497 1815 1529 1877 et
1544 1815 1704 1892 spatiosa,

45 1911 128 1974 sunt
153 1910 335 1972 instabiles
369 1910 402 1972 et
433 1910 512 1986 vagi
546 1909 580 1972 et
613 1907 703 1986 pleni
730 1906 856 1969 errori-
909 1910 1006 1983 idest,
1031 1910 1210 1973 ininferna
1226 1911 1705 1976 obieritmultitndodamna-

47 2009 122 2072 bus.
148 2009 239 2070 Sunt
253 2006 379 2069 similes
398 2008 493 2085 equis
512 2006 638 2085 paratis
653 2006 704 2066 ire
717 2005 753 2066 in
768 2019 856 2082 prae-
907 2008 1029 2070 torum.
1047 2009 1139 2070 Unde
1151 2008 1187 2070 in
1199 2008 1345 2086 psalmo:
1361 2012 1530 2072 Dmninns
1543 2025 1707 2084 canonas·

50 2107 152 2180 lium,
174 2105 280 2179 idest,
306 2104 456 2184 superbi,
477 2105 555 2166 sunt
572 2103 724 2166 crudeles
743 2105 777 2164 et
794 2118 857 2180 pa·
909 2107 997 2168 rabit
1011 2106 1479 2182 capitainterramnliornm
1491 2104 1560 2185 (Ps.
1574 2109 1643 2180 109,
1657 2106 1704 2187 6),

48 2206 115 2268 rati
131 2205 175 2266 ad
196 2204 274 2267 lites
295 2205 328 2268 et
346 2203 589 2280 contentionem
610 2201 735 2264 bahent
752 2199 855 2262 iacies
910 2203 996 2266 idest
1014 2203 1163 2266 conteret
1185 2203 1305 2265 multos
1331 2203 1465 2281 iniquos
1493 2205 1526 2266 et
1545 2204 1705 2283 superbos

49 2303 139 2366 sicut
160 2301 335 2374 homines
356 2300 434 2379 quia
457 2301 492 2363 in
518 2299 683 2380 principio
707 2298 760 2360 sui
779 2313 855 2358 ser·
910 2301 945 2362 in
960 2300 1102 2362 interno.
1127 2303 1174 2363 De
1189 2301 1308 2378 quibus
1323 2299 1487 2364 damnatis
1500 2304 1648 2365 ioannes
1668 2305 1706 2366 in

50 2400 162 2462 monis
182 2399 340 2463 videntur
358 2399 446 2461 bona
468 2399 501 2462 et
521 2396 735 2460 rationabilia
753 2394 856 2458 verba
910 2399 1128 2476 Apocalypsi:
1147 2399 1707 2476 Qnantnmaloiiilcavernntscin

51 2513 255 2576 proponere,
270 2497 327 2560 sed
345 2495 470 2558 babent
486 2494 609 2557 caudas
622 2493 748 2556 similes
763 2507 856 2554 scor·
910 2500 1048 2570 mundo,
1060 2497 1094 2559 et
1107 2501 1145 2558 in
1158 2500 1288 2560 deliciis
1301 2497 1541 2571 ineruntdatc
1561 2502 1612 2560 eis
1627 2499 1704 2561 tor·

51 2597 205 2674 pianum,
227 2595 305 2674 quia
325 2595 361 2655 in
380 2594 446 2654 fine
466 2593 519 2653 sni
538 2592 700 2654 sermonis
721 2591 857 2652 servant
909 2594 1027 2656 nienia
1047 2595 1082 2657 at
1103 2595 1214 2658 lactus
1231 2592 1345 2674 (Apoc.
1366 2610 1462 2668 xvrn,
1478 2593 1525 2674 7),
1541 2593 1629 2658 idest
1639 2611 1705 2673 pa-

51 2710 224 2756 venenum
245 2692 298 2754 sui
321 2691 458 2753 erroris.
486 2690 561 2751 Istae
587 2690 664 2751 sunt
689 2688 757 2750 illae
780 2687 856 2749 rul—
910 2691 1707 2771 tianturgravioratormenta,etmajoremplano-

50 2793 206 2870 pecnlae,
234 2790 275 2851 de
305 2787 424 2866 quibus
453 2801 575 2863 sponsa
601 2785 683 2848 dicit
708 2785 744 2846 in
774 2801 857 2846 oan-
910 2789 980 2851 tum
1003 2791 1039 2852 in
1066 2789 1209 2852 interno.
1234 2789 1374 2852 Tantam
1408 2791 1497 2852 enim
1526 2790 1560 2852 in
1596 2791 1704 2868 poenis

50 2889 156 2951 ticis:
182 2887 301 2960 Capite
319 2890 436 2960 unipes
449 2888 618 2959 parvulas
645 2897 722 2958 anic
739 2885 857 2946 demo·
910 2888 1043 2967 reprobi
1075 2888 1287 2951 sustinebunt
1320 2889 1527 2964 angustiam,
1557 2888 1594 2951 ιι)
1619 2889 1705 2951 nibil

49 2987 193 3048 iniretur
226 2986 347 3046 vineas
381 2985 521 3045 Domini
554 2980 702 3045 Sabaoth
738 2977 853 3060 (Cant.
911 2987 1059 3063 cogitare
1081 2987 1217 3050 valeant
1242 2988 1365 3064 praeter
1383 3001 1519 3063 poenaS,
1543 2985 1601 3048 sed
1624 2986 1706 3050 illuc

52 3100 94 3158 ιι,
119 3081 193 3164 15).
910 3084 1054 3160 dirigent
1067 3085 1227 3162 impetum
1241 3083 1464 3160 cogitationis,
1486 3083 1543 3144 ubi
1562 3082 1707 3147 sentient

93 3185 142 3244 De
158 3179 429 3258 colligationibus
446 3178 658 3256 peccatorum
680 3176 802 3240 dicitur
818 3176 854 3237 in
909 3182 977 3246 vim
987 3183 1122 3257 doloris,
1139 3181 1315 3245 Salomone
1327 3179 1522 3244 attestante:
1537 3185 1611 3246 Nec
1619 3197 1707 3258 opas

55 3279 441 3352 psalteriozrrimipes
454 3276 735 3338 conveneruntin
745 3290 854 3338 uiiwli
909 3282 1085 3344 narratio
1099 3295 1163 3343 nec
1180 3276 1341 3353 scientia',
1371 3295 1433 3342 nec
1459 3281 1632 3354 sapientia
1656 3280 1707 3343 est

52 3382 227 3441 adversas
240 3379 428 3439 Dominum
441 3373 475 3437 ct
489 3377 657 3436 adversas
680 3373 869 3435 onimium*
909 3377 997 3455 apud
1009 3377 1135 3438 inferos
1150 3393 1215 3454 quo
1226 3379 1263 3440 tn
1274 3391 1434 3453 properas
1444 3379 1451 3436 l
1460 3374 1564 3456 (Eccl.
1576 3393 1623 3450 rx,
1638 3375 1705 3458 10.)

52 3479 129 3549 mne
149 3474 223 3555 (Ps.
243 3475 274 3547 2,
298 3471 345 3552 2).
369 3471 462 3533 Sicut
484 3470 566 3531 dicit
584 3469 773 3557 psalmista,
795 3460 855 3546 pro
950 3471 1500 3550 Dissolvamusergocolligationes
1511 3473 1703 3551 impietatis,

52 3589 120 3635 nno
135 3587 270 3652 qnoque
285 3570 476 3649 peccatore:
492 3569 696 3643 Haecfecistt
706 3567 739 3629 ct
751 3568 854 3628 taoni.
910 3569 1066 3649 quoniam
1081 3569 1145 3631 hoo
1159 3569 1209 3631 est
1223 3571 1331 3646 majus
1342 3568 1508 3647 jejunium
1523 3569 1610 3647 quod
1630 3569 1705 3632 ele-

53 3671 285 3734 Datstimasti
312 3671 427 3742 intona
446 3669 535 3740 annal
562 3680 623 3727 erc
656 3665 707 3726 ini
732 3666 856 3726 similis
909 3668 958 3745 git
982 3666 1183 3729 Altissimus
1220 3669 1270 3728 Tu
1297 3665 1416 3728 antem
1443 3681 1522 3727 cnm
1542 3669 1704 3740 jejunas,

56 3767 126 3848 (Ps.
137 3771 190 3842 49,
208 3765 275 3846 21).
296 3765 457 3828 Dominus
472 3763 559 3825 dicet
575 3761 742 3839 peccatori
754 3761 856 3839 inju-
908 3780 999 3842 ariae
1026 3765 1129 3839 capnt
1166 3765 1265 3826 tnnm
1293 3765 1326 3826 et
1352 3763 1602 3838 [calaminam
1628 3768 1707 3826 lava

52 3867 166 3930 dicio:
183 3869 235 3928 Tu
248 3863 356 3926 iecisti
371 3863 444 3924 haee
459 3860 611 3932 crimina,
625 3859 659 3922 et
669 3875 731 3937 ego
753 3858 854 3932 tacui,
910 3861 1041 3944 (Matth.
1058 3878 1102 3935 vr,
1116 3860 1402 3942 immansuetudo
1420 3860 1493 3922 erat
1502 3863 1521 3924 J
1524 3861 1628 3923 udaie
1640 3861 1708 3924 die·

55 3966 136 4042 quia
143 3980 213 4027 non
220 3962 297 4026 dedi
307 3961 505 4024 sententiam
518 3958 742 4021 damnationis
757 3958 793 4020 in
804 3959 853 4033 te;
909 3960 971 4022 bus
991 3960 1085 4022 sestis
1111 3975 1239 4036 ungere
1263 3959 1364 4037 caput
1377 3960 1411 4020 et
1424 3957 1544 4021 faciem
1566 3958 1703 4023 lavare:

55 4064 113 4125 sed
129 4080 220 4126 nunc
242 4075 381 4137 arguam
405 4061 448 4132 te,
474 4059 507 4121 et
532 4057 675 4120 statuam
698 4055 855 4120 universa
909 4057 1163 4137 primoquidem
1183 4058 1318 4135 propter
1341 4057 1487 4130 odorem,
1513 4057 1599 4119 sicut
1616 4057 1705 4135 legi-

56 4163 173 4224 contra
193 4159 313 4221 faciem
327 4158 429 4228 tuam,
444 4156 481 4218 ut
496 4153 763 4233 somperhaboas
777 4169 856 4232 poc-
910 4173 983 4219 mus
1003 4157 1044 4219 de
1063 4155 1172 4218 Maria
1191 4171 1264 4234 quoe
1284 4155 1382 4217 unxit
1399 4154 1499 4233 pedes
1514 4155 1657 4230 Domini,
1672 4159 1707 4222 et

55 4259 209 4321 catorum
223 4253 430 4325 memoriam,
447 4252 505 4330 qui
517 4251 653 4313 noluisti
670 4251 794 4314 reverti
813 4250 854 4312 ad
910 4256 1027 4317 domus
1054 4253 1180 4332 repleta
1200 4253 1251 4316 est
1274 4269 1317 4316 ex
1336 4254 1437 4316 odore
1451 4254 1623 4331 unguenti.
1640 4257 1705 4318 Se-

55 4372 108 4418 me
121 4370 184 4432 per
198 4350 438 4431 paenitentiam,
451 4349 484 4412 et
493 4365 624 4426 semper
635 4349 814 4426 redarguet
823 4349 855 4412 ta
910 4352 1018 4416 cundo
1042 4352 1153 4416 autem
1181 4351 1315 4430 propter
1339 4351 1504 4426 decorem,
1529 4353 1565 4414 ut
1586 4353 1706 4415 nitenti

55 4451 195 4531 propria
209 4447 425 4533 conscientia,
448 4447 526 4526 quia
544 4447 690 4524 peccasti
708 4447 856 4524 graviter
910 4452 985 4514 cute
1011 4450 1044 4512 et
1067 4451 1164 4512 suavi
1187 4449 1289 4512 odore
1314 4448 1509 4512 festinasse
1533 4449 1566 4512 et
1580 4449 1706 4512 hilares

56 4548 92 4611 in
107 4567 183 4613 mea
196 4547 375 4628 presentia,
391 4546 424 4609 et
438 4544 561 4609 senties
576 4561 629 4608 me
639 4546 758 4608 durum
768 4545 856 4624 judi·
909 4547 1186 4612 demonstrarent.
1223 4547 1318 4610 Unde
1351 4546 1493 4624 legimus
1518 4546 1559 4609 de
1586 4548 1703 4622 David,

57 4663 129 4709 cem
150 4663 248 4726 quem
267 4645 404 4707 noluisti
431 4643 555 4705 hahere
581 4643 768 4720 piissimum
795 4658 856 4720 pa·
910 4649 997 4726 quod
1012 4647 1086 4725 post
1106 4646 1245 4708 mortem
1261 4645 1323 4707 tilii
1343 4644 1432 4707 lotus
1450 4643 1634 4724 unctusque
1650 4645 1705 4709 sit.
1787 4720 1791 4726 ,

56 4745 153 4806 trem.
170 4743 371 4807 Haeoantem
387 4742 511 4804 idcirco
526 4740 763 4814 evenienttibi,
777 4741 855 4820 quia
910 4747 950 4810 Ε)
972 4745 1094 4806 mulier
1121 4743 1206 4807 dixit
1232 4744 1273 4805 ad
1295 4737 1472 4806 Elisaeum:
1499 4746 1579 4806 Non
1601 4746 1706 4806 liabeo
1778 4725 1783 4738 ’

58 4842 271 4916 existimasti,
288 4841 366 4919 quia
380 4854 438 4901 ero
456 4837 575 4900 similis
592 4838 652 4901 tui.
662 4841 718 4899 'lu
732 4838 855 4917 putasti
910 4847 1096 4920 antianum
1109 4845 1231 4905 annila
1246 4843 1317 4914 tna,
1333 4844 1403 4903 nisi
1411 4855 1543 4915 parum
1557 4843 1621 4903 olet
1639 4855 1706 4916 ano

58 4941 146 5015 quod
175 4956 237 5017 ego
258 4955 325 5000 non
344 4938 496 5015 punirem
519 4935 728 5012 iniquitatem
751 4937 853 5010 tuam,
876 5013 878 5016 ¹
910 4940 1097 5020 anaarssv
1121 4942 1202 5016 Reg.
1212 4955 1257 5012 ιιι,
1267 4937 1313 5020 2).
1327 4941 1451 5000 Sensus
1462 4953 1541 5014 ergo
1551 4937 1630 5000 talis
1639 4938 1704 5000 est:

59 5052 159 5112 quam
172 5040 282 5100 sinon
296 5037 460 5115 punirem,
477 5050 552 5096 curn
569 5034 704 5111 possim,
725 5035 854 5111 iniqui·
914 5043 1007 5117 Uriae
1033 5039 1135 5112 capnt
1157 5037 1257 5100 tnurn
1280 5037 1315 5100 et
1339 5039 1466 5110 facicm
1491 5037 1588 5098 tnam
1615 5041 1704 5110 lava,

58 5135 120 5199 tati
135 5138 199 5200 tuae
212 5134 446 5206 consentirem,
463 5133 496 5195 et
516 5132 591 5194 ideo
614 5147 721 5194 essem
735 5133 855 5194 similis
911 5138 1006 5210 idest,
1020 5135 1175 5198 festivum
1189 5138 1223 5199 et
1236 5135 1379 5198 hilarem
1393 5135 1426 5198 te
1441 5133 1642 5204 demonstra,
1670 5134 1707 5196 ut

58 5232 119 5306 tui,
131 5234 230 5306 idest,
243 5233 377 5310 iniquus
386 5231 472 5292 sieut
481 5231 527 5292 tn.
538 5229 763 5292 Dissolvamus
771 5231 856 5292 tales
911 5235 1002 5296 trans
1015 5234 1073 5295 tna
1088 5233 1209 5312 populo
1236 5232 1425 5295 conveniat.
1451 5231 1544 5293 Unde
1554 5231 1704 5293 Paulus:

60 5331 289 5407 colligationes
305 5345 364 5407 per
375 5327 656 5405 praedicationem,
673 5345 733 5405 per
746 5328 857 5391 admo·
911 5335 1069 5395 &armare
1096 5347 1175 5393 cnm
1197 5330 1436 5407 candentibus,
1460 5329 1494 5391 et
1520 5329 1607 5402 flere
1626 5345 1707 5392 cnm

60 5427 218 5502 uitiones,
228 5444 290 5506 per
299 5425 671 5490 excommunicationes
682 5427 856 5499 Quiasicut
910 5431 1069 5503 fientibus
1093 5427 1203 5508 (Rom.
1236 5444 1298 5500 xn,
1324 5425 1389 5507 15).
1415 5427 1454 5489 Ε)
1472 5426 1614 5489 interius
1639 5427 1707 5490 sint

62 5523 142 5588 dicit
154 5525 277 5590 Jacob:
301 5529 365 5593 oni
378 5524 534 5587 concerti
548 5524 628 5598 fecit
636 5525 856 5599 peccatorem
912 5528 1023 5590 omnia
1046 5526 1235 5596 dissimilia,
1264 5526 1360 5598 idest,
1389 5525 1424 5588 ut
1451 5525 1487 5586 tu
1512 5523 1594 5586 foris
1609 5523 1705 5588 laetus

61 5625 101 5682 ab
116 5638 239 5687 errore
253 5628 320 5688 oica
337 5638 420 5697 snm,
444 5622 589 5685 salvabit
610 5625 766 5686 animam
781 5625 856 5696 eins
910 5641 985 5690 cum
1000 5626 1076 5690 aliis
1092 5640 1264 5706 appareas,
1288 5624 1322 5686 et
1341 5623 1429 5687 intus
1449 5638 1508 5687 cor
1528 5622 1705 5687 contritum
