4078 6442
274 219 333 280 527
893 217 1068 281 Honoau
1090 217 1135 280 111
1156 215 1305 283 OPERA·
1880 215 1954 280 528

275 379 431 442 Pontiani
446 391 548 458 prope
562 376 732 442 civitatem
751 377 945 451 liecensem,
960 379 982 442 3
1000 387 1074 442 nm·
1166 376 1316 440 Eoclmls
1338 377 1467 442 Sancta
1494 375 1667 440 crucieris
1694 375 1809 440 iconie
1836 376 1950 448 Sion,

276 476 461 540 rabuiiuos.
1126 473 1459 538 duosmarabuiinos.

315 575 486 653 Hospitale
500 574 658 648 Manius,
674 575 714 638 12
728 573 884 640 denarios
907 571 1072 636 mediola-
1138 572 1409 638 ,nonasterium
1432 572 1474 636 do
1497 571 1619 652 lepida,
1643 587 1748 636 ιιιιιιιιι
1765 571 1948 636 marabu-

276 687 396 736 nenses
409 672 551 736 veteres.
1125 669 1243 734 tinum.
1726 747 1731 756 .

314 770 554 834 Monesierium
570 768 682 840 Sancti
705 767 877 832 Benedicti
900 767 942 830 de
963 766 1073 832 Pedo·
1166 771 1204 832 ln
1223 767 1416 846 consepctu
1428 769 1606 834 Vicelriino
1627 783 1637 826 ε
1660 767 1812 832 Eccloeia
1839 770 1944 832 Duo-

276 871 383 934 lirone
395 884 455 948 pro
467 868 562 942 locis,
577 883 651 947 quae
662 867 755 934 ienci
766 882 786 932 a
799 869 949 932 nomena
963 865 1073 930 Eccle-
1126 865 1233 930 decim
1243 866 1488 944 Apostolorum,
1504 881 1607 930 unmn
1618 865 1814 931 bisentium.

275 969 327 1030 sia
341 983 384 1030 ex
394 967 610 1030 concessione
624 964 749 1028 domini
763 965 904 1028 lionorii
918 967 1018 1042 Papa
1028 965 1073 1028 iv
1166 963 1301 1043 Capella
1324 964 1365 1028 de
1386 964 1511 1039 Insula,
1526 964 1612 1028 idest
1634 965 1778 1028 ecclesa
1792 964 1938 1028 Sanciae

276 1065 441 1139 videlieet,
469 1067 634 1141 Gonzage,
663 1062 820 1128 Beudena
855 1061 1008 1135 Arduini,
1039 1062 1074 1126 ei
1126 1062 1254 1136 Mariae,
1268 1063 1310 1126 w
1323 1061 1674 1128 selidesseruneusse.

276 1163 432 1226 Eondeno
458 1163 501 1226 de
525 1161 700 1236 Remotis,
730 1161 866 1226 nomine
888 1159 1071 1238 pensionis,
1166 1160 1317 1226 Ecclesia
1348 1161 1479 1226 &noia
1510 1159 1623 1228 umis
1645 1159 1689 1224 de
1714 1159 1933 1232 seniensis,

275 1261 469 1326 colerence
482 1259 566 1322 auri.
1126 1257 1396 1322 2marabutinos.

316 1361 354 1420 ln
384 1357 579 1436 episcopatu
614 1357 761 1420 (iumeno
790 1368 801 1414 ι
827 1353 1002 1434 Hespiisle
1032 1353 1074 1418 de
1166 1355 1315 1422 Ecclesia
1351 1356 1548 1424 mnctcmm
1586 1355 1690 1422 Firmi
1719 1356 1755 1420 ei
1780 1355 1933 1428 Rustloi,

276 1456 444 1518 Blunzone
466 1455 503 1516 in
523 1452 760 1527 Monieahrice,
786 1465 890 1516 unum
910 1451 1072 1516 musin-
1126 1453 1398 1520 Emarabuiinos.

276 1554 394 1616 tinum.
1167 1551 1318 1616 Ecclesia
1341 1552 1471 1619 mucis
1490 1551 1608 1618 uarie
1633 1549 1674 1616 de
1696 1550 1799 1624 Gella,
1824 1565 1932 1614 unam

317 1648 465 1712 Ecclesia
481 1648 594 1712 Sancti
612 1645 728 1710 iacobi
751 1646 793 1710 de
811 1645 1072 1721 velleneiencc,
1128 1648 1247 1714 libram
1259 1665 1356 1712 cerae.

278 1750 317 1810 12
330 1745 533 1824 imperiales.
1168 1749 1207 1812 in
1232 1745 1425 1826 episcopani
1450 1745 1629 1810 Tarvisino
1651 1761 1660 1804 ι
1681 1744 1931 1811 iiouasierium

315 1843 555 1908 Monesicrium
588 1842 719 1905 Sanctae
752 1841 869 1906 liaris
898 1840 1072 1915 delium,
1129 1843 1244 1907 Sancti
1257 1843 1438 1918 Eustachii,
1453 1843 1607 1906 3solidos
1625 1857 1846 1906 veronenses,

277 1941 525 2004 unumobolum
536 1940 824 2004 massemuiinum.
1167 1941 1339 2021 Hospiisle
1364 1941 1496 2006 sanein
1523 1940 1653 2014 uarie,
1680 1955 1782 2004 unam
1804 1932 1929 2002 libram

316 2039 466 2104 Ecclesia
487 2039 684 2104 Sanctorum
705 2035 858 2102 demasii
881 2037 916 2102 et
928 2035 1074 2101 Proiasii
1128 2053 1227 2114 cern,
1242 2041 1390 2104 stanam
1402 2037 1523 2102 libram
1536 2037 1735 2104 deolibeao.

276 2137 442 2202 deserto.
1168 2137 1316 2201 Ecclesia
1329 2137 1444 2200 Sancti
1456 2135 1628 2200 Laurentii
1639 2136 1739 2214 juxta
1753 2135 1930 2208 Eorunnl

316 2234 555 2299 monasterinm
575 2233 689 2298 sancii
705 2231 883 2306 inomni.
905 2232 945 2296 la
967 2232 1076 2312 impe·
1128 2238 1294 2302 lucenses.

276 2333 389 2396 riales.
1168 2332 1408 2398 Monasterium
1421 2332 1555 2400 sancis
1565 2329 1771 2411 munies,
1784 2331 1930 2396 2ιιιειιιμ

316 2429 557 2494 Monasierium
584 2429 714 2492 saneta
734 2428 863 2503 ilaris,
897 2427 932 2494 ai
959 2427 1074 2492 sancii
1126 2431 1273 2498 bstineo.

278 2529 370 2592 Peiri
394 2527 544 2606 Apostoli
567 2527 603 2590 in
624 2525 737 2590 Brclio
764 2527 924 2598 Cumano,
946 2524 1074 2588 ordinis
1167 2528 1406 2593 Monasterium
1419 2526 1811 2601 Nervisii‚12lucenses.

279 2623 823 2699 Sanciiliamiani,unamlihram
833 2637 920 2688 cers
939 2635 1073 2688 ennua-
1168 2625 1676 2706 inepiscopeiuuoncornicnsi.

277 2725 348 2787 iim.
1168 2728 1207 2790 In
1230 2723 1424 2803 episcopatu
1453 2723 1636 2786 senecensi
1655 2743 1664 2785 r
1688 2721 1863 2801 Eospiiale
1885 2723 1925 2788 de

316 2821 488 2899 Hospitale
503 2821 544 2884 de
557 2819 682 2892 Insula,
696 2833 770 2884 eum
784 2819 926 2884 ecclesia
944 2820 1073 2905 Sancto
1127 2823 1233 2897 Blari,
1249 2837 1351 2884 unam
1369 2821 1489 2884 libram
1511 2835 1610 2896 cerae,
1626 2821 1660 2884 ei
1679 2835 1782 2884 unam
1802 2821 1924 2886 libram

278 2916 959 2993 MariaeMagdelenae‚Gumanoedioecesis,
976 2919 1075 2982 12se-
1125 2919 1323 2986 deolliano.

279 3015 364 3077 lidos
379 3013 638 3075 mediolanensis
652 3013 793 3076 monem
808 3013 992 3076 annuatim.
1168 3022 1205 3082 ln
1220 3016 1414 3097 episcopatu
1425 3017 1602 3082 Eelirenii.

319 3115 357 3174 ln
369 3109 561 3190 episcopatu
572 3109 950 3174 TridentiuosEcclesie
958 3113 1072 3176 sancti
1167 3119 1206 3180 lu
1218 3115 1411 3196 episcopatu
1422 3113 1627 3178 Bellunensi.

278 3209 430 3282 Andros,
446 3210 467 3270 2
481 3207 605 3270 solidos
618 3207 852 3285 imperialium.
1168 3217 1206 3277 ln
1225 3212 1418 3292 episcopatu
1439 3211 1619 3276 Polanensi
1642 3233 1651 3275 r
1679 3212 1923 3274 iicnmierimn

319 3310 357 3370 In
369 3306 562 3386 episcopatu
572 3305 756 3368 Veronensi
768 3325 776 3368 ι
787 3306 936 3370 Ecclesia
943 3307 1072 3372 Sanctae
1127 3311 1259 3376 sanein
1273 3311 1390 3374 iliaris
1404 3310 1445 3374 de
1457 3311 1623 3383 cruneio,
1633 3311 1655 3372 2
1666 3307 1843 3374 bisantios.

278 3406 394 3470 Mariae
415 3403 451 3468 in
476 3403 549 3466 loco
572 3403 798 3477 nimociensi,
825 3420 928 3470 unum
958 3403 1074 3470 bisan-
1166 3413 1205 3473 in
1220 3407 1412 3486 episcopatu
1425 3407 1621 3471 parentino.

277 3505 371 3568 tium.
1167 3509 1205 3576 In
1218 3505 1412 3585 episcopatu
1422 3504 1601 3570 Trissiino.

317 3593 466 3665 Ecclesia
488 3600 602 3664 Sancti
622 3599 755 3664 Nicolui
775 3599 811 3662 in
829 3603 951 3676 mena,
972 3617 1072 3664 unam
1167 3607 1205 3668 in
1220 3603 1462 3682 episcopantis
1474 3601 1732 3680 capim-isnin.

276 3699 396 3763 libram
408 3713 506 3773 ceree,
518 3699 551 3762 et
564 3713 663 3762 unam
678 3697 799 3762 libram
820 3697 863 3761 de
886 3699 1031 3763 olibano.
1166 3703 1205 3764 in
1220 3701 1413 3782 episcopatu
1427 3699 1632 3764 Marenensi.

317 3798 466 3862 Ecclesia
484 3797 614 3860 Sanciae
626 3795 743 3858 Mariae
757 3795 844 3874 apud
858 3795 1070 3871 albaredum,
1167 3797 1578 3878 inepiscopatussiriiaiis
1591 3799 1707 3862 Nouae

279 3899 318 3958 12
326 3896 482 3959 denarios
492 3893 770 3957 mediolanenses.

317 3992 466 4056 Ecclesia
500 3991 697 4054 Sanctorum
730 3989 876 4054 Simonis
905 3989 940 4054 Oi
964 3983 1070 4064 allides,
1253 4013 1422 4078 mmm
1457 4015 1620 4076 SUPRA
1653 4012 1798 4076 ΜΑΒΕ

277 4105 378 4152 unam
392 4089 512 4150 libram
525 4103 623 4150 ceree.

315 4185 594 4262 Hospitalejuxia
605 4186 772 4246 veronam
788 4185 827 4248 12
840 4182 995 4250 denarios
1006 4197 1074 4250 me-
1167 4186 1779 4267 inprinsrcnaiueaadsnsizneclesla
1790 4187 1923 4252 sanciae

277 4284 499 4346 diolanenses.
1126 4285 1586 4358 Menedemrintaunun
1597 4284 1854 4348 marabotinum.

316 4381 467 4444 Ecclesia
493 4380 624 4444 sanciae
654 4377 837 4453 Trinitatis,
873 4380 912 4444 18
939 4380 1071 4446 medio-
1166 4382 1316 4447 Ecclesia
1337 4382 1471 4446 sarae
1494 4382 1686 4461 Euphemiae
1708 4383 1752 4446 de
1772 4382 1923 4458 amaria,

274 4481 442 4544 lanenses.
1127 4491 1229 4546 unum
1244 4479 1501 4544 marabotinum.

315 4576 465 4642 Ecclesia
502 4575 616 4640 Sancti
657 4574 794 4638 Nazarii
827 4591 888 4653 pro
929 4575 1072 4640 ecclesia
1166 4576 1405 4644 Monasterium
1421 4577 1554 4640 &aciae
1574 4575 1691 4640 Maris
1712 4577 1754 4642 de
1767 4577 1922 4652 cassus,

277 4676 409 4740 Sancte
421 4674 538 4738 Mariae
554 4673 595 4738 de
608 4671 804 4747 Macaresio,
819 4674 860 4736 20
875 4672 999 4736 solidos
1013 4687 1073 4738 ve-
1126 4693 1230 4740 unnm
1251 4675 1395 4740 obolum.
1433 4673 1443 4684 '

274 4789 445 4838 romenses.
1165 4772 1406 4840 Monanerium
1448 4771 1565 4836 Sanni
1600 4771 1736 4851 Georgii
1771 4772 1921 4851 Maioris,

312 4872 462 4936 Ecclesia
479 4870 592 4934 Sancti
605 4869 769 4934 iohannis
778 4868 935 4948 Baptistae
949 4868 991 4932 de
1002 4871 1070 4932 Su·
1125 4873 1209 4935 duos
1220 4870 1487 4934 massemuiincs.

273 4971 428 5051 previlla,
445 4971 484 5031 10
497 4969 621 5032 solidos
634 4983 848 5032 veronenses.
1165 4973 1204 5034 ln
1218 4967 1611 5050 episcopainssasiellano
1627 4987 1635 5028 :
1649 4967 1797 5031 Ecclesia
1808 4971 1922 5032 Sancti

311 5066 553 5137 Monesierium
568 5065 818 5130 SanciiJuliani
834 5065 874 5126 de
887 5064 999 5143 Lepia.
1125 5067 1229 5131 Marci
1253 5066 1294 5129 de
1317 5065 1466 5130 venetiis
1485 5063 1582 5128 debet
1602 5065 1703 5128 annis
1721 5066 1862 5143 singulis
1881 5067 1920 5128 in

311 5166 552 5230 Monesierium
570 5165 700 5227 Sanciae
723 5163 840 5226 Mariae
859 5163 1069 5226 dominarum
1124 5167 1208 5230 lesio
1229 5164 1383 5227 Omnium
1405 5163 1615 5237 sanctorium,
1639 5165 1660 5224 2
1683 5163 1844 5226 bisantios
1859 5179 1920 5242 pro

272 5265 476 5328 inclusarum
490 5263 526 5326 in
541 5265 662 5340 Campo
676 5261 809 5332 Martio,
826 5275 927 5322 unam
949 5260 1069 5323 libram
1125 5263 1239 5327 sancti
1249 5261 1355 5324 Marci
1364 5261 1535 5339 Tyrensis
1552 5261 1586 5324 et
1600 5261 1715 5324 sancii
1727 5261 1832 5324 Marci
1841 5265 1922 5324 Aco-

271 5379 357 5426 cerae
369 5363 553 5425 annuatim.
1124 5361 1238 5426 nensis
1252 5358 1415 5432 ecclesiis,
1431 5372 1505 5436 quse
1518 5359 1598 5422 suni
1617 5359 1715 5422 iactae
1733 5359 1918 5432 censuales,

310 5461 347 5523 ln
362 5459 554 5538 episcopatu
568 5457 727 5522 Paduano
744 5473 751 5514 ι
768 5455 915 5520 Ecclesia
939 5458 1068 5520 Sanctae
1123 5461 1157 5524 ei
1182 5457 1346 5536 exempiee
1368 5456 1518 5535 tempore
1543 5457 1671 5520 domini
1695 5461 1793 5540 Papae
1813 5459 1919 5523 Iuno«

270 5557 386 5620 Mariae
399 5556 440 5620 de
456 5555 615 5629 Preialis,
631 5559 649 5619 4
666 5554 906 5620 marabutinos.
1123 5557 1225 5620 centii
1239 5557 1292 5628 IV,
1309 5569 1399 5616 anno
1415 5554 1535 5632 primo.
