4076 6420
272 209 351 274 ,771
661 295 674 310 ³
760 203 936 270 nonanti
957 204 1007 272 m
1024 203 1174 276 orma.
1190 239 1228 256 ··
1244 209 1477 274 SERMONES.
1884 221 1950 282 772

291 387 372 436 num
387 367 439 432 est
453 361 594 432 malitia.
615 359 709 434 Unde
723 365 829 429 David
845 387 855 428 ε
870 365 1094 445 Manena·
1149 371 1305 449 quoniam
1328 372 1445 450 potens
1470 371 1532 446 eet,
1557 371 1591 436 et
1615 371 1667 437 est
1689 373 1746 454 qui
1769 375 1953 442 candiana

291 473 353 546 tur
368 481 491 546 pacem
505 477 584 528 cum
593 467 761 542 mantare
777 479 851 539 nto,
866 471 959 530 mata
976 469 1094 532 nutem
1148 469 1289 532 Domino
1307 469 1463 548 quoniam
1485 469 1549 532 sibi
1569 467 1677 532 bonus
1695 473 1758 546 est,
1773 475 1809 536 et
1823 475 1876 537 est
1888 479 1950 554 qui

289 569 373 634 suat
388 565 594 630 tucorntbus
604 561 1096 646 eorum(Ps.27,3).1utelleo-
1149 567 1324 630 confltetur
1337 567 1488 640 Domino,
1502 568 1658 646 quoniam
1673 569 1873 649 simpliciter
1886 574 1953 635 bo-

289 665 345 730 tas
367 665 559 728 dividiturn
573 661 756 737 voluntate,
774 664 906 743 quando
922 663 1021 726 homo
1040 663 1095 726 iu·
1148 679 1211 725 nus
1230 665 1291 726 est.
1312 665 1447 727 Primus
1465 681 1581 729 servm
1604 669 1638 730 et
1659 667 1754 731 timet
1775 669 1860 746 sibi;
1887 689 1950 733 se-

290 765 413 842 taliigit
423 763 545 826 bonum
557 761 644 844 quod
658 758 755 825 debet
766 759 887 834 iacere,
902 763 935 823 et
947 777 1012 823 non
1023 760 1094 823 uult
1148 761 1276 825 cundus
1285 763 1511 826 moeoennrius
1521 765 1554 825 et
1563 765 1654 842 cupit
1668 763 1750 842 sibi;
1762 766 1882 829 tertius
1895 765 1952 830 Fi·

290 863 373 927 iliud
382 859 1092 941 implerenndetacobue:sanationum
1148 859 1214 920 lius
1235 859 1386 923 acerem
1400 861 1503 923 Patri.
1520 863 1645 940 Itaque,
1661 863 1695 924 et
1713 856 1770 942 qui
1788 865 1895 939 timet,
1914 869 1952 929 et

254 976 258 987 ·
290 961 403 1026 einen
412 961 563 1038 facienti,
570 954 961 1037 peccatumestttitfflac.
971 971 1016 1029 rv,
1027 955 1091 1036 17).
1148 957 1205 1034 qui
1219 959 1320 1036 cupit,
1332 960 1469 1036 uterque
1481 975 1541 1036 pro
1555 961 1722 1036 sangani,
1734 961 1806 1022 sola
1819 979 1895 1040 quau
1909 964 1950 1024 in

290 1055 330 1123 nt
350 1057 509 1122 Dominus
532 1055 568 1119 in
591 1059 772 1136 Evangelio
795 1079 803 1120 ε
827 1061 960 1121 Seruius
980 1057 1094 1116 acam
1146 1053 1233 1118 Filio
1246 1054 1456 1118 estcharitas
1471 1071 1539 1118 uon
1553 1057 1758 1136 quaeritquae
1775 1075 1837 1121 sua
1854 1063 1948 1124 sunt.

290 1157 500 1220 uoluntatem
514 1157 654 1219 nomint
666 1160 733 1230 sut,
749 1157 784 1220 ct
799 1171 868 1218 non
882 1155 1017 1231 facicm
1029 1165 1093 1214 vn·
1146 1151 1364 1225 Quamobrem
1388 1155 1467 1232 puto
1493 1153 1536 1214 de
1560 1154 1618 1216 illa
1644 1155 1822 1218 dicendum
1840 1179 1849 1218 ε
1870 1163 1953 1220 Lccc

287 1255 465 1332 pacator
477 1254 594 1316 mnttte
609 1250 703 1332 (Luc,
720 1269 782 1327 xn,
798 1255 862 1336 rt).
1144 1253 1285 1313 Domini
1310 1253 1532 1314 immaculatio
1557 1254 1763 1316 conuertens
1786 1257 1950 1318 autorem

331 1351 488 1431 Sequitur
506 1371 516 1412 z
532 1355 583 1413 Dc
603 1351 751 1414 uictorta
769 1353 873 1428 tertis
889 1351 1031 1424 amnuit,
1048 1349 1088 1411 de
1145 1345 1215 1428 (Ps.
1231 1349 1282 1422 18,
1300 1346 1347 1427 8),
1360 1349 1447 1426 quod
1472 1350 1555 1423 sola,
1572 1349 1738 1424 videlicet,
1753 1351 1797 1414 sit
1811 1367 1888 1430 quae
1903 1353 1951 1415 ab

290 1467 354 1530 qua
373 1449 454 1512 dicit
468 1447 627 1511 Dominus
647 1449 682 1510 in
706 1449 769 1511 hoc
783 1447 964 1526 Evanwio
981 1471 988 1510 :
1004 1451 1090 1512 Cum
1143 1460 1258 1508 amore
1272 1445 1325 1508 sui
1338 1445 1371 1508 et
1382 1444 1497 1508 mundi
1509 1447 1661 1510 avertere
1673 1449 1779 1526 possit
1793 1451 1950 1512 animum

289 1549 392 1625 sortis
414 1547 575 1609 arruntius
595 1546 742 1609 custodit
764 1547 897 1609 atrium
916 1561 1029 1617 mum,
1050 1547 1088 1608 tn
1143 1545 1175 1608 et
1189 1544 1225 1607 in
1239 1543 1414 1606 Dominum
1436 1541 1590 1620 dirigere.
1606 1545 1677 1608 Nec
1690 1545 1792 1608 timor
1804 1547 1946 1626 quippe,

286 1643 476 1722 pacarunt
497 1645 614 1704 amato
635 1657 711 1717 pua
724 1643 898 1718 posnan
919 1645 951 1707 et
970 1646 1088 1707 autem
1142 1639 1950 1720 necamorprivatusconuertitauimam.liutaui

290 1743 485 1818 fortier-tito
498 1743 747 1814 superueniens
760 1741 884 1803 ricard
897 1755 986 1813 acm,
1002 1745 1086 1802 ani·
1141 1739 1307 1804 interdum
1321 1739 1449 1801 ruitum
1463 1738 1517 1800 vel
1531 1738 1653 1813 ectum,
1667 1739 1823 1802 affectum
1845 1759 1945 1803 nun-

290 1849 395 1899 vcrea
409 1849 512 1896 amun
526 1835 749 1908 aueoascrct
763 1837 800 1896 tn
814 1837 1088 1909 cutbuocontidc·
1141 1855 1250 1918 quam.
1280 1837 1375 1900 narii
1413 1836 1513 1898 etam
1546 1851 1663 1900 seruus
1701 1853 1945 1918 nonuunquam

289 1933 357 2006 bat,
366 1933 400 1994 ct
409 1935 518 2006 spotia
527 1934 604 2004 aaa
613 1929 1009 2011 distribucttbuo.xu,2i,
1018 1931 1084 2012 22).
1141 1949 1224 2012 opus
1236 1933 1308 2008 Dei,
1320 1933 1388 2006 sed,
1401 1933 1479 2009 quia
1492 1947 1559 1994 nou
1570 1931 1698 2011 sponte,
1710 1932 1746 1994 in
1759 1950 1819 1996 sua
1831 1935 1946 1998 adhuc

289 2019 397 2092 Fortis
412 2027 559 2090 armatus
573 2027 799 2090 es'tdiabolus.
813 2029 941 2100 Fortis,
958 2029 1036 2106 quia
1051 2030 1085 2091 in
1141 2030 1264 2093 duritia
1296 2045 1492 2109 permanere
1527 2029 1745 2092 conuincitur.
1780 2032 1876 2094 Facit
1909 2035 1947 2096 et

288 2124 441 2189 omnibus
463 2123 663 2198 ciuitatibus,
680 2126 838 2196 castellis,
853 2126 954 2199 uillis,
978 2127 1011 2188 et
1030 2141 1088 2188 re·
1140 2127 1377 2201 mercenarius,
1395 2125 1451 2188 sed
1476 2127 1555 2205 quia
1579 2141 1645 2188 non
1671 2128 1787 2203 gratis,
1804 2131 1944 2207 propria

289 2223 455 2302 morbus,
471 2237 512 2284 ac
532 2221 573 2284 de
592 2221 744 2284 omnibus
763 2221 887 2300 linguis
906 2222 1006 2285 habet
1029 2237 1086 2286 se·
1139 2225 1228 2288 trabi
1266 2223 1446 2303 cupiditate
1483 2223 1705 2300 cognoscitur.
1743 2224 1793 2287 Sit
1826 2225 1946 2305 itaque

289 2337 411 2402 queces
426 2337 515 2394 suos,
532 2317 565 2382 et
579 2319 755 2398 complices
772 2337 860 2394 suos,
884 2322 940 2400 qui
960 2321 1087 2384 iaciunt
1140 2337 1236 2384 servo
1250 2337 1309 2386 sua
1324 2322 1391 2395 lex,
1404 2321 1507 2383 timor
1518 2322 1589 2399 ipse
1602 2337 1667 2398 quo
1680 2321 1941 2400 constringitur3

289 2435 390 2498 opera
405 2422 488 2498 ejus.
505 2413 561 2479 nn
582 2420 751 2490 armatus,
768 2419 846 2497 quia
870 2420 1085 2496 pugnatcum
1140 2419 1184 2480 sit
1204 2419 1411 2481 mercenario
1434 2434 1496 2480 sua
1519 2418 1695 2496 cupiditas,
1719 2435 1782 2497 qua
1807 2421 1842 2482 et
1865 2420 1943 2498 ipse

287 2517 400 2582 multis
416 2517 537 2592 armis3
560 2531 634 2578 cum
658 2515 824 2592 superbia,
839 2515 1003 2590 uidelicet,
1020 2519 1083 2591 ira,
1138 2516 1435 2594 trabitur,quand0
1449 2515 1788 2580 tentaturabstractus
1802 2519 1836 2580 et
1849 2518 1945 2580 illec-

289 2615 376 2689 odio,
397 2614 536 2686 invidia,
555 2613 708 2687 avaritia,
725 2613 1004 2692 concupiscentia,
1022 2631 1084 2676 cu·
1138 2614 1531 2677 tusiiarumveronulla
1546 2615 1619 2676 sine
1634 2615 1764 2676 macula
1777 2616 1941 2688 est,haud

288 2711 438 2792 piditate,
454 2710 572 2773 baudo
596 2709 721 2785 dolosa,
736 2711 769 2774 et
785 2709 862 2773 aliis
880 2712 1003 2774 multis.
1020 2712 1085 2776 Iste
1139 2713 1269 2775 animas
1301 2711 1495 2774 convertere
1527 2711 1644 2790 potest.
1677 2713 1831 2775 Charitas
1855 2729 1942 2776 uero

288 2804 496 2872 custodiebat
518 2809 640 2871 atrium
664 2823 776 2882 suum,
801 2808 903 2882 idest,
926 2811 1084 2872 mundum
1139 2810 1302 2874 convertit
1316 2809 1456 2882 animas,
1473 2825 1555 2887 quas
1570 2807 1651 2872 iacit
1664 2811 1697 2872 et
1712 2811 1939 2873 voluntarias.

287 2908 399 2980 istum,
416 2904 472 2968 sed
492 2905 612 2968 tortior
631 2906 832 2983 supervenit,
851 2908 884 2968 et
900 2907 981 2969 vicit
995 2922 1082 2980 eum,
1139 2907 1292 2969 Charitas
1326 2923 1394 2969 non
1428 2907 1535 2968 solum
1569 2906 1689 2969 ieviter
1723 2909 1942 2985 suaviterque

288 3004 384 3077 idest,
401 2997 563 3065 Christus.
577 3003 643 3065 Iste
659 3004 732 3065 erat
749 3004 768 3065 J
770 3019 845 3065 esus
859 3003 1002 3084 ejiciens
1015 3002 1086 3067 dae-
1139 3005 1300 3082 portatur,
1313 3004 1370 3066 sed
1380 3003 1414 3066 et
1423 3018 1595 3066 seruorum
1608 3005 1641 3066 et
1653 3005 1940 3067 mercenariorum

288 3099 448 3172 monium,
465 3101 498 3161 ei
512 3097 594 3160 illud
609 3101 681 3162 erat
695 3101 832 3162 mutum.
1139 3101 1229 3178 leges
1244 3101 1423 3180 portabiles
1433 3117 1473 3162 ac
1485 3101 1577 3163 leues
1591 3099 1712 3174 reddit,
1724 3117 1809 3180 quas
1822 3102 1941 3181 utique

327 3197 447 3260 Tribus
466 3195 572 3257 modis
591 3194 671 3258 iacit
685 3197 814 3258 damon
828 3196 997 3260 bominem
1009 3213 1084 3260 esse
1138 3213 1205 3260 non
1228 3197 1379 3268 destruit,
1404 3197 1461 3259 sed
1485 3197 1566 3261 iacit
1585 3198 1622 3260 ut
1643 3197 1857 3277 impleantur,
1884 3199 1941 3261 di-

286 3295 426 3362 mutum,
453 3293 619 3368 videlicet,
646 3311 666 3356 a
698 3293 908 3357 confessione
942 3297 1081 3374 peccati,
1138 3294 1233 3358 cente
1256 3294 1395 3356 Domino
1419 3313 1427 3355 ε
1452 3297 1531 3358 Non
1554 3297 1635 3357 ecnt
1657 3300 1768 3372 teano
1790 3293 1938 3370 rotoma

287 3393 544 3456 iacithominem
558 3408 631 3454 esse
641 3393 778 3466 mutum,
789 3393 920 3470 quando
931 3392 1083 3456 diabolus
1135 3395 1197 3456 ced
1207 3395 1395 3468 adimplere
1408 3389 1539 3472 (blattis.
1556 3407 1588 3465 v,
1601 3391 1667 3472 t'i).
1679 3393 1857 3472 Nunquam
1873 3395 1941 3456 erit

287 3489 435 3568 suggerit
450 3489 628 3568 peccatori,
640 3489 1081 3569 ueoondteaturpeccatum,
1138 3489 1284 3552 charitas
1309 3488 1383 3552 eine
1402 3489 1534 3562 timore,
1550 3487 1608 3552 sed
1628 3491 1745 3566 cast03
1765 3506 1938 3569 nunquam

287 3590 366 3668 quia
387 3589 483 3668 turpe
503 3589 554 3650 est
573 3587 684 3649 omnia
708 3587 836 3651 secreta
857 3589 1008 3652 revelare
1022 3605 1082 3652 sa·
1138 3587 1210 3649 sine
1224 3587 1416 3666 cupiditate,
1432 3585 1490 3648 sed
1503 3586 1668 3649 ordinata.
1685 3587 1782 3649 illum
1802 3589 1938 3665 tempe-

287 3685 425 3759 cerdoti,
446 3687 479 3748 et
499 3685 577 3764 quia
591 3687 679 3747 Deus
701 3684 775 3763 pius
794 3687 855 3759 est,
879 3685 951 3749 siue
970 3687 1082 3766 aliqua
1136 3683 1200 3757 rat,
1212 3684 1313 3746 istum
1325 3684 1470 3757 ordinat,
1485 3684 1661 3762 utrumque
1673 3684 1939 3763 levigatlmplet

286 3782 495 3847 confessione
506 3782 546 3845 de
557 3781 648 3845 iacili
658 3782 835 3861 potestsibi
843 3782 1082 3861 indulgentiam
1137 3795 1217 3858 ergo
1243 3781 1390 3846 ebaritas
1417 3782 1525 3858 legem
1554 3783 1656 3856 servi,
1685 3797 1761 3862 cum
1789 3782 1939 3845 iuiundit

283 3879 379 3955 dare,
395 3879 577 3943 secundum
592 3879 680 3960 quod
693 3879 817 3943 dicitur
827 3879 863 3942 lu
876 3881 1055 3959 Evangelio
1071 3901 1080 3942 r
1136 3877 1347 3941 devotionern
1363 3899 1372 3955 3
1401 3878 1517 3957 implet
1549 3877 1584 3942 et
1613 3878 1828 3953 mercenarii,
1860 3895 1938 3942 cum

285 3981 380 4043 Bene
395 3981 511 4042 omnia
531 3979 623 4053 tecit,
644 3975 679 4039 ct
699 3979 826 4039 surdoe
843 3979 925 4052 tecit
946 3981 1080 4052 audire,
1136 3975 1269 4038 ordinat
1281 3975 1506 4054 cupiditatem.
1521 3979 1628 4039 Porro
1643 3977 1756 4040 timori
1771 3978 1938 4056 permixta

286 4077 321 4139 ct
340 4077 454 4138 mutos
476 4077 567 4149 want
589 4071 706 4154 (Marc.
730 4088 791 4146 vu,
813 4071 879 4152 37).
903 4074 967 4136 sed
989 4074 1082 4137 surdi
1136 4073 1269 4136 devotio
1287 4073 1396 4150 ipsum
1417 4089 1484 4135 uon
1504 4074 1666 4146 annullat,
1685 4073 1744 4136 sed
1768 4075 1934 4152 castigat3

286 4171 364 4234 sunt
391 4171 447 4248 qui
468 4168 607 4232 uerbum
631 4168 894 4247 praedicationis,
920 4171 978 4233 aut
1005 4170 1082 4235 iidei
1136 4171 1215 4250 quia
1240 4185 1337 4248 poena
1365 4170 1492 4232 tanturn
1515 4170 1656 4244 tollitur,
1676 4171 1751 4234 sine
1772 4187 1838 4249 qua
1860 4187 1936 4235 esse

285 4281 353 4331 non
382 4267 581 4343 intelligunt.
613 4265 697 4328 Muti
723 4266 800 4327 suni
825 4267 883 4344 qui
910 4267 1081 4346 peccatum
1136 4281 1203 4330 non
1213 4267 1319 4346 potuit
1329 4265 1407 4328 dum
1416 4267 1506 4330 esset
1515 4267 1701 4340 seruilis,et
1709 4267 1809 4330 timor
1820 4271 1936 4331 manet

285 4379 353 4427 non
373 4363 581 4426 conflantur.
597 4363 756 4425 Dominus
769 4377 850 4440 ergo
869 4364 949 4428 tacit
962 4366 1081 4430 surdos
1136 4363 1247 4428 castus
1268 4363 1301 4426 et
1324 4364 1437 4426 filialis
1458 4364 1493 4427 in
1515 4364 1674 4428 saeculum
1695 4365 1822 4427 saculi.
1847 4366 1938 4428 Nam·

279 4461 403 4524 audire
421 4463 456 4524 et
472 4459 581 4522 mutos
599 4459 702 4538 loqui,
721 4461 852 4540 quando
866 4478 924 4525 eos
941 4462 1081 4540 quinon
1136 4461 1221 4540 quod
1236 4461 1358 4539 legitur
1372 4483 1380 4523 ε
1393 4463 1550 4538 perfecta
1572 4463 1727 4525 ebaritas
1747 4465 1845 4538 foras
1857 4465 1937 4526 mtt-

277 4558 476 4635 ¹intelligunt
494 4557 574 4621 iacit
593 4557 791 4635 intelligere,
813 4559 846 4622 et
862 4575 919 4622 eos
938 4562 995 4639 qui
1014 4575 1080 4624 uon
1136 4559 1178 4622 tit
1205 4558 1368 4622 timorem
1388 4557 1418 4640 (i
1434 4561 1530 4623 ioan.
1548 4576 1592 4633 ru,
1610 4558 1675 4640 18),
1693 4575 1792 4637 prena
1806 4560 1937 4623 inteili-

284 4656 494 4730 contiteutur,
507 4653 750 4720 tacitcouiiteri
764 4656 1080 4734 etpoenitareuou-
1134 4656 1242 4735 peuda
1279 4657 1331 4720 est
1371 4673 1445 4736 quae
1483 4657 1598 4720 seruili
1637 4671 1808 4736 uunquam
1841 4659 1936 4722 deest

283 4753 336 4819 tra
351 4768 433 4835 quos
447 4753 652 4832 Augustinus
667 4775 675 4816 ε
691 4753 931 4832 «impossibile
947 4755 1000 4818 est
1013 4756 1080 4817 ho·
1134 4754 1266 4831 timori3
1303 4753 1376 4828 illo,
1414 4754 1558 4828 scilicet,
1596 4754 1775 4817 locutionis
1810 4771 1935 4833 genere

283 4853 406 4915 minem
421 4851 596 4930 pervenire
609 4850 651 4914 ad
671 4850 922 4929 indulgentiam,
937 4851 993 4931 qui
1013 4866 1079 4915 nou
1126 4867 1206 4934 ¹quo
1225 4867 1313 4932 sape
1332 4851 1472 4915 effectus
1493 4867 1554 4930 pro
1575 4851 1733 4915 efficienti
1747 4855 1892 4931 ponitur.

272 4949 517 5014 ·vultcouiiteri
530 4949 661 5028 culpam
681 4937 787 5012 suam.
803 4963 822 5010 a
837 4949 877 5038 Et
892 4949 1048 5013 Salomon
1069 4971 1078 5014 ε
1173 4949 1298 5014 Deinde
1326 4949 1488 5028 cupiditas
1511 4951 1590 5012 tunc
1612 4950 1744 5012 rectea
1772 4965 1935 5028 superre-

283 5047 533 5117 oatabsccncttt
552 5052 683 5110 sectere
703 5061 778 5120 eac,
795 5059 865 5109 noo
883 5046 1079 5126 tiridatem
1133 5045 1246 5109 niente
1286 5045 1449 5108 charitate
1492 5045 1682 5119 ordinatur,
1723 5061 1798 5109 cum
1844 5049 1934 5111 mala

282 5147 341 5222 qut
354 5146 472 5209 autem
486 5146 662 5221 consessus
676 5142 795 5219 merit,
811 5144 845 5206 et
858 5145 1080 5220 dereliquerit
1134 5143 1266 5223 quidem
1300 5143 1445 5221 poenitus
1477 5143 1691 5221 respuuntur,
1722 5143 1816 5206 bouis
1848 5161 1931 5208 rere

282 5257 341 5317 ca,
380 5245 659 5306 miscricordiam
693 5240 922 5318 coaequetur
954 5236 1077 5321 (Pron.
1134 5227 1271 5303 meliora
1286 5237 1519 5318 preferuntur,
1536 5231 1699 5303 necbona
1714 5241 1780 5302 nisi
1794 5245 1932 5320 propter

280 5353 405 5412 xxvnr,
421 5335 486 5418 13).
1133 5337 1271 5401 meliora
1294 5337 1503 5416 appetuntur.
1531 5337 1623 5411 Quod
1650 5353 1727 5401 cum
1750 5339 1848 5416 piene
1872 5357 1933 5418 per

321 5435 400 5499 Tria
422 5435 499 5498 suut
521 5433 693 5496 bominum
711 5447 836 5510 genera
851 5433 1078 5497 mutantium
1133 5435 1347 5514 Delmatiam
1362 5435 1549 5499 assecutum
1563 5435 1675 5510 tuerit,
1691 5434 1794 5513 dilige
1805 5451 1931 5515 corpus

281 5522 433 5597 Domino.
460 5533 518 5594 list
547 5531 636 5596 euim
665 5529 720 5611 qui
747 5529 922 5596 confltetur
939 5532 1078 5598 Domino
1132 5535 1165 5598 et
1184 5533 1342 5598 universa
1360 5527 1511 5612 corporis
1532 5532 1630 5606 buna,
1646 5533 1776 5597 mnium
1796 5537 1932 5613 propter
