4084 6428
342 311 400 372 831
807 305 984 368 HONORII
1006 303 1052 365 111
1073 303 1222 366 OPERA.
1239 329 1277 346 -
1293 301 1525 367 SERMONES.
1949 303 2003 366 82

342 472 376 533 et
390 467 554 531 desiderio
566 465 699 530 mundi.
722 467 789 528 Aer
810 464 852 526 ad
872 464 1020 542 linguam
1035 462 1140 541 perti·
1193 477 1298 524 suam.
1316 461 1410 525 Unde
1423 462 1666 529 Salomonttiui
1676 461 1856 524 abscondit
1867 467 2002 526 scetem

342 568 410 642 net,
426 583 500 644 quae
515 566 651 627 exercet
661 563 901 641 garrulitatem,
916 563 987 624 sive
1001 561 1138 624 nliniam
1191 576 1266 633 sito,
1280 573 1350 622 uon
1376 560 1564 636 dirigetur3
1587 563 1646 634 qut
1670 561 1789 622 autem
1817 562 2001 634 muressis

343 664 594 743 loquacitatem,
627 678 700 740 quae
731 661 782 723 est
811 661 956 723 secunda
989 658 1138 736 alligatio
1192 659 1310 732 tuerit,
1338 658 1371 719 et
1394 658 1617 731 dereliquerit
1635 672 1686 728 eo,
1712 661 1999 721 misericordiam

343 764 476 825 animae.
495 765 560 822 Per
570 760 731 822 manasei
743 758 854 836 pedes,
872 759 962 821 terra
977 757 1140 833 figuratur
1192 755 1419 828 consequetur
1456 753 1568 834 (Prou.
1606 769 1731 828 xxviii,
1763 753 1830 828 13).
1859 758 2000 833 Oportet

344 857 645 938 inquacrudelitas
658 857 801 929 notatur,
818 855 895 933 quia
910 853 1140 917 homobestia·
1193 851 1282 911 enim
1305 852 1342 913 ut
1368 850 1467 912 bomo
1494 866 1598 928 usque
1627 850 1669 912 ad
1697 866 1735 912 os
1759 853 1863 913 exeat
1888 855 1997 914 conti-

343 957 397 1032 lis,
415 955 546 1018 deditus
567 955 720 1025 terranis,
733 952 875 1014 crudelis
890 951 950 1025 est,
970 953 1055 1013 sicut
1068 952 1139 1013 tera
1192 947 1303 1020 tendo,
1324 947 1823 1024 sicutdicitApostoluszcorde
1835 953 1999 1012 meditat

343 1051 605 1116 etiamimmitis.
619 1051 735 1114 Ventri
747 1051 780 1112 et
793 1049 1004 1126 genitalibus,
1020 1048 1139 1127 quibus
1193 1045 1447 1117 adjustitiam,
1470 1059 1532 1106 ore
1552 1046 1671 1106 autern
1691 1049 1866 1120 confessio
1891 1049 1934 1118 fit
1955 1054 1998 1108 ad

343 1166 431 1229 aqua
461 1150 642 1227 liguratur,
673 1149 827 1226 voluptas
854 1147 1050 1224 applicatur.
1080 1147 1139 1208 His
1193 1141 1339 1203 satutem
1352 1140 1461 1220 (Rom.
1475 1157 1510 1214 x,
1534 1139 1598 1221 10).
1613 1142 1650 1203 Si
1662 1155 1742 1204 vero
1767 1143 1810 1203 ad
1825 1143 1998 1205 Christum

344 1249 487 1327 quatuor
515 1248 624 1321 uitiis,
660 1245 756 1325 quasi
788 1245 930 1323 quatuor
959 1244 1140 1307 sceleribus
1193 1237 1240 1298 iia
1262 1238 1420 1314 procedit,
1437 1239 1470 1300 θῑ
1490 1239 1642 1300 Chri-‘tius
1656 1239 1753 1316 quasi
1767 1239 1911 1302 obviam
1925 1259 1998 1303 eum

344 1345 455 1415 Moab,
471 1344 666 1422 simplicitas
681 1345 714 1405 et
725 1342 895 1405 humilitas
907 1342 1098 1418 alligantur.
1193 1334 1367 1412 receperit,
1383 1335 1541 1412 impletur
1558 1335 1643 1396 illud
1657 1336 1917 1414 propheticum:
1932 1344 1999 1400 btt-

386 1443 646 1520 Sequitur:Tres
654 1441 731 1502 sunt
742 1441 912 1502 naturales
921 1438 1070 1501 viresvel
1080 1455 1141 1516 po-
1193 1435 1385 1495 sericordto
1418 1434 1454 1494 et
1480 1433 1613 1495 veritas
1645 1436 1879 1497 occurerunt
1913 1439 1996 1507 sibi,

343 1538 457 1600 tentiae
479 1539 598 1600 animm
620 1539 655 1599 in
675 1537 794 1614 quibus
816 1538 889 1614 ipsa
911 1536 1141 1614 principaliter
1187 1531 1364 1602 iustitio...
1381 1528 1450 1610 (Ps.
1463 1528 1590 1609 salt).
1606 1532 1738 1593 Veritas
1748 1533 1800 1594 est
1814 1533 1910 1610 quod
1924 1550 1999 1596 con-

344 1634 508 1706 subsistit,
533 1634 671 1704 scilicet,
694 1633 745 1693 vis
766 1633 941 1694 rationalis
963 1649 1140 1711 perquam
1194 1627 1306 1689 tltetur
1332 1627 1442 1700 homo,
1473 1627 1702 1690 misericordia
1728 1629 1817 1706 quod
1843 1630 2000 1707 indulget

343 1729 504 1791 discernit
516 1727 605 1790 inter
619 1728 742 1790 bonum
756 1729 790 1790 et
804 1729 938 1802 malum,
956 1729 1008 1791 ris
1022 1728 1141 1790 irasci·
1195 1725 1352 1786 Dominus
1365 1725 1398 1786 et
1411 1725 1528 1801 parcit.
1544 1727 1585 1787 at
1596 1724 1669 1787 haec
1681 1725 1757 1798 duo,
1773 1726 1922 1800 scilicet,
1940 1731 1998 1789 mi-

343 1825 421 1888 bilis
434 1841 603 1904 perquam
618 1825 775 1886 irascitur
796 1824 829 1886 et
847 1825 986 1902 despicit
1004 1826 1138 1898 malum,
1192 1821 1376 1883 eoncordia
1402 1821 1462 1882 Dei
1488 1822 1521 1884 et
1540 1823 1666 1884 ueritas
1689 1822 1836 1884 hominis
1857 1825 1999 1887 obviant

342 1924 394 1986 vis
409 1921 676 2000 concupiscibilis
690 1938 749 2000 per
758 1936 856 2000 quam
867 1921 1071 1999 concupiscit
1079 1922 1141 1983 bo-
1194 1917 1258 1978 sibi
1276 1919 1311 1978 in
1339 1920 1450 1980 monte
1478 1918 1602 1991 oliveti,
1616 1919 1702 1981 idest
1724 1919 1759 1981 in
1776 1921 1916 1983 Cbristo
1943 1925 1996 2000 qui

344 2037 434 2083 num.
453 2021 493 2082 ut
509 2021 577 2082 tam
595 2019 787 2093 irascibilis,
811 2035 908 2098 quam
928 2019 1139 2097 concupisci·
1194 2014 1244 2076 est
1262 2029 1357 2077 mons
1372 2015 1454 2077 uber
1472 2017 1505 2078 et
1525 2015 1670 2093 pinguis,
1686 2017 1720 2078 et
1734 2021 1850 2093 postea
1860 2021 1995 2094 justitia

343 2118 422 2181 bilis
435 2118 489 2180 vis
500 2118 631 2180 uidetur
646 2133 720 2179 esse
733 2118 770 2178 in
783 2117 880 2180 bruto
897 2117 1045 2190 animali,
1062 2117 1140 2194 quia
1194 2112 1227 2174 et
1238 2128 1305 2189 pax
1314 2112 1518 2175 osculantur.
1535 2113 1765 2176 Misericordia
1790 2115 1854 2176 Dei
1880 2131 1994 2193 pacem

344 2215 480 2278 brutum
496 2215 620 2276 animal
642 2215 675 2276 et
691 2215 858 2287 irascitur,
883 2215 916 2276 et
937 2215 1141 2292 concupiscit
1194 2209 1284 2282 facit,
1298 2209 1510 2272 Othominim
1531 2210 1727 2273 reconciliat
1746 2212 1915 2274 Creatori·
1932 2217 1996 2274 Vc·

343 2313 521 2376 interdum.
536 2312 596 2374 Vis
607 2311 793 2385 rationalis,
813 2313 976 2374 rationem
1000 2311 1141 2375 destruit
1193 2305 1276 2368 ritas
1303 2305 1448 2369 bominis
1476 2307 1664 2370 confitentis
1693 2307 1860 2386 justitiam
1897 2312 1992 2388 parit

333 2407 1140 2487 superbiaetimpeditur,quia,dumsuperbusse
1194 2405 1273 2465 Haec
1294 2403 1359 2466 duo
1385 2419 1459 2466 sese
1481 2404 1626 2467 inuicem
1659 2405 1866 2476 osculantur,
1892 2408 1928 2468 et
1949 2409 1991 2470 ita

343 2507 430 2586 quod
442 2521 510 2568 non
525 2507 576 2568 est
590 2506 683 2582 putat
695 2521 779 2577 esse,
794 2523 863 2568 non
877 2506 966 2568 recte
982 2506 1141 2594 discernit
1194 2501 1352 2563 Dominus
1367 2501 1505 2574 bomini,
1523 2501 1669 2564 ethome
1688 2503 1910 2579 conjungitur
1929 2507 1991 2568 Do-

341 2603 395 2664 uel
411 2603 555 2680 jndicat;
571 2603 622 2664 vis
636 2602 827 2676 irascibilis,
840 2603 936 2675 iram,
951 2619 1025 2681 quea
1043 2602 1140 2665 debet
1193 2598 1294 2659 mino.

341 2713 416 2760 esse
429 2701 543 2763 contra
561 2699 664 2774 mala3
681 2700 903 2777 corrumpitur
917 2700 1139 2777 invidia,quia
1234 2695 1422 2757 Mirandum
1432 2697 1492 2770 est,
1507 2695 1565 2774 qui
1578 2695 1677 2759 toties
1692 2699 1833 2760 venerat
1842 2697 1881 2760 in
1893 2701 1990 2762 Jeru-

340 2796 474 2859 invidus
494 2796 590 2857 bonis
611 2797 753 2858 aliorum
777 2796 943 2870 irascitur,
969 2797 1002 2860 et
1025 2800 1139 2860 contra
1194 2792 1296 2854 salem
1312 2794 1385 2855 sine
1398 2793 1562 2866 laudibus,
1584 2793 1680 2856 modo
1704 2811 1779 2856 cum
1794 2797 1904 2857 ramis
1924 2798 1993 2874 pal·

340 2893 416 2955 illos
430 2895 500 2955 zelo
513 2894 727 2956 detractionis
740 2894 1137 2971 etmalitieeacceuditur3
1194 2905 1322 2952 marum
1356 2892 1390 2953 et
1423 2890 1606 2961 frondibus,
1643 2891 1677 2953 et
1700 2907 1783 2954 uoce
1810 2909 1991 2970 puerorum

339 2990 392 3050 uis
419 2991 702 3066 concupiscibilis,
730 2991 1047 3067 concupiscentiam,
1074 3007 1139 3069 qua
1193 2987 1298 3064 recipi
1311 2987 1426 3060 uoluit,
1441 2988 1522 3066 quia
1536 2989 1572 3050 in
1587 2988 1665 3050 aliis
1680 2989 1890 3066 temporibus
1903 3008 1988 3052 non-

341 3086 694 3161 concupiscendobona
703 3085 799 3148 debet
808 3089 977 3164 appetere,
988 3103 1139 3150 corrum-
1193 3084 1271 3145 dum
1284 3085 1422 3147 venerat
1435 3085 1518 3148 bora
1533 3089 1617 3163 ejus.
1632 3087 1671 3148 nt
1686 3086 1762 3148 ideo
1777 3102 1854 3148 cum
1869 3089 1991 3150 uellent

340 3181 661 3259 pituruanagloria,
684 3197 744 3258 per
767 3197 831 3258 qua
853 3184 1052 3260 appetuntur
1068 3185 1138 3246 illi·
1191 3196 1267 3242 eum
1296 3197 1438 3258 capere,
1455 3181 1677 3245 abscondebat
1702 3199 1739 3244 se
1767 3182 1809 3244 ab
1836 3184 1902 3257 eis,
1928 3202 1990 3247 nou

342 3277 421 3350 cita,
438 3277 471 3338 et
494 3277 692 3339 affectantur
713 3277 870 3340 indebita.
889 3281 968 3340 Haec
984 3281 1049 3342 tria
1064 3297 1138 3342 sce-
1191 3278 1277 3354 quod
1291 3279 1430 3342 mortem
1445 3281 1503 3343 aut
1515 3281 1649 3344 tudaeos
1662 3281 1805 3352 timeret,
1819 3281 1880 3342 sed
1907 3285 1944 3343 ut
1956 3283 1991 3344 n-

340 3373 411 3437 lera
426 3375 573 3436 moribus
587 3375 640 3435 bis
660 3375 810 3452 quatuor,
828 3376 861 3437 et
874 3375 980 3438 tribus
998 3378 1137 3442 sceleri·
1190 3373 1319 3436 delibus
1343 3375 1413 3438 tuis
1437 3377 1625 3454 exemplum
1646 3377 1750 3440 daret.
1775 3377 1841 3440 Ubi
1862 3380 1916 3441 ait
1933 3401 1941 3439 ι
1956 3383 1992 3442 St
2020 3383 2021 3460 j

286 3470 292 3480 '
339 3471 410 3548 bus,
428 3471 610 3534 secundum
631 3472 776 3534 animam
797 3474 831 3535 et
852 3488 973 3552 corpus
997 3475 1137 3553 alligant
1190 3485 1250 3533 uos
1261 3475 1435 3547 persecuti
1453 3475 1587 3548 fttertut
1606 3477 1645 3538 tu
1665 3489 1737 3537 uuo
1761 3477 1921 3549 civitote,
1937 3481 1991 3552 stt·

338 3569 500 3634 homines.
1189 3570 1259 3645 otte
1284 3573 1321 3631 tu
1348 3573 1454 3633 ctiam
1480 3569 1611 3650 (Mattb.
1638 3587 1673 3645 x,
1700 3570 1766 3652 23),
1783 3573 1885 3635 modo
1913 3591 1990 3636 uero

379 3673 450 3731 ouo
472 3668 628 3747 discipuli
651 3669 707 3747 qui
731 3667 860 3732 asinam
887 3671 1036 3746 solvunt,
1059 3672 1136 3735 sunt
1189 3667 1474 3745 appropinquante
1499 3668 1647 3746 tempore
1675 3670 1853 3746 passionis,
1875 3675 1991 3749 sponte

337 3766 447 3840 timor,
464 3767 497 3828 et
512 3783 617 3828 amor.
638 3770 740 3828 Amor
766 3768 880 3842 trahit,
896 3769 998 3832 timor
1014 3769 1134 3833 subse-
1189 3765 1340 3837 accessit
1371 3765 1518 3842 seipsum
1540 3765 1669 3836 Obtulit,
1696 3767 1729 3830 el
1757 3767 1799 3828 ad
1826 3772 1991 3846 majorem

334 3863 460 3940 quitur.
486 3861 580 3924 Dicat
597 3883 604 3922 :
620 3863 757 3924 Durum
779 3863 831 3924 est
850 3865 911 3926 ttot
933 3867 1055 3928 contra
1076 3868 1135 3928 stt-
1188 3861 1349 3923 invidiam
1363 3877 1423 3940 per
1436 3862 1655 3925 honorificam
1672 3865 1924 3941 susceptionem
1938 3869 1991 3928 in-

336 3965 469 4020 mutum
480 3959 663 4021 oooettrore
685 3957 770 4038 (Act.
786 3974 833 4032 rx,
854 3957 900 4039 5).
916 3960 1050 4023 Addidit
1064 3965 1134 4024 Do·
1188 3958 1304 4021 citavit
1323 3959 1504 4037 nequitiam
1515 3961 1661 4022 illorum.
1676 3960 1786 4023 Turba
1804 3979 1883 4039 quae
1896 3981 1991 4026 vene·

337 4056 448 4117 minus
475 4075 483 4115 ε
513 4057 551 4116 st
582 4058 658 4128 quta
692 4058 786 4117 cobis
822 4058 954 4118 dicerit
987 4061 1131 4133 attqutd,
1188 4057 1243 4118 rat
1254 4057 1286 4118 ei
1296 4055 1428 4120 obuiam
1443 4073 1517 4120 cum
1527 4059 1647 4136 palmis
1658 4053 1813 4120 'credebat
1825 4062 1989 4123 Lazarum

337 4154 467 4222 ducite,
483 4153 565 4225 quio
574 4155 743 4213 Dominus
750 4157 804 4214 bts
811 4167 897 4227 opus
905 4155 1005 4216 tebet
1015 4153 1132 4234 (Marc.
1188 4154 1239 4216 ire
1250 4169 1324 4216 cum
1334 4169 1385 4227 eo,
1399 4157 1433 4218 et
1447 4158 1582 4235 propter
1596 4155 1690 4218 illum
1704 4156 1832 4230 videre,
1847 4159 1990 4237 populus

336 4261 384 4319 11,
402 4245 448 4325 3).
476 4249 552 4307 Non
579 4247 648 4309 aits
665 4251 749 4324 tipo,
771 4249 828 4310 sed
850 4250 1031 4322 Dominus,
1054 4254 1133 4330 quia
1186 4251 1320 4313 uenitei
1334 4251 1477 4314 obviam.
1801 4247 1808 4260 '

339 4343 567 4420 unusquisque
593 4345 650 4420 qui
665 4347 786 4421 praeest
809 4345 910 4409 habet
936 4364 1018 4426 opus
1038 4352 1132 4414 asina
1225 4349 1347 4411 Aliter:
1360 4350 1841 4430 Perturbamquaeueneratei
1855 4353 1989 4418 obviam

337 4442 371 4503 et
400 4441 508 4518 pullo,
549 4441 655 4514 idest,
686 4442 898 4520 simplicitate
931 4447 965 4508 et
996 4446 1134 4510 humili·
1187 4446 1405 4522 intelligimus
1430 4448 1638 4526 patriarchas
1657 4451 1691 4511 et
1711 4450 1911 4528 prophetas,
1935 4455 1988 4531 qui

334 4538 415 4610 tate,
432 4538 510 4615 quia
524 4538 559 4600 in
577 4539 721 4600 dominis
736 4541 769 4603 et
796 4540 944 4618 praelatis
959 4545 1025 4606 duo
1042 4549 1130 4620 sunt,
1187 4543 1257 4604 suis
1278 4543 1570 4621 predicationibus
1592 4547 1682 4608 uiam
1697 4548 1841 4610 Domino
1855 4565 1989 4626 praepa-

331 4635 814 4715 potentiasctlioetetastutia;
829 4638 886 4700 sed
899 4639 1132 4719 potentia,nisi
1186 4641 1356 4714 raverunt,
1387 4642 1518 4719 quando
1544 4658 1619 4705 eum
1654 4644 1748 4705 nasci
1772 4644 1814 4706 de
1848 4647 1987 4724 Virgine

335 4749 395 4812 per
418 4733 639 4796 humilitatem
662 4736 875 4813 reprimatur,
893 4739 1021 4802 malitia
1035 4743 1086 4804 est
1100 4743 1133 4804 et
1187 4736 1424 4814 praedixerunt,
1454 4740 1542 4803 sicut
1566 4741 1599 4802 et
1620 4741 1725 4802 isaias
1753 4740 1842 4803 dixit
1867 4765 1875 4803 :
1904 4749 1988 4807 Ecce

334 4832 382 4894 ita
415 4831 567 4894 omnibus
595 4832 652 4909 qui
678 4836 825 4910 praesunt
862 4833 896 4897 et
921 4835 1132 4902 dominantur
1193 4839 1294 4912 Vtrpo
1312 4839 1478 4912 couctptet
1494 4838 1528 4900 et
1543 4839 1661 4913 portet
1683 4841 1803 4912 miuus,
1828 4840 1865 4901 et
1885 4857 1988 4904 coco-

335 4945 418 5008 0pas
433 4932 484 4992 est
497 4929 551 4990 bis
565 4929 693 4992 duabus
706 4932 885 4994 virtutibus
898 4933 958 4996 uti.
1187 4933 1279 4994 bttur
1292 4947 1417 4996 uouwu
1429 4937 1504 5008 ejus
1529 4939 1735 4999 Emmanuel
1749 4934 1807 5015 (Is.
1831 4951 1897 5010 vn,
1925 4939 1987 5018 tt),

366 5027 538 5104 <Praecepit
552 5043 631 5104 ergo
656 5031 675 5091 J
677 5045 752 5090 esus
767 5030 950 5108 discipulis,
976 5031 1013 5095 ut
1026 5033 1133 5096 addu-
1187 5031 1272 5108 quod
1285 5031 1521 5109 interpretatus
1535 5032 1707 5094 nobiscum
1722 5033 1822 5094 Deus.
1838 5035 1879 5095 st
1893 5039 1989 5099 iere-

328 5127 448 5193 ·oerent
461 5126 590 5187 asinam
606 5127 638 5188 et
659 5126 785 5204 pullum
800 5128 841 5188 ad
856 5129 1058 5206 Betbphage,
1076 5133 1131 5209 qui
1186 5129 1271 5190 mias
1283 5150 1290 5190 ε
1304 5130 1394 5190 «Hic
1409 5127 1469 5203 est,
1486 5131 1606 5207 inquit,
1632 5129 1793 5192 Dominus
1819 5135 1940 5196 noster
1958 5138 1988 5196 et

334 5225 385 5285 est
399 5225 492 5286 vicus
509 5224 544 5284 in
559 5225 669 5286 monte
685 5213 1012 5304 eliseu'Betnphage
1026 5229 1132 5292 inter—
1186 5243 1291 5287 «non
1321 5225 1539 5288 estimabitur
1571 5226 1658 5289 alius
1686 5225 1811 5304 absque
1841 5229 1904 5291 illo
1932 5234 1985 5311 qui

333 5320 483 5398 pretatur
510 5319 625 5394 bucca,
651 5322 683 5384 et
708 5321 860 5398 designat
888 5323 1130 5388 contessionem
1185 5324 1353 5388 «invenit
1377 5339 1507 5386 omnem
1533 5325 1625 5388 viam
1646 5325 1811 5399 scientiae,
1834 5329 1868 5389 et
1898 5330 1986 5391 dedit

334 5420 413 5490 oris,
443 5435 502 5495 per
531 5435 629 5495 quam
650 5419 825 5481 dimittitur
852 5423 1034 5497 peccatum,
1053 5425 1130 5501 quis
1185 5420 1627 5498 «camiacobpuerosuo,et
1642 5421 1985 5490 Israeldilectosuo.›

334 5514 538 5592 impossibile
553 5517 603 5577 est
627 5517 794 5579 bominem
816 5519 991 5595 pervenire
1012 5521 1053 5582 ad
1077 5523 1131 5583 in·
1186 5520 1264 5581 Post
1276 5519 1348 5582 baec
1362 5541 1370 5579 ε
1386 5524 1430 5584 tu
1444 5517 1552 5583 terris
1564 5523 1660 5584 uuus
1681 5523 1743 5594 est,
1763 5523 1902 5586 etcum
1925 5531 1983 5588 tto·

334 5611 549 5687 dulgentiam,
570 5616 625 5692 qui
650 5631 715 5676 non
739 5615 810 5678 vult
826 5617 975 5680 confiteri
1000 5620 1129 5698 culpam
1184 5620 1332 5680 minibus
1356 5619 1577 5682 concertatus
1600 5621 1651 5682 est
1675 5618 1983 5702 tetrachmum).
