4108 6418
335 333 393 406 to

335 535 413 584 nam
427 519 609 584 Ecclesiam
624 523 830 601 pertinentis,
847 529 916 592 suis
930 531 1026 594 nobis
1041 534 1132 600 litte-

335 619 384 680 ris
407 619 614 692 intimarunt,
639 623 725 699 quod
741 623 842 686 abbas
857 641 971 690 eorum
999 647 1035 692 se
1054 650 1131 695 sen-

335 715 683 780 tiensinsulticientem
692 723 964 800 oneriregImInis
976 727 1127 805 abbatiae,

335 807 437 874 cessit
450 815 485 875 in
511 817 663 877 manibus
690 820 895 899 eorumdem3
918 823 1048 903 ipsique
1072 829 1128 890 dil.

335 909 358 970 f.
375 914 412 972 G.
428 913 628 975 monachum
650 917 763 978 Sancti
785 920 928 982 Victoris
944 925 1128 988 Massilien.

337 1006 509 1084 elegerunt
522 1012 558 1072 in
573 1012 723 1075 abbatem
741 1019 914 1094 canonIce;
945 1024 1132 1100 supplican-

337 1105 398 1177 ιιι,
416 1107 452 1167 ut
466 1123 580 1169 eorum
594 1111 768 1187 parcentes
782 1113 950 1177 laboribus
966 1121 998 1180 et
1012 1136 1132 1198 expen-

338 1203 385 1263 sis
404 1203 598 1267 electionem
621 1207 769 1284 ipsorum
794 1210 978 1276 faceremus
1002 1217 1038 1277 in
1063 1219 1131 1280 illis

337 1301 487 1378 partibus
509 1303 709 1366 confirmari.
736 1309 841 1379 Quum
856 1327 935 1387 ergo
956 1313 1063 1376 dictus
1078 1317 1132 1378 ab·

336 1397 396 1459 bas
412 1399 529 1460 cedere
544 1402 616 1462 sine
631 1402 766 1466 licentia
795 1408 908 1469 nostra
932 1413 1129 1488 nequiverit,

337 1511 398 1556 nos
419 1496 488 1557 tam
501 1501 696 1573 cessionem,
711 1519 809 1580 quam
831 1505 1025 1571 electionem
1040 1527 1131 1587 prae-

338 1592 443 1654 dictas
456 1594 796 1663 decernentes-irritas
809 1603 842 1664 et
854 1603 982 1678 inance,
1000 1607 1131 1670 discre-

336 1687 422 1750 tioni
435 1691 555 1754 restrae
570 1709 629 1771 per
646 1697 835 1772 apostolica
859 1701 981 1778 scripta
1000 1706 1134 1767 manda·

337 1799 423 1860 mus,
441 1790 602 1864 quatenus
614 1790 766 1855 abbatem
780 1795 890 1872 ipsum
901 1798 974 1861 loco
987 1817 1047 1864 suo
1059 1819 1133 1866 res-

339 1882 416 1952 titui
430 1883 573 1949 faciatis.
628 1921 633 1930 ·

458 2115 721 2192 archiepiscopo
742 2122 917 2183 Treveros
943 2119 1004 2201 (a).

627 2303 764 2367 CAPUT
784 2308 841 2369 111.

379 2452 487 2515 Lectae
506 2467 617 2514 coram
637 2455 732 2516 nobis
751 2456 773 2516 ι.
796 2457 863 2519 tuae
885 2457 1006 2520 litterae
1025 2461 1134 2521 conti-

339 2548 473 2622 nebant,
483 2550 568 2627 quod
584 2548 685 2612 abbas
703 2550 749 2633 (d)
767 2554 880 2617 Sancti
893 2556 986 2633 Apri.
1002 2558 1131 2620 Tullen.

341 2661 437 2724 quem
456 2647 496 2708 de
520 2649 783 2711 conuersationis
807 2652 939 2715 ciritae
960 2653 1134 2717 honestate

340 2742 561 2818 commendas,
586 2745 647 2807 tibi
669 2747 840 2812 humiliter
865 2751 915 2812 est
943 2752 1131 2825 confessus,

340 2841 426 2918 quod
441 2841 518 2902 dum
533 2841 614 2904 adeo
626 2841 671 2922 (c)
687 2847 782 2920 gravi
795 2848 991 2922 aegritudine
1000 2849 1135 2910 labora-

340 2937 401 3008 ret,
428 2938 514 3013 quod
538 2939 579 2998 de
601 2939 670 3001 vita
692 2941 926 3018 desperaretur
948 2945 1065 3023 ipsius,
1092 2947 1133 3008 ad

341 3032 512 3108 cujusdam
535 3035 647 3096 tamen
671 3038 783 3097 aemuli
805 3040 857 3099 sui
881 3042 1068 3114 consilium,
1095 3043 1134 3104 de

340 3145 404 3206 quo
419 3129 491 3205 ipse
506 3145 605 3206 quum
623 3147 689 3192 non
705 3134 854 3196 crederet
868 3137 1023 3198 aemulum
1034 3139 1133 3199 conti·

341 3224 449 3298 debat,
474 3227 510 3287 in
539 3227 755 3304 quorumdam
783 3233 1021 3295 monachorum
1052 3252 1135 3297 suo-

341 3338 415 3383 rum
434 3324 611 3400 praesentia
631 3330 983 3392 excommunicationis
1002 3335 1137 3394 senten-

340 3419 399 3493 aa,
420 3420 449 3480 si
464 3437 563 3498 quam
582 3422 617 3482 iu
636 3437 751 3485 eorum
771 3425 915 3504 aliquem
939 3430 1133 3504 protulerat,

340 3577 445 3634 comite
458 3578 609 3660 ¹Tolosauo,
627 3581 675 3650 qui
690 3579 736 3636 hic
757 3583 885 3654 quiescit,
901 3593 931 3642 ut
954 3593 1019 3658 pote
1033 3601 1133 3643 mona·

341 3648 412 3704 chus
426 3649 510 3706 illius.
525 3650 603 3706 Alias
614 3659 729 3708 vocatur
739 3656 943 3712 monasterium
955 3657 1134 3727 Gallonense‚

332 3729 357 3774 ¹a
367 3720 442 3775 valle
453 3719 624 3778 ticllonensi.
641 3722 712 3781 Vide
725 3725 833 3782 clariss.
848 3725 941 3782 virum
954 3728 1136 3785 Guillelmurn

340 3790 418 3847 Cetei
433 3791 462 3845 in
477 3792 747 3848 Historiocomituat
763 3795 975 3855 Totosonorom.

377 3861 437 3916 lloc
450 3869 534 3933 caput
547 3862 576 3917 in
596 3862 767 3920 editionibus
787 3865 917 3922 tribuitur·
931 3867 1005 3924 male
1025 3870 1133 3951 Grego-

340 3930 383 3988 rio
394 3933 444 3998 lx,
463 3931 537 4003 quod
552 3940 595 3988 cst
610 3933 727 3990 Honorii
742 3935 771 3989 in
787 3936 919 3993 omnibus
931 3939 1021 4006 MSS,
1046 3941 1134 4010 quiin

340 4017 376 4058 eo
389 4001 471 4059 docet
487 4002 604 4059 alrbates
619 4012 776 4076 exemptos,
788 4013 816 4063 et
828 4007 876 4077 qui
891 4007 1055 4064 immediate
1069 4009 1135 4066 sub·

339 4072 407 4144 jecti
425 4080 489 4128 sunt
505 4073 569 4128 Sodi
597 4075 778 4144 apostolieae,
795 4091 851 4132 non
874 4093 958 4148 posse
974 4083 1136 4138 renuntiare

341 4142 404 4197 eine
418 4141 530 4198 licentia
546 4145 650 4198 summi
667 4145 811 4201 Pontillcis
828 4162 835 4201 ε
856 4161 910 4218 qua
926 4149 1013 4204 etiam
1026 4152 1136 4208 ratione

340 4227 410 4267 usus
425 4219 468 4267 est
489 4213 671 4270 innocentius
697 4217 746 4283 tv,
772 4217 800 4271 in
816 4231 902 4274 causa
919 4219 1066 4277 electionis
1089 4238 1134 4279 ar·

341 4281 515 4352 cbiopiscopi
533 4283 676 4352 l'olosani,
700 4299 775 4341 errrto
801 4287 879 4355 129²,
905 4288 971 4345 licei
994 4291 1041 4362 jus
1056 4307 1133 4349 corn-

341 4365 427 4433 nrune
443 4351 536 4409 lavent
551 4353 683 4411 cornibus
696 4357 847 4428 episcopis.
864 4358 981 4417 Dileciis
997 4363 1066 4432 filio
1087 4381 1134 4420 co·

338 4423 431 4492 pricio
456 4425 575 4480 ecciesiae
600 4425 749 4495 Toletano,
777 4429 897 4484 solutam
932 4439 981 4489 etc.
1008 4434 1137 4505 Quodque

339 4493 419 4548 ‹itcio
437 4495 552 4550 ecclesio
578 4495 715 4552 I'olosono
739 4500 818 4555 Rom.
841 4502 973 4558 Ecclesiae
987 4509 1027 4558 est
1042 4505 1135 4560 imane-

339 4564 550 4635 cliotcsubjoclo
566 4565 730 4636 nullumque
752 4574 855 4638 preter
877 4574 956 4630 doaz.
977 4573 1137 4647 Pontificem

339 4635 514 4704 superiorem
547 4636 636 4693 babet.
663 4641 698 4694 Et
720 4646 818 4710 postea
841 4644 1023 4714 conqueritur
1038 4655 1135 4703 contra

339 4705 447 4762 dictum
458 4707 623 4778 capitulum,
640 4707 715 4779 quod
737 4711 850 4767 Petrum
866 4712 901 4769 de
923 4716 1063 4795 ltoscrgio
1076 4718 1134 4774 ele·

339 4778 461 4850 gissant
487 4778 515 4832 in
539 4792 596 4833 non
622 4779 763 4836 modicam
786 4780 1002 4855 derogationem
1019 4789 1092 4859 Juris
1109 4795 1137 4844 et

341 4849 517 4904 auctoritatis
530 4847 672 4920 praedictae
688 4853 822 4909 Ecclesiae
836 4855 982 4923 Montanae,
996 4857 1062 4914 licet
1075 4859 1136 4930 ipse

339 4919 376 4976 de
389 4920 528 4992 llosergio
547 4919 590 4976 tir
602 4928 678 4977 esset
693 4937 813 4979 summae
838 4926 1014 4996 eruditionis,
1034 4937 1061 4984 et
1075 4932 1134 5000 pie-

339 4989 415 5057 tatis
429 4995 467 5046 ita
481 4997 510 5046 ιιι
523 4997 586 5062 posi
597 4990 659 5062 ojus
673 4992 780 5049 obitum
796 4995 892 5051 nrultis
906 4998 1138 5056 micacuIIscllul·

339 5061 417 5130 serit,
432 5069 510 5117 ulex
524 5063 730 5134 Mortpruloqio
744 5065 866 5135 ejusdem
880 5069 1021 5137 Ecclesiae,
1036 5077 1064 5126 et
1075 5073 1137 5128 aliis

340 5133 412 5190 actis
447 5139 513 5188 atet.

377 5147 664 5276 (ctpnrctoptsccpo
680 5206 852 5262 Trcucrcnsi.
883 5207 1059 5267 Theoderico
1086 5215 1135 5282 IV,

339 5275 435 5330 comiti
458 5274 493 5330 de
508 5273 599 5332 Weda
614 5275 659 5345 88,
675 5276 804 5347 quiscdit
815 5277 850 5332 ab
862 5291 937 5334 anno
952 5281 1031 5350 lala,
1046 5297 1137 5355 usque

340 5343 376 5401 ad
387 5359 494 5401 annum
510 5346 588 5402 ιιιι.

376 5417 416 5488 (ι)
433 5417 460 5472 S.
477 5417 551 5485 Apri
573 5417 721 5473 luliartsis.
742 5415 839 5474 nobas
859 5419 886 5476 S.
905 5419 984 5492 AprI,
999 5424 1138 5482 Tullensis

339 5485 481 5553 dioecesis,
494 5487 603 5544 ordinis
619 5491 646 5544 S.
659 5487 804 5545 Benedicti
820 5491 848 5545 in
861 5488 998 5548 bonorem
1013 5495 1040 5550 S.
1056 5497 1136 5568 Apri,

341 5557 511 5613 7'lullensis
533 5557 669 5630 episcopi,
700 5559 787 5633 vulgo
807 5561 883 5618 sciui
905 5563 989 5620 llere.
1014 5566 1138 5625 lliclrard

338 5627 557 5700 Wassemburg.

377 5695 414 5770 (c)
435 5697 521 5754 Groui
532 5697 698 5769 caritudine
712 5699 862 5760 laboraret.
878 5705 1047 5776 Uipotenon
1060 5723 1138 5767 santa

957 349 1133 421 nonanti
1154 358 1200 422 nr
1221 347 1358 424 onaan

1923 357 1981 431 '148'

1184 541 1350 616 revocata,
1365 557 1423 606 ecs
1437 539 1479 604 ab
1498 539 1696 616 obedientia
1715 542 1751 604 in
1766 558 1831 620 qua
1846 543 1911 606 sibi
1924 547 1978 610 te·

1185 639 1359 712 nebantur,
1374 637 1532 716 absolvit3
1548 638 1665 702 uocato
1677 619 1869 702 dioecesano
1884 643 1978 720 epis-

1185 753 1278 814 copo,
1293 738 1330 798 ut
1342 735 1516 799 Abbatiam
1531 737 1566 797 in
1581 740 1653 814 ejus
1666 736 1819 797 manibus
1833 741 1981 816 resigna·

1184 833 1246 906 ret,
1264 835 1349 913 quod
1364 835 1486 908 tamen,
1503 850 1583 896 usus
1601 831 1741 896 consilio
1756 835 1895 908 saniori,
1913 853 1980 898 non

1185 929 1273 1006 fecit,
1287 932 1366 994 licet
1380 932 1486 994 eidem
1502 930 1613 994 abbati
1623 928 1759 992 sanitati
1770 932 1981 1008 postmodum

1185 1029 1348 1102 restituto,
1374 1029 1522 1092 universi
1549 1029 1582 1092 et
1605 1028 1728 1105 singuli
1751 1027 1791 1090 de
1816 1031 1983 1093 conventu

1186 1126 1406 1188 obedientiam
1422 1127 1455 1189 et
1465 1125 1687 1188 reverentiam
1701 1126 1853 1203 requisiti
1868 1123 1909 1188 ab
1922 1143 1983 1190 eo·

1186 1224 1259 1287 dem
1282 1225 1319 1285 in
1337 1223 1481 1301 capitulo
1499 1223 1741 1301 promisissent.
1762 1223 1851 1285 ldem
1868 1224 1983 1286 tamen

1186 1337 1286 1399 super
1309 1337 1359 1394 eo,
1383 1321 1469 1400 quod
1491 1321 1540 1382 sic
1562 1320 1687 1384 iecerat
1707 1318 1871 1394 dubitans,
1900 1338 1920 1383 a
1948 1321 1983 1384 te

1187 1418 1264 1498 quid
1277 1435 1377 1496 super
1385 1419 1449 1481 hoc
1461 1418 1561 1480 saluti
1572 1435 1640 1480 suae
1652 1419 1853 1492 consuleres,
1865 1420 1985 1496 postu-

1186 1516 1282 1579 lavit:
1299 1517 1433 1596 propter
1454 1516 1539 1596 quod
1561 1516 1608 1590 tu,
1634 1532 1735 1593 quum
1752 1516 1865 1578 babito
1880 1533 1983 1594 super

1186 1614 1250 1677 boc
1264 1613 1535 1694 jnrisperitorum
1555 1613 1694 1677 consilio
1709 1613 1833 1677 diversi
1847 1614 1983 1675 diversa

1186 1712 1368 1785 sentirent,
1398 1711 1548 1776 nostrum
1576 1711 1772 1784 consilium,
1812 1727 1855 1772 an
1892 1710 1984 1772 idem

1186 1811 1288 1874 abbas
1304 1827 1347 1872 ex
1362 1811 1425 1871 boc
1439 1809 1623 1885 resignavit
1638 1807 1819 1886 requisisti.
1839 1809 1909 1870 Nos
1924 1807 1983 1868 ta-

1187 1926 1262 1972 men
1277 1923 1320 1970 ex
1334 1906 1393 1970 tali
1412 1905 1499 1967 lacto
1518 1904 1680 1966 duntaxat
1704 1904 1857 1966 eumdem
1878 1901 1986 1964 abba-

1187 2009 1253 2070 tem
1266 2005 1455 2080 resignasse
1470 2017 1530 2064 suo
1543 2001 1700 2080 regimini
1715 2016 1782 2065 non
1796 2000 1963 2066 videmus.

1416 2216 1628 2308 TITULUS
1650 2217 1750 2306 VIII

1229 2405 1273 2452 aa
1302 2404 1419 2452 nultra
1449 2404 1492 2450 ur
1521 2401 1709 2460 cuminian
1738 2398 1782 2448 ar
1812 2399 1941 2448 onoma

1386 2499 1693 2549 rnnsrcrmuuonuu
1714 2481 1772 2563 (1).

1282 2623 1543 2696 archiepiscopo
1557 2619 1803 2680 Mediolanensi
1816 2614 1878 2694 (d).

1493 2779 1629 2840 CAPUT
1649 2780 1675 2838 Ι.

1230 2933 1386 3006 Quamvis
1409 2931 1512 2994 multa
1535 2931 1703 3008 proposita
1728 2920 1851 2989 fuerint
1867 2931 1989 2990 contra

1188 3029 1413 3090 venerabilem
1436 3027 1458 3088 l.
1487 3043 1520 3087 n.
1539 3025 1731 3102 episcopum
1750 3016 1899 3098 Calliam,
1921 3025 1988 3086 etsi

1189 3125 1274 3185 nibil
1298 3125 1471 3200 probatum
1495 3123 1583 3182 esset
1606 3123 1646 3182 de
1669 3121 1753 3197 illis;
1780 3123 1858 3199 quia
1872 3122 1988 3184 tammr

1190 3219 1360 3282 consessus
1378 3221 1429 3282 est
1445 3235 1557 3280 coram
1576 3218 1672 3278 nobis
1690 3233 1725 3280 se
1754 3233 1924 3295 nunquam
1937 3216 1987 3297 (c)

1190 3319 1230 3380 de
1242 3318 1458 3396 grammatica
1478 3315 1644 3387 didicisse,
1668 3331 1729 3378 nec
1746 3316 1847 3378 etiam
1862 3316 1989 3392 legisse

1190 3416 1352 3477 Donatum
1363 3412 1423 3492 (2),
1440 3413 1473 3474 et
1490 3428 1550 3490 per
1568 3411 1770 3474 evidentiam
1785 3411 1864 3474 lacti
1880 3428 1990 3488 usque

1190 3574 1304 3639 arentis,
1324 3571 1465 3630 beneficio
1484 3583 1535 3627 suo
1555 3585 1613 3627 non
1632 3576 1765 3628 censetur
1792 3570 1988 3638 renuntiasse,

1191 3659 1225 3700 ex
1237 3643 1381 3700 debilitate
1396 3643 1500 3698 mentis
1512 3647 1541 3697 et
1552 3642 1690 3713 eorporis,
1703 3647 1734 3697 ut
1745 3640 1853 3710 aitcep.
1885 3645 1988 3708 neoto,

1190 3716 1240 3771 boc
1253 3715 1297 3771 tit.
1316 3714 1368 3770 llic
1382 3713 1494 3770 videtur
1507 3713 1555 3784 agi
1578 3718 1687 3768 tanturn
1701 3710 1736 3766 de
1751 3710 1799 3766 tali
1812 3723 1875 3766 mor
1896 3725 1923 3778 o,
1940 3711 1989 3768 cui

1191 3787 1268 3842 nulla
1290 3785 1414 3857 supersit
1437 3783 1536 3840 salutis
1559 3797 1636 3854 spes,
1657 3781 1705 3862 qui
1720 3781 1755 3837 sit
1770 3787 1847 3836 extra
1863 3794 1895 3862 se
1911 3781 1988 3853 posi-

1190 3863 1247 3925 tus,
1259 3863 1287 3912 et
1302 3863 1379 3912 extra
1395 3862 1530 3920 mentem,
1548 3861 1578 3908 ut
1596 3853 1718 3922 loquitur
1734 3853 1919 3909 Innocentius
1934 3853 1987 3919 lll,

1190 3928 1219 3983 in
1231 3941 1295 3999 cap.
1311 3926 1387 3982 Sicut
1400 3931 1489 3993 tortor,
1505 3925 1538 3979 de
1550 3924 1676 3994 recolor.
1694 3924 1776 3978 Mune
1791 3919 1906 3992 quidem
1923 3935 1987 3977 mo·

1191 3997 1342 4055 ribundutn
1367 4003 1479 4063 vocant,
1503 3993 1683 4066 Thucydides
1698 3993 1799 4048 melius
1822 3991 1989 4054 πονούμενον.

1191 4069 1374 4136 laborantem,
1385 4065 1458 4137 apud
1466 4065 1621 4130 Pollucem,
1634 4064 1682 4119 lib.
1698 4063 1754 4131 ιιι,
1766 4077 1827 4131 cop.
1843 4063 1887 4142 tl,
1901 4065 1989 4118 inno·

1191 4133 1987 4208 centlus,oqcnieminrectrencisincap.Quomcitiecius‚

1190 4211 1223 4268 dc
1236 4224 1352 4266 success.
1366 4209 1401 4263 cd
1415 4208 1508 4264 intest.

1227 4279 1268 4352 (ι)
1294 4282 1333 4336 Le
1355 4279 1419 4336 titre
1441 4280 1473 4334 dc
1491 4278 1586 4334 AEicle
1610 4282 1653 4332 est
1675 4275 1702 4331 le
1725 4275 1755 4331 ge
1768 4273 1803 4330 de
1822 4275 1848 4330 la
1873 4275 1988 4346 Corrzpi-

1191 4352 1261 4409 iciio
1275 4352 1300 4420 l,
1317 4358 1345 4407 et
1360 4350 1385 4406 le
1402 4349 1448 4406 lb⁰
1459 4348 1509 4404 des
1526 4345 1688 4406 Decretalcs
1703 4342 1925 4417 Gregoriennes.

1228 4420 1268 4495 (2)
1295 4424 1404 4488 Donat,
1434 4419 1641 4498 gratnmairien
1670 4417 1739 4473 latin
1765 4416 1803 4472 du
1829 4413 1992 4487 quatribrne

1191 4493 1287 4560 siecle,
1305 4491 1346 4549 lut
1357 4491 1459 4548 maltro
1473 4489 1508 4546 de
1524 4491 1598 4546 saint
1612 4489 1736 4546 larome.

1229 4563 1269 4636 (cl)
1286 4562 1406 4630 Quidam
1428 4562 1505 4618 MSS.
1527 4559 1646 4619 Codices
1664 4558 1770 4616 nullam
1794 4555 1904 4639 babent
1926 4556 1988 4638 cpi·-

1191 4636 1339 4708 graplren3
1354 4647 1429 4690 unus
1441 4631 1538 4700 babet,
1549 4628 1990 4699 ArcbicpiscopoMediolanensi,

1191 4707 1267 4780 quod
1283 4712 1380 4776 putem
1394 4703 1491 4760 verius
1513 4715 1598 4774 quarn
1622 4699 1776 4766 beomensi,
1788 4705 1826 4780 *ut
1852 4699 1993 4781 uulgares

1191 4777 1333 4836 editiones
1354 4775 1469 4840 babent,
1486 4777 1552 4845 quta
1569 4772 1662 4845 agitur
1675 4771 1710 4826 dc
1727 4771 1859 4826 Callrensr
1874 4783 1990 4841 eprsco·

1192 4865 1238 4922 po,
1255 4861 1313 4905 non
1323 4847 1475 4914 calinensi,
1493 4845 1541 4916 qui
1556 4857 1696 4913 nusquam
1719 4839 1779 4897 suit.
1801 4840 1891 4912 Hujus
1916 4839 1988 4922 dita-

1191 4920 1265 4977 cesla
1290 4925 1334 4974 cst
1354 4918 1383 4973 i'n
1399 4915 1525 4973 marchia
1548 4913 1737 4979 anconitana,
1750 4910 1844 4992 ethoc
1864 4925 1988 4982 rescrip-

1191 4999 1251 5048 tum
1277 4988 1416 5046 directum
1449 4993 1493 5044 est
1523 4985 1739 5056 archiepiscopo
1771 4981 1988 5062 Mediolanensi,

1192 5063 1239 5134 qui
1261 5069 1328 5118 tunc
1341 5065 1402 5116 erat
1417 5058 1556 5116 ilenricus
1573 5057 1694 5121 settara,
1709 5054 1757 5125 qui
1771 5051 1845 5110 sedit
1862 5051 1898 5108 ab
1913 5066 1991 5109 anno

1194 5133 1263 5190 1210
1289 5128 1431 5203 usquead
1447 5143 1553 5184 artuum
1577 5127 1658 5194 1230,
1670 5140 1705 5181 ex
1728 5123 1868 5182 Chronico
1891 5126 1989 5180 Panu-

1193 5205 1261 5260 vinr.
1276 5206 1311 5259 Et
1325 5209 1411 5269 recte,
1429 5200 1493 5274 quia
1515 5197 1640 5256 Marclria
1654 5196 1833 5252 anconitana
1849 5203 1928 5250 caret
1948 5209 1992 5250 ar-

1192 5274 1416 5399 chiepiscopatu,
1432 5285 1519 5342 quum
1534 5283 1635 5350 omnes
1650 5270 1831 5349 episcopatus
1844 5266 1919 5322 illius
1930 5281 1994 5358 pro-

1193 5347 1294 5402 vinciae
1317 5358 1331 5400 a
1373 5357 1517 5398 summurn
1540 5340 1706 5397 Pontrlicern
1728 5344 1898 5409 pertineant.
1918 5339 1990 5392 lum

1191 5418 1290 5484 etiam,
1307 5415 1372 5486 quia
1388 5413 1579 5470 Mediolanum
1594 5418 1638 5468 est
1652 5409 1817 5490 Metropolis
1833 5408 1933 5489 ltalia.
1948 5409 1993 5463 Pi·

1193 5501 1296 5544 cenum
1323 5485 1522 5551 annonarium,
1549 5497 1625 5538 nunc
1644 5479 1769 5538 Marclua
1798 5480 1990 5560 anconitana,

1194 5565 1253 5615 erat
1268 5558 1296 5612 in
1309 5555 1426 5613 dtoeccsi
1442 5555 1547 5615 vicarii
1561 5555 1659 5621 ltaliae,
1676 5551 1723 5623 qui
1738 5549 1893 5608 Mediolani
1909 5564 1990 5606 com-

1193 5628 1367 5686 morabatur.

1231 5699 1267 5773 (a)
1289 5697 1539 5758 DeGroorototico.
1553 5693 1633 5766 Quod
1652 5691 1720 5752 dicit
1739 5693 1906 5764 episcopum
1927 5691 1990 5750 Cal·
