4078 6442
52 323 125 386 533

101 480 347 545 Monasterium
367 479 519 554 Wizina,
548 493 652 541 unum
679 475 866 540 marabuti-

55 599 157 642 num.
707 618 710 624 ·

101 679 277 756 Hospitale
303 679 435 740 Sanciae
458 675 574 738 Mariae
596 674 632 736 in
656 673 825 747 Pecknizt,
845 675 866 735 2

53 777 280 839 malachinos

100 877 141 936 In
161 873 353 952 episcopatu
368 869 570 949 augustensi
592 892 599 932 :
623 869 864 933 Monasterium

53 972 102 1034 de
115 971 253 1041 Werda‚
268 987 406 1033 aureum
421 985 535 1031 unum.

101 1073 141 1131 In
168 1069 456 1148 archiepiscopatu
479 1067 671 1130 Coloniensi
688 1087 695 1128 ι
714 1066 864 1132 Ecclesia

53 1167 102 1230 da
119 1166 346 1241 Romestoroh,
362 1183 464 1228 unum
479 1165 671 1228 coloniense
684 1180 833 1228 aureum.

102 1265 522 1344 InepiscopatuLeodiensi
532 1285 539 1324 :
550 1263 863 1326 EcclesiadeMonte

56 1363 179 1426 Sancti
193 1363 370 1436 Johannis,
386 1377 489 1423 unam
505 1362 671 1423 monetam
687 1361 772 1422 anri.

101 1461 251 1524 Ecclesia
267 1461 381 1523 Sancti
395 1460 535 1536 AEgidii,
557 1459 665 1536 posita
681 1459 715 1519 in
731 1458 862 1536 publico

53 1561 185 1632 monte,
202 1574 305 1620 unum
320 1557 577 1620 marabutinum.

102 1657 274 1736 Hospitale
286 1656 327 1718 da
341 1658 588 1729 Wauce,unam
599 1655 765 1718 monetam
775 1655 860 1716 auri.

101 1749 342 1817 Monasterium
358 1754 488 1817 Sanctae
503 1753 619 1815 Mariae
634 1753 670 1814 in
685 1753 859 1826 Novillari,

53 1869 167 1915 unum
178 1851 437 1914 marabotinum.

101 1950 251 2013 Ecclesia
262 1949 392 2013 Sanctae
407 1948 523 2011 Mariae
538 1947 573 2010 in
586 1948 747 2022 Floresia,
759 1964 860 2011 unam

53 2051 228 2112 monetam
241 2048 326 2111 auri.

100 2150 139 2209 ln
152 2147 344 2225 episcopatu
359 2146 578 2224 Trajactensi.

103 2249 140 2307 ln
156 2243 443 2321 archiepiscopatu
458 2241 728 2305 Monasteriensi.

101 2345 139 2404 In
155 2342 347 2420 episcopatu
361 2341 548 2414 Misinensi,
559 2340 613 2403 val
626 2339 805 2401 Mindensi.

103 2443 141 2502 ln
155 2439 347 2518 episcopatu
359 2438 618 2514 osnaburgensi.

100 2540 138 2599 Iu
152 2537 441 2615 archiepiscopatu
463 2536 638 2598 Bremensi
659 2558 667 2596 :
690 2535 862 2598 Monaste-

52 2636 151 2698 rium
166 2635 422 2706 Roseveldense,
439 2649 542 2694 unum
562 2632 818 2695 marabutinum.

99 2732 340 2795 Monasterium
356 2731 487 2793 Sanctae
510 2731 626 2792 Mariae
647 2731 683 2791 in
707 2733 862 2794 Rarasta·

49 2832 136 2903 den,
155 2829 309 2891 ennoias
331 2829 416 2889 auri.

99 2927 251 2990 Ecclesia
266 2925 440 2998 Rosceral,
455 2941 559 2986 unum
571 2924 829 2988 marabutinnm.

100 3025 248 3086 Ecclesia
261 3024 391 3085 Sanctae
404 3023 593 3085 catharinae
608 3025 796 3086 Bremensis
811 3026 862 3088 ci-

49 3123 185 3195 uitatis,
200 3139 303 3183 unum
317 3120 448 3183 obolum
461 3137 610 3183 aureum.

99 3222 137 3281 ln
150 3218 342 3297 episcopatu
356 3218 584 3280 Bardaicensi.

100 3319 137 3379 In
150 3317 342 3394 episcopatu
357 3316 592 3379 Solesiucansi.

98 3417 136 3474 ln
151 3414 344 3492 episcopatu
355 3414 637 3490 Raskeburgansi.

97 3513 136 3572 In
149 3511 339 3588 episcopatu
354 3511 652 3587 Miohilibnrgensi.

96 3612 136 3671 In
152 3608 343 3685 episcopatu
356 3605 569 3668 Lubichensi.

96 3710 136 3769 ln
152 3705 440 3781 archiepiscopatu
458 3704 734 3782 Magdaburgensi
755 3727 763 3767 ε
786 3708 860 3768 Μο-

50 3803 243 3864 nestorium
260 3803 293 3862 S.
303 3801 405 3873 Petri,
418 3801 505 3878 qnod
515 3801 615 3863 aliter
628 3802 751 3865 dicitur
762 3805 858 3866 Mons

52 3905 217 3972 Serenae,
233 3915 334 3960 unum
349 3898 540 3960 bisantium.

95 4001 135 4060 In
150 3997 342 4074 episcopatu
354 3995 627 4073 Halhebargensi.

94 4097 134 4156 In
149 4095 341 4171 episcopatu
355 4093 656 4172 Bragdeburgensi.

93 4195 133 4254 In
146 4193 339 4270 episcopatu
350 4192 525 4253 Misnensi.

93 4293 133 4352 ln
154 4289 346 4366 episcopatu
368 4289 858 4366 Mesenburgens12Monaste·

48 4389 142 4449 rium
158 4389 190 4449 S.
206 4386 322 4450 Jacobi
337 4386 377 4448 da
388 4388 548 4461 Pictavia,
561 4403 664 4450 unum
678 4390 857 4453 marabuti-

51 4502 149 4546 num.

91 4582 334 4644 Monasterium
349 4582 582 4659 Burglinensa.

92 4682 133 4741 ln
169 4679 362 4757 episcopatu
396 4681 528 4742 cicensi
564 4703 572 4743 :
614 4683 854 4745 Monasterium

50 4777 184 4839 Sanctae
197 4778 313 4839 Mariae
329 4778 503 4852 Lusnezai,
520 4781 540 4839 2
554 4779 723 4855 gossarios
736 4781 822 4842 auri.

93 4875 242 4937 Ecclesia
258 4876 387 4937 Sanctae
400 4877 527 4949 Mariae,
543 4878 575 4938 et
591 4878 703 4940 Sancti
719 4880 853 4956 Georgii

48 4973 89 5034 in
106 4973 276 5050 Burgelin,
294 4990 395 5034 unum
412 4990 550 5036 aureum
565 4974 821 5038 marabutinum.

92 5072 130 5132 ln
145 5071 433 5148 archiepiscopatu
445 5072 699 5150 salzeburgensi
714 5095 721 5134 :
737 5076 854 5137 Eccle-

49 5169 102 5230 sia
126 5168 239 5230 Sancti
263 5169 354 5231 Petri
379 5171 644 5248 Berthersgadan
672 5173 851 5235 Patescar-

48 5267 186 5339 mensis
199 5282 302 5327 unum
318 5266 573 5330 marabutinum.

90 5364 331 5427 Monasterium
346 5365 386 5426 de
402 5365 562 5440 Sodoma,
577 5383 679 5428 unum
693 5368 853 5430 marabu-

48 5461 168 5522 tinum.

91 5557 249 5621 Ecclesiae
272 5561 387 5624 Sancti
409 5561 516 5636 Pauli,
538 5579 640 5625 unum
662 5565 849 5628 marabuti-

49 5671 139 5717 num.

711 316 837 379 LIBER
858 314 1072 380 CENSUUM.

1660 327 1722 390 534

960 478 1200 540 Monasterium
1218 479 1332 542 Sancti
1351 478 1519 544 lamberti
1538 481 1579 545 de
1603 485 1724 547 Garin-

919 573 1001 646 thia,
1019 590 1121 636 unum
1132 575 1391 638 marabutinum.

959 671 1199 734 Monasterium
1215 675 1329 738 Sancti
1347 674 1530 738 Salvatoris
1545 676 1722 740 Mistaten-

920 766 977 841 sis‚
995 784 1097 831 unum
1111 766 1368 834 marabutinum.

958 869 1108 930 Ecclesia
1135 871 1266 932 Sanctae
1294 871 1486 948 Margaritae
1505 871 1721 951 Boubargen-

919 967 976 1040 sis,
991 984 1092 1029 unum
1105 970 1327 1031 romanatum.

958 1066 1107 1127 Ecclesia
1119 1066 1159 1128 de
1174 1068 1289 1140 Burin,
1306 1082 1409 1128 unum
1422 1067 1680 1131 marabutinum.

958 1164 1131 1225 Gessensis
1147 1165 1299 1238 ecclesia,
1317 1181 1420 1226 unum
1433 1166 1655 1228 romanatum.

957 1262 1197 1325 Monasterium
1212 1262 1454 1340 Victringense,
1478 1279 1580 1326 unum
1603 1280 1717 1328 mara-

917 1356 1080 1422 butinam.

957 1458 1107 1522 Ecclesia
1122 1459 1235 1522 Sancti
1247 1459 1407 1533 Floriani,
1423 1477 1524 1522 unum
1539 1476 1688 1523 aureum.

957 1555 1196 1619 Monasterium
1205 1559 1358 1620 Omnium
1369 1558 1717 1621 SanctorumdeMils-

916 1651 975 1725 tat,
992 1669 1095 1715 unum
1109 1655 1300 1733 squilatum.

955 1751 1126 1828 Hospitala
1142 1753 1183 1815 de
1194 1753 1370 1824 Bekeneiz,
1386 1755 1423 1816 51
1436 1753 1645 1816 frisacenses.

955 1854 993 1913 ln
1008 1853 1202 1930 episcopatu
1214 1851 1406 1914 Pataviansi
1415 1873 1422 1912 :
1431 1852 1579 1915 Ecclesia
1592 1852 1632 1914 de
1643 1853 1716 1915 Nu·-

916 1951 1024 2025 dilith,
1041 1967 1143 2012 unum
1158 1949 1415 2011 marabutinum.

955 2047 1105 2111 Ecclesia
1129 2047 1259 2108 Sanctae
1281 2046 1397 2108 Mariae
1417 2045 1457 2107 de
1479 2045 1588 2119 Cella,
1613 2061 1715 2106 unum

916 2145 1160 2209 marabutinum
1174 2159 1235 2223 pro
1254 2160 1300 2218 sa,
1322 2144 1358 2207 et
1374 2143 1476 2206 alium
1493 2158 1553 2220 pro
1574 2144 1715 2221 quodam

915 2243 1052 2323 praedio.

955 2339 1104 2403 Ecclesia
1133 2339 1264 2403 Sanctae
1292 2340 1409 2402 Mariae
1436 2339 1477 2401 de
1504 2342 1714 2416 Burgonov0,

915 2456 1018 2502 unum
1033 2437 1290 2500 marabutinum.

954 2535 1103 2598 Ecclesia
1130 2536 1243 2598 Sancti
1268 2534 1439 2597 Benedicti
1464 2534 1505 2597 de
1526 2535 1713 2608 Conusano,

915 2634 1085 2696 dimidiam
1101 2635 1234 2696 unciam
1246 2619 1332 2696 auri.

954 2731 1104 2794 Ecclesia
1116 2731 1389 2809 Nivaburgansis,
1406 2726 1508 2792 unum
1523 2745 1711 2809 perparum.

954 2830 1103 2892 Ecclesia
1114 2830 1226 2893 Sancti
1238 2829 1327 2892 Patri
1331 2873 1431 2891 ........
1441 2828 1711 2891 12srisiacenses.

955 2927 1104 2990 Ecclesia
1128 2927 1169 2990 de
1189 2927 1371 3001 Medelich,
1397 2943 1499 2988 unum
1530 2925 1715 2988 marabuti-

914 3041 1004 3086 num.

954 3123 1103 3186 Ecclesia
1136 3124 1249 3187 Sancti
1283 3123 1424 3186 Andreae
1451 3124 1493 3185 de
1513 3121 1711 3194 Trahesma,

915 3237 1017 3283 unum
1032 3221 1288 3284 marabutinum.

952 3321 1101 3382 Ecclesia
1124 3320 1236 3382 Sancti
1258 3320 1359 3394 Petri,
1381 3335 1480 3397 quam
1499 3321 1542 3380 M.
1564 3317 1604 3380 da
1617 3319 1713 3379 Hun-

914 3419 987 3495 pert
1001 3416 1187 3479 construxit
1203 3418 1238 3478 in
1257 3417 1382 3494 praedio
1398 3433 1469 3490 suo,
1486 3415 1627 3492 singulis
1649 3431 1712 3476 an-

913 3514 965 3574 nis
981 3514 1077 3576 debet
1102 3514 1231 3576 solvere
1250 3514 1383 3575 domino
1404 3516 1504 3591 Papae
1524 3529 1583 3592 pro
1606 3528 1710 3575 censu

914 3612 953 3673 12
968 3611 1123 3672 denarios
1139 3611 1350 3673 frisacensas.

953 3708 1194 3770 Monasterium
1217 3709 1346 3770 Sanctae
1379 3708 1507 3776 Mariae,
1536 3707 1569 3768 et
1597 3707 1707 3768 Sanot'

914 3805 1047 3884 Georgii
1061 3806 1102 3868 ad
1117 3806 1242 3880 Scotos,
1258 3822 1361 3866 unum
1376 3805 1631 3867 marabutinum.

953 3907 991 3966 ln
1003 3903 1199 3982 episcopatu
1209 3902 1713 3982 Ratisponensi:Monasterinm

914 4003 1086 4065 Scotorum
1094 4002 1206 4066 Sancti
1213 4001 1340 4076 Jacobi,
1353 4018 1456 4064 unum
1468 4017 1618 4074 aureum,
1628 4000 1714 4063 idest

912 4099 1168 4162 marabutinum.

951 4198 1190 4262 Monasterium
1204 4197 1317 4260 Sancti
1331 4199 1508 4273 Emarami,
1522 4195 1713 4260 731313113-

910 4296 1009 4359 tinos.

950 4394 1103 4457 Ecclesia
1129 4394 1260 4457 Sanctae
1283 4394 1400 4457 Mariae
1425 4393 1466 4456 de
1492 4393 1709 4466 Rioclunach,

910 4509 1013 4553 unum
1026 4492 1218 4571 squilatum.

949 4591 1097 4652 Ecclesia
1116 4591 1247 4654 Sanctae
1259 4592 1377 4654 Mariae
1391 4589 1433 4652 de
1448 4589 1658 4669 Spainshart,
1673 4591 1712 4652 12

909 4688 1065 4750 denarios
1078 4689 1266 4766 argenteos.

947 4785 1088 4850 annana
1115 4788 1305 4864 Superioris
1321 4786 1418 4858 Altae,
1435 4802 1537 4847 unum
1557 4801 1706 4846 aureum.

947 4886 985 4945 ln
997 4885 1192 4962 episcopatu
1203 4883 1380 4946 Erisiensi:
1392 4881 1632 4945 Monasterium
1647 4885 1711 4945 Ro-

908 4997 1017 5055 cense,
1031 4999 1134 5044 unum
1150 4979 1409 5043 marabotinum.

946 5080 1187 5142 Monasterium
1201 5078 1435 5158 Apostolorum
1448 5077 1595 5156 Philippi
1605 5079 1638 5140 et
1648 5081 1667 5142 J
1670 5095 1709 5140 a·

907 5178 981 5240 cobi
996 5179 1032 5239 in
1051 5178 1177 5255 praedio
1197 5177 1371 5254 Pariherg,
1392 5177 1534 5254 singulis
1553 5177 1707 5238 trienniis

906 5275 1016 5338 albam
1029 5293 1104 5338 cum
1116 5276 1413 5350 amictu,Basilioae
1429 5277 1542 5340 Sancti
1557 5279 1708 5337 Lauren-

905 5374 944 5436 tii
959 5362 1206 5436 lateranensis.

945 5472 1184 5534 Monasterium
1205 5472 1317 5534 Sancti
1341 5472 1608 5547 Martinianum
1629 5489 1705 5535 ma-

905 5569 1128 5633 nebulinum.-

945 5669 1092 5731 Ecclesia
1104 5668 1282 5745 Undansis,
1295 5687 1396 5734 unum
1414 5671 1668 5736 marabutinum.
