4090 6426
290 225 350 290 319
890 222 1067 286 ttouontt
1090 221 1134 284 ΙΙΙ
1156 221 1305 287 OPERA.
1884 223 1951 285 320

290 381 458 465 6666666),
473 399 574 462 quum
587 382 697 460 portat
717 381 890 460 presbyter
907 382 1089 445 nuclearis-
1142 385 1216 446 ritis
1244 381 1445 462 respondeat
1469 377 1630 454 Creatori,
1661 381 1741 458 etc,
1772 385 1807 445 et
1832 385 1946 459 trrfrn.

289 485 371 547 tiam
387 482 427 544 ad
443 482 622 553 infirmum,
640 496 738 558 quam
755 481 790 541 in
816 479 948 542 decenti
972 480 1088 542 habitu
1143 486 1248 555 Quum
1263 499 1343 559 ergo
1359 480 1501 544 ecclesia
1515 481 1688 543 Gallicana
1708 497 1768 558 per
1788 482 1849 542 Dei
1863 497 1950 559 gra-

291 580 499 660 superposito
523 578 645 639 mundo
667 578 831 639 velamine
857 577 952 651 terat,
976 580 1010 639 et
1032 595 1089 641 re-
1141 581 1222 643 tiam
1244 582 1401 659 66666666
1424 581 1563 640 6666666
1583 595 1684 657 66666
1704 579 1948 641 candelabrum

291 681 376 741 ierat
390 677 574 749 manileste,
596 693 635 737 ac
656 675 839 737 honorilice
859 677 935 738 ante
959 678 1085 754 pentae,
1142 681 1259 758 posita,
1280 679 1391 740 luceat
1409 679 1485 740 aliis
1503 695 1562 756 per
1585 677 1785 754 exemplum,
1806 677 1864 754 qui
1890 678 1950 738 vi-

292 795 366 840 cum
378 775 676 847 omniraverentia‚
694 774 726 835 et
738 774 856 836 timere
872 789 1002 851 semper
1013 790 1087 836 cum
1142 777 1256 839 dentes
1271 793 1373 856 opera
1391 779 1463 854 eJus
1481 776 1569 838 bana
1592 775 1781 851 glorificant
1806 777 1947 838 Patrem

291 876 416 936 lumine
432 872 648 951 praecedente,
666 888 766 948 quum
790 871 833 932 sit
857 871 982 933 candor
1002 872 1088 933 lucis
1143 874 1319 946 coelestem,
1337 890 1390 946 ne,
1402 875 1489 952 quod
1502 873 1598 946 absit,
1612 873 1714 936 tauta
1727 873 1948 950 negligentiae

292 972 436 1044 aeternae,
453 971 489 1032 ut
503 987 545 1031 ex
560 971 623 1031 666
635 970 722 1046 6666
735 985 849 1030 omnes
873 970 955 1031 tides
970 970 1003 1031 et
1023 968 1087 1030 de-

291 1070 380 1133 votio
396 1069 568 1144 augeatur.
590 1066 724 1128 Praelati
747 1068 858 1129 autem
878 1067 977 1145 hujus
993 1083 1089 1128 man-

291 1167 359 1229 dati
370 1166 516 1242 graviter
526 1165 644 1242 punire
652 1181 718 1226 nen
732 1165 888 1226 differant
899 1166 1084 1242 transgres-

293 1280 396 1335 sores,
416 1263 444 1324 si
461 1263 492 1324 et
507 1261 571 1340 ipsi
586 1262 744 1335 divinam,
760 1263 791 1324 et
811 1263 960 1324 nestram
984 1262 1090 1324 velint

291 1361 438 1438 effugere
450 1359 620 1421 ultionem.
641 1361 708 1421 Vos
723 1361 833 1421 autem
853 1359 902 1420 sic
917 1359 1090 1421 observari

293 1459 424 1520 lactatis
437 1457 607 1535 praedicta,
624 1457 709 1535 quod
725 1474 792 1518 non
807 1456 999 1519 afficiamini
1013 1458 1090 1518 666-

293 1557 389 1618 dictae
404 1555 594 1633 participes,
612 1555 669 1616 sed
683 1570 825 1617 coronae.

291 1709 573 1782 enuntiaremus,
599 1706 633 1767 ct
654 1709 831 1780 episcopie,
855 1707 889 1768 et
908 1708 1089 1768 ninivensis

330 1809 410 1868 alite
422 1807 644 1866 ecclesiarum
650 1805 819 1876 praetatis,
833 1805 866 1866 et
876 1807 1011 1866 clericis
1023 1818 1090 1879 per

331 1905 521 1964 Franciurn
534 1902 731 1963 constitutis
746 1899 760 1980 (
780 1897 806 1980 ).

593 2109 728 2169 CAPUT
743 2107 789 2167 11.
826 2095 830 2102 ⁴

332 2257 439 2327 Quum
452 2252 605 2314 creatura
620 2266 686 2312 non
700 2247 822 2310 666666
836 2247 914 2325 quid
938 2264 998 2326 pro
1018 2264 1090 2309 me-

294 2452 397 2524 6666666
412 2449 441 2506 66
456 2448 517 2505 6666
531 2446 644 2504 solitum
658 2442 703 2503 sit.
720 2447 755 2502 Et
769 2450 836 2500 tunc
849 2443 996 2515 pulsantur
1008 2458 1088 2500 cam·

293 2537 386 2596 patrae,
404 2527 433 2578 ut
447 2525 603 2593 praesentes
624 2517 789 2573 attentiores
812 2516 878 2581 siut,
904 2520 932 2570 et
957 2513 1090 2571 absentes

294 2593 330 2650 66
345 2591 483 2649 orandum
500 2589 678 2654 inclinentur,
692 2586 726 2642 de
742 2600 797 2669 que
813 2583 929 2658 6666666
945 2591 989 2641 666
1003 2599 1088 2642 cons·

293 2665 386 2722 titutio
403 2661 550 2734 Stephani,
561 2659 773 2718 cantuariensis
787 2656 914 2728 episcopi
928 2670 935 2710 :
948 2655 983 2711 ln
996 2656 1086 2712 eleua-

292 2735 367 2792 66666
381 2733 507 2804 corperis
527 2729 804 2811 Christi-puisentur
822 2741 975 2797 campana,
997 2731 1028 2783 ut
1034 2741 1087 2853 yro-

290 2806 408 2876 putarer
436 2803 485 2874 qui
517 2802 695 2858 celebratum
726 2813 878 2855 musarum
908 2813 964 2852 nan
996 2813 1031 2854 aa
1045 2801 1089 2853 ent

292 2875 414 2947 quotidie
425 2875 566 2940 interrasa,
583 2871 745 2941 ubicumque
757 2869 867 2940 sinerint
881 2868 939 2923 6666
953 2867 985 2922 in
998 2869 1088 2938 apris,

293 2947 350 3002 6666
363 2947 395 3000 in
412 2944 548 3009 dontibus,
562 2943 676 3012 flectant
695 2937 1001 3024 praeambulantibus
1023 2953 1088 2994 con·

293 3031 384 3073 cesana
401 3013 563 3084 apluribus
583 3012 673 3081 episto
694 3026 718 3067 66
737 3009 874 3066 babituri.
901 3007 971 3068 Vide
998 3009 1090 3066 simile

294 3087 439 3144 decretum
453 3083 538 3152 Petri,
552 3027 720 3154 patriaressae
730 3079 911 3148 Antioebeui,
926 3079 1089 3160 66666367,

294 3159 322 3214 66
336 3155 457 3214 66666666
471 3153 688 3218 Tarraconensi,
707 3156 735 3207 et
747 3149 865 3216 Enneci,
883 3149 1088 3224 archiepiscopi

294 3225 526 3289 Tarraconensis,
552 3236 628 3278 anno
653 3222 731 3289 6666,
756 3221 917 3288 statuentis,
936 3225 967 3276 ut
985 3231 1088 3290 tempe·

293 3299 373 3355 ribus
385 3295 524 3367 petieratis
542 3292 684 3348 interdicti
697 3297 723 3347 et
742 3290 904 3348 cassationis
915 3288 1088 3360 diuinorum,

294 3369 404 3442 quando
419 3381 520 3436 cerpus
535 3364 642 3422 66666666
652 3363 777 3419 aleretur
788 3362 818 3416 in
832 3361 954 3432 quolibet
963 3362 1088 3429 ccclesia,

293 3441 387 3510 majus
398 3438 556 3510 cymbalum
568 3435 599 3490 in
609 3434 735 3505 66666666
748 3432 856 3490 Christi
869 3431 962 3488 tribus
972 3433 1088 3501 uicibus,

293 3515 318 3567 el
333 3509 400 3565 eliis
414 3509 506 3564 tribus
520 3505 625 3562 vicibus
646 3506 677 3560 iu
691 3504 839 3575 sanguinis
857 3503 979 3572 cyriadem
997 3505 1087 3559 aleen-

292 3581 415 3637 tionibus
438 3579 598 3649 pulsetur:
625 3581 656 3632 ut
679 3577 801 3646 populus
824 3575 985 3644 hujusmodi
1011 3575 1089 3644 aigne

292 3652 452 3708 admonitus
465 3653 525 3706 oret
534 3648 694 3719 66666666,
706 3651 730 3703 et
745 3645 934 3716 indulgentias
943 3646 1090 3716 acquirere

293 3723 394 3780 666666.

328 3792 369 3865 (a)
391 3793 483 3860 Quum
500 3790 646 3862 presbyter
660 3788 697 3843 ad
711 3787 865 3860 inytrrnum.
890 3787 962 3844 Huic
980 3787 1086 3842 consti·

294 3864 395 3922 tutioni
408 3861 539 3936 congruit
551 3860 713 3918 constitutio
726 3859 843 3915 loannis
851 3856 1003 3926 Peculium,
1013 3857 1086 3915 Can-

291 3933 446 3993 tuariensis
469 3931 565 3988 666666
588 3929 705 4002 666666;
735 3929 769 3985 Ut
791 3929 1086 4009 Sacramentumdiu·

292 4005 434 4062 charistia
448 3947 669 4072 circumferatur
686 4015 751 4055 cum
769 3999 860 4054 debita
881 4004 1037 4054 reverentie
1052 3999 1089 4054 ad

291 4081 418 4146 egrotos,
438 4073 686 4129 sacerdoteinduto
704 4071 803 4126 saltem
823 4069 1022 4138 superpelliceo
1040 4084 1084 4138 66-

292 4151 370 4202 rente
387 4145 526 4207 orarium,
543 4157 576 4197 oc
589 4141 694 4196 lumine
711 4139 816 4213 proeuie
833 4139 863 4194 in
885 4139 1002 4195 lucerna
1024 4153 1088 4194 cnm

292 4229 440 4285 campana.
457 4211 500 4270 aid
515 4211 592 4268 6666
611 4212 704 4266 locum
727 4210 893 4267 Guillelmus
906 4208 1087 4292 Lyndeunde

292 4285 422 4344 6666666666
439 4283 659 4348 cantuariensis,
672 4295 714 4337 666
729 4279 840 4345 doetus,
870 4287 961 4348 uteret,
974 4280 998 4336 66
1016 4279 1085 4336 dell-

292 4359 349 4414 6666
363 4356 492 4421 66666666,
513 4368 549 4409 66
567 4351 669 4408 debeat
691 4349 837 4424 presbyter
850 4294 1002 4408 (lucernam
1022 4366 1087 4407 cum

292 4425 458 4486 lumiaeuni
476 4423 592 4480 6666666
607 4437 775 4494 suspensam
792 4428 820 4478 ct
834 4435 1002 4493 campanam
1019 4436 1086 4496 ges·

292 4507 364 4566 tare,
385 4505 413 4555 et
427 4497 469 4552 666
483 4495 544 4551 6666
559 4493 641 4550 docet
662 4495 692 4548 66
707 4507 752 4549 am
777 4493 969 4564 166666666666
989 4500 1020 4550 ut
1043 4494 1086 4550 lu·

292 4583 407 4627 cernam
420 4581 485 4624 cum
498 4579 638 4637 campana
655 4563 689 4620 ad
711 4507 814 4621 culfum
835 4563 900 4634 equi
914 4563 1085 4636 appendant.

290 4643 417 4700 ioannes
449 4651 562 4710 quaque
589 4634 741 4692 cardinalis
764 4633 944 4703 sabinensis,
970 4635 1087 4692 Honorii

292 4711 381 4768 nostri
398 4711 511 4782 lagatus
533 4708 561 4763 in
582 4706 703 4764 concilio
718 4704 866 4772 ilerdensi,
894 4720 969 4761 6666
995 4705 1085 4762 tite:

291 4785 381 4840 Sacra
403 4777 588 4838 Enattaristin
611 4777 648 4832 ad
672 4777 798 4849 inyirmoa
815 4791 878 4831 rum
903 4791 1041 4846 campano
1062 4781 1087 4832 et

292 4855 409 4910 6666666
422 4849 573 4922 6666666666
588 4849 759 4919 deportatur,
775 4851 800 4904 et
814 4847 935 4919 66666666
950 4851 1008 4903 6666
1026 4847 1084 4902 die·

290 4927 342 4981 but
354 4927 511 4979 renouetur.

328 4995 367 5068 (b)
383 4991 617 5062 Arcbirpircepia,
632 4989 777 5060 episcopie,
788 4987 926 5059 prolatis,
938 4993 963 5044 et
975 4988 1087 5044 clericis

287 5080 340 5136 per
363 5063 516 5121 Frontiana
535 5061 704 5118 corratitutis.
732 5063 817 5117 Deest
849 5059 878 5116 in
905 5059 1038 5131 vulgatis,
1058 5059 1087 5109 τὸ

287 5153 341 5207 666
366 5135 529 5200 Frnnainm,
560 5147 648 5205 quum
671 5132 773 5187 merito
798 5129 896 5201 reponi
924 5129 1027 5186 debeat
1052 5145 1087 5186 ex

291 5207 368 5264 lllSS.
396 5208 470 5266 Vere
499 5203 575 5260 enim
602 5201 638 5260 de
664 5201 784 5258 ecclesia
810 5200 954 5258 Gallicana
986 5200 1087 5258 dicitur

291 5277 366 5350 qttod
381 5275 428 5334 666
444 5275 585 5334 Honorius
600 5281 706 5340 noster,
724 5287 827 5343 nempe
842 5285 905 5328 earn
921 5287 978 5328 erse
993 5272 1084 5327 tricer-

291 5364 358 5404 nam
377 5363 462 5416 super
484 5345 684 5403 candelabrum
701 5344 833 5412 penitam,
858 5347 888 5398 nt
909 5343 999 5399 luceat
1020 5343 1087 5398 ntiis

290 5419 413 5476 eeclesiis
428 5431 480 5488 per
496 5418 669 5486 exemptum
683 5415 721 5471 ita
743 5422 773 5470 ut
787 5413 883 5470 otnnia
906 5414 1033 5484 negotia,
1058 5421 1088 5470 et

291 5496 372 5560 gesta
389 5486 535 5562 synodalia
553 5485 588 5543 ad
612 5484 697 5543 iidem
722 5485 878 5558 spectantia
903 5484 1010 5541 subscri
1035 5485 1086 5542 tio·

291 5560 375 5616 66666
412 5559 611 5632 episcoporum
649 5556 746 5614 Galliae
786 5553 950 5612 conllrmari
982 5501 1112 5636 retient

1142 972 1288 1035 tenebris
1301 971 1526 1044 obumbretur,
1549 972 1582 1033 et
1595 971 1680 1033 alias
1700 973 1948 1049 consequenter

1143 1069 1325 1142 obumbret,
1341 1068 1591 1130 universitatem
1600 1069 1746 1130 vestram
1757 1069 1947 1145 rogandam

1143 1165 1299 1228 duximus
1322 1167 1355 1228 et
1374 1183 1438 1228 mo.
1468 1181 1528 1244 per
1552 1166 1666 1244 Apost.
1696 1162 1820 1243 scripta
1839 1183 1871 1228 v.
1898 1183 1944 1227 m.

1144 1266 1306 1343 quatenus
1322 1261 1469 1325 universi
1489 1264 1522 1325 at
1538 1262 1662 1340 singuli
1677 1259 1814 1342 provide
1830 1264 1949 1325 atten-

1143 1361 1268 1436 dentes,
1289 1361 1375 1441 quod
1391 1362 1517 1424 servire
1536 1363 1603 1423 Deo
1618 1377 1760 1438 regnare
1782 1362 1945 1434 6666661-

1142 1461 1211 1522 lum
1228 1461 1263 1522 in
1282 1472 1342 1522 vos
1356 1461 1523 1537 torporem
1547 1459 1758 1535 negligentiae
1781 1459 1946 1538 obrepere

1143 1559 1353 1638 permittatis,
1370 1557 1547 1636 quominus
1563 1557 1596 1618 et
1617 1573 1677 1635 pro
1699 1557 1945 1620 anniversariis

1144 1655 1383 1723 detunctorum.
1398 1657 1440 1728 et,
1457 1671 1517 1734 pro
1535 1654 1630 1727 festo,
1644 1655 1696 1716 vel
1712 1654 1798 1718 teria
1821 1672 1947 1718 secun-

1145 1755 1223 1816 dum
1253 1756 1438 1832 temporum
1476 1753 1727 1829 congruentiam
1763 1753 1947 1816 missarum

1145 1853 1306 1915 solemnia
1322 1853 1354 1913 et
1367 1851 1631 1914 conventualiter
1643 1851 1829 1925 celebretis,
1845 1853 1878 1915 et
1893 1853 1947 1916 ia-

1144 1953 1239 2014 ciatis
1255 1950 1518 2012 conventualiter
1539 1948 1713 2022 celebrari,
1735 1951 1771 2012 ut
1794 1951 1844 2012 sic
1860 1969 1947 2030 quo-

1144 2049 1318 2112 dammodo
1331 2049 1404 2109 sine
1421 2047 1669 2110 intermissione
1695 2048 1828 2110 orantes
1847 2049 1889 2111 ab
1905 2067 1947 2112 eo

1144 2147 1338 2209 mereamini
1355 2145 1520 2218 exaudiri,
1538 2145 1594 2223 qui
1607 2143 1701 2208 adest
1722 2146 1877 2209 omnibus
1904 2149 1940 2209 in

1144 2247 1283 2308 veritate
1298 2243 1529 2308 invocantibus
1543 2259 1665 2305 nemen
1680 2261 1788 2308 suum.

1145 2441 1253 2498 Summi
1266 2439 1428 2506 Pontifices,
1440 2444 1470 2496 ut
1486 2444 1563 2510 patet
1577 2453 1611 2495 ex
1624 2437 1707 2510 epist.
1726 2437 1841 2503 binatim
1856 2441 1944 2514 Papae

1143 2513 1181 2568 od
1210 2511 1372 2567 Amandum
1407 2510 1607 2580 trajectensem
1638 2510 1813 2592 episcopum,
1847 2518 1875 2569 et
1909 2527 1945 2570 ex

1145 2585 1240 2640 Leone
1256 2584 1277 2648 Ι,
1292 2578 1375 2654 epist.
1390 2581 1435 2649 52,
1450 2581 1485 2637 ad
1500 2594 1601 2636 omnes
1612 2593 1764 2654 episcopos
1779 2582 1887 2640 Galliae.

1181 2653 1220 2726 (6)
1237 2653 1295 2708 Pro
1314 2654 1394 2723 sesto,
1417 2652 1460 2707 aei
1482 2651 1567 2722 serio.
1594 2652 1701 2710 Sensus
1721 2652 1806 2724 bajus
1824 2653 1944 2727 capituli

1144 2723 1268 2782 ostendit
1282 2721 1344 2778 haec
1356 2721 1442 2780 verba
1460 2737 1466 2777 :
1483 2722 1540 2778 Pro
1551 2724 1632 2793 sesto,
1648 2737 1713 2779 esse
1725 2722 1826 2792 divisa,
1841 2733 1870 2782 et
1885 2740 1945 2782 non

1144 2795 1307 2867 significare
1328 2793 1411 2850 unica
1433 2807 1504 2850 voce
1525 2794 1696 2862 Preseatum,
1716 2793 1752 2851 de
1774 2809 1831 2866 666
1855 2811 1944 2868 supra

1145 2865 1277 2934 diximus,
1293 2863 1343 2920 sed
1358 2864 1405 2921 hic
1420 2861 1523 2920 festum
1543 2862 1618 2920 aliud
1638 2877 1712 2932 esse,
1726 2879 1812 2938 quam
1828 2864 1943 2936 lenam,

1144 2937 1209 2993 licet
1225 2937 1354 3008 primitus
1369 2935 1444 2992 idem
1459 2940 1553 3004 esset;
1569 2949 1636 2990 nam
1652 2933 1721 2992 66666
1737 2943 1798 2992 erat
1811 2935 1874 2993 dies
1890 2937 1942 2995 de-

1145 3007 1277 3074 rationis,
1290 3007 1327 3062 ita
1341 3005 1415 3062 dieta
1430 3007 1551 3088 primum
1563 3019 1579 3062 a
1590 3005 1737 3064 Pascbatis
1748 3006 1940 3076 bebdomada,

1144 3079 1173 3134 in
1189 3093 1244 3150 qua
1266 3077 1398 3133 omnibus
1413 3075 1513 3132 diebus
1527 3075 1692 3134 cessabatur
1707 3076 1741 3133 ab
1756 3080 1834 3136 omni
1855 3094 1945 3152 apere

1145 3149 1250 3216 servili,
1264 3154 1294 3204 ut
1309 3147 1444 3204 annotavi
1462 3147 1497 3203 66
1512 3146 1584 3204 titul.
1605 3147 1638 3204 de
1651 3148 1762 3217 Feriir;
1777 3149 1815 3205 ita
1835 3157 1867 3206 ut
1889 3166 1946 3208 nec

1145 3235 1244 3277 cursus
1258 3233 1407 3290 equorum,
1420 3218 1466 3275 vel
1482 3217 1624 3289 publicum
1640 3219 1833 3290 spectaculum
1849 3221 1944 3292 lieret,

1146 3298 1175 3348 ut
1187 3289 1269 3347 docet
1282 3287 1414 3346 Balsama
1433 3287 1468 3345 ad
1481 3303 1545 3345 can.
1560 3287 1604 3358 66,
1621 3289 1722 3362 synodi
1734 3289 1762 3358 6,
1778 3291 1808 3346 66
1822 3293 1918 3350 Trullo
1934 3311 1943 3350 :

1145 3361 1192 3434 666
1214 3369 1242 3418 et
1264 3359 1339 3417 addit
1355 3360 1429 3416 male
1444 3373 1531 3432 agere
1552 3359 1674 3416 artifices
1708 3362 1756 3433 qui
1779 3369 1844 3434 post
1865 3361 1945 3422 diem

1145 3431 1259 3488 tertium
1279 3430 1314 3487 ad
1335 3430 1517 3513 66666666666
1536 3436 1613 3486 artes
1636 3403 1765 3502 redeunt,
1782 3433 1858 3504 quod
1874 3449 1942 3506 666-

1146 3503 1222 3560 bibet
1233 3502 1352 3559 Nouello
1363 3501 1391 3570 i,
1402 3503 1513 3558 Leonis.
1527 3500 1617 3558 Hodie
1630 3499 1699 3558 laria
1710 3510 1754 3560 est
1763 3502 1825 3560 dies
1837 3503 1945 3562 6666666

1144 3581 1173 3631 et
1185 3573 1300 3646 apillcii,
1317 3587 1401 3645 aqua
1412 3571 1471 3644 jam
1487 3572 1671 3646 distinguitur
1681 3573 1795 3644 testum,
1808 3574 1883 3657 qued
1899 3583 1945 3632 est

1145 3661 1229 3702 vetus
1239 3643 1301 3700 dies
1315 3643 1485 3712 devotionis,
1515 3657 1551 3700 uo
1564 3650 1691 3700 cessatur
1703 3643 1739 3701 ab
1751 3659 1829 3700 omni
1843 3660 1943 3718 66666,

1143 3723 1172 3774 et
1193 3715 1364 3796 sacrilleiunt
1385 3714 1481 3798 missae
1495 3658 1558 3797 616666
1577 3713 1697 3772 debebat
1713 3716 1787 3799 apud
1802 3717 1941 3775 Graecos:

1144 3788 1260 3844 Latinos
1279 3785 1389 3842 dierum
1408 3784 1599 3842 dillerentmm
1619 3799 1676 3842 non
1692 3783 1795 3844 6666666
1809 3785 1892 3844 decet
1907 3791 1941 3846 l).

1144 3859 1344 3930 Hieronymus,
1361 3855 1442 3928 epist.
1462 3855 1675 3938 adelgarium,
1696 3855 1772 3984 ssmd
1794 3864 1889 3915 tamen
1906 3874 1944 3916 ex

1143 3927 1349 4010 consuetudine
1384 3939 1560 4010 processisse
1591 3925 1659 4008 dicit
1723 3929 1941 4010 ..Augustinus

1143 4005 1231 4138 tuit,
1246 3996 1813 4150 titt-ittet,intumuit
1838 3999 1944 4058 ‘'¹⁸¹'¹¹⁸

1177 4139 1221 4197 Ad
1237 4139 1393 4212 pleniorem
1408 4139 1626 4212 intelligentiam
1642 4153 1705 4212 cap.
1737 4141 1940 4209 ‚Quaererea-

1142 4215 1221 4280 turn,
1243 4211 1276 4266 66
1299 4209 1428 4266 celebrat.
1454 4209 1582 4277 missar„
1609 4209 1777 4281 adjiciemus
1807 4211 1941 4283 quaedam

1143 4296 1178 4337 ex
1193 4283 1304 4354 integra
1318 4280 1468 4348 Decretali,
1485 4295 1548 4353 quae
1564 4279 1684 4338 babetur
1697 4279 1724 4338 66
1737 4283 1809 4354 Reg.
1822 4284 1943 4340 Honorii

1141 4351 1189 4408 lib.
1212 4354 1234 4421 l,
1251 4367 1285 4408 en
1301 4365 1355 4422 qua
1371 4349 1427 4407 hoe
1441 4365 1504 4424 cap.
1519 4350 1701 4423 desumptum
1715 4359 1783 4410 est:

1179 4423 1253 4480 Saue
1280 4422 1444 4493 accepimus
1467 4422 1574 4479 seilicet
1599 4422 1718 4480 minime
1744 4431 1941 4497 acceptamus,

1143 4491 1217 4566 quod
1241 4495 1271 4549 66
1294 4491 1432 4575 partibus,
1447 4494 1559 4561 vestris,
1583 4493 1778 4566 multiplicatis
1804 4497 1940 4552 anniver-

1142 4564 1225 4620 sariis
1251 4563 1448 4620 detunctorum
1474 4579 1510 4620 ex
1534 4563 1637 4635 quibus
1666 4577 1700 4621 ea
1731 4565 1945 4624 celebrantibus
2003 4603 2006 4612 ,

1142 4634 1325 4692 commodum
1339 4633 1456 4690 obvenit
1469 4634 1642 4717 teruperale;
1663 4634 1778 4707 quidam
1794 4636 1822 4692 in
1838 4637 1941 4694 cathe-

1142 4705 1266 4762 dralibus
1294 4712 1322 4762 et
1357 4704 1593 4762 conventualibus
1626 4705 1768 4774 eeclesiis,
1802 4714 1945 4778 praetextu

1142 4777 1237 4834 missae
1252 4776 1343 4834 semel
1359 4775 1387 4831 in
1402 4775 1449 4832 die
1465 4791 1515 4848 pro
1535 4775 1731 4834 anniversario
1750 4776 1942 4844 6666666666,

1142 4863 1222 4904 66666
1246 4847 1398 4904 missarum
1419 4847 1569 4914 solemnia,
1591 4861 1655 4920 quae
1680 4848 1789 4905 ratione
1811 4847 1868 4905 diei
1895 4851 1944 4906 vel

1143 4916 1205 4975 lasti
1221 4920 1313 4975 solent
1334 4917 1490 4974 solemnius
1515 4917 1663 4988 celebrari,
1688 4918 1820 4992 culpabili
1845 4920 1942 4993 negli-

1142 4990 1240 5117 {enm
1274 4989 1505 5062 praetermittunt;
1536 4989 1616 5060 quasi
1645 5003 1701 5046 aon
1734 4990 1791 5046 siut
1820 4989 1944 5064 obligati

1167 5061 1273 5128 666666,
1289 5059 1428 5130 autquasi
1444 5059 1581 5116 Dominus
1595 5057 1666 5117 lerte
1682 5075 1733 5132 pre
1750 5060 1836 5116 tantis
1853 5059 1942 5118 obse·

1162 5133 1215 5188 uiis
1231 5146 1287 5187 non
1300 5131 1442 5186 sufficeret
1461 5130 1504 5186 666
1516 5145 1596 5202 nque
1613 5131 1807 5188 vicissitudine
1821 5146 1945 5204 respon-

1141 5147 1218 5260 3666.
1253 5203 1334 5262 Certe
1369 5200 1525 5257 verendum
1554 5208 1598 5258 est
1625 5216 1661 5258 ne
1689 5202 1737 5274 qui
1764 5208 1842 5258 tanta
1874 5217 1945 5262 cum

1142 5274 1267 5346 66666666
1299 5279 1327 5328 et
1356 5272 1532 5344 negligentia
1559 5271 1690 5329 laborare
1717 5279 1884 5341 noscuntur,
1914 5275 1945 5332 iu

1141 5345 1313 5402 obstinatam
1330 5343 1469 5399 malitiam
1496 5342 1687 5414 prolabentes,
1705 5345 1759 5400 etsi
1782 5358 1840 5399 non
1859 5359 1944 5414 voce,

1142 5415 1216 5489 qttod
1229 5422 1273 5471 est
1290 5414 1409 5486 gravius
1425 5411 1499 5470 lacto
1519 5413 1615 5471 dicant
1630 5415 1717 5484 :Qttis
1738 5423 1780 5471 est
1803 5415 1947 5474 Dominus

1141 5495 1172 5544 ut
1186 5487 1346 5545 serviamus
1361 5484 1398 5556 66,
1410 5491 1464 5542 ete.
