4090 6426
249 252 254 258 ·
310 231 371 292 319

308 387 544 450 manicationis
559 385 769 457 sententiam,
786 385 907 462 praeter
922 386 1034 447 notam
1049 385 1104 446 in-

307 487 417 548 famiae
432 483 636 546 incurrisse:
655 482 856 545 fraternitati
878 483 943 544 tuae
963 483 1103 544 manda-

307 599 391 655 mus,
402 583 575 660 quatenus,
586 596 642 642 eos
655 579 959 642 excommunicatos
971 578 1101 657 publice

307 682 451 752 nunties,
462 681 494 741 et
503 679 656 740 taciasab
667 678 820 740 omnibus
833 677 958 740 arctius
969 677 1099 752 evitari,

305 781 409 842 donec
435 777 654 839 absolutionis
676 775 874 838 beneficium
895 791 954 852 per
983 776 1101 836 Sedem

304 877 527 954 Apostolicam
540 873 730 936 mereantur
743 896 749 934 :
763 873 878 935 contra
889 873 1100 935 consiliarios

305 977 338 1036 61
349 973 508 1036 officiales
524 972 668 1034 civitatis
681 971 797 1048 ipsiuS,
810 971 876 1032 nisi
890 971 1012 1032 statuta
1027 971 1100 1047 ipsa

306 1072 346 1134 de
362 1069 599 1148 capitularibus
618 1069 722 1130 deleri
741 1069 892 1141 iecerint,
916 1069 950 1131 et
967 1069 1098 1142 idonee,

305 1171 392 1232 sicut
405 1169 509 1245 exigit
523 1184 587 1238 166,
604 1167 726 1240 661611,
744 1166 830 1243 quod
848 1166 971 1227 similia
989 1167 1029 1227 de
1044 1183 1100 1228 66-

302 1270 460 1330 1616666
481 1265 623 1328 debeant
646 1265 820 1336 attentare,
844 1264 998 1326 similiter
1020 1279 1100 1341 pro-

304 1381 473 1426 cessurus.
503 1364 653 1425 Ceterum
674 1379 774 1440 quum
807 1362 908 1422 iidem
931 1362 1097 1423 statutarii

305 1463 408 1523 multa
423 1460 573 1522 debonis
590 1459 739 1520 ecclesiae
758 1459 872 1520 tenere
888 1459 1042 1520 dicautur
1062 1459 1097 1520 in

304 1559 455 1626 feudum,
483 1559 573 1635 ipsos
607 1556 824 1617 nihilominus
850 1555 921 1616 tore
951 1557 1097 1632 privatos

304 1655 412 1716 feudis
427 1653 615 1732 lmjusmodi
631 1653 784 1714 nuntiare
799 1667 956 1730 procures
972 1649 1031 1732 (1).

490 1844 752 1916 Areltiepiscopo
773 1843 915 1902 Pisano.

575 2001 712 2062 CAPUT
734 2001 787 2061 VI.

341 2155 449 2230 Supra
471 2167 507 2212 se
530 2150 677 2212 Ubaldus
706 2151 739 2212 et
760 2147 953 2210 Lambertus
976 2148 1096 2209 tratres

302 2251 473 2313 ambulare
502 2249 652 2310 solentes
681 2263 769 2309 caeca
797 2246 888 2308 ducti
917 2245 1096 2323 cupiditate

298 2347 493 2425 jamdudum
512 2345 562 2423 (o)
586 2345 771 2423 judicatum
792 2343 976 2404 calaritani
991 2343 1094 2420 juris,

301 2447 334 2507 et
348 2444 562 2522 proprietatis
570 2441 868 2518 sedisapostolicae
878 2443 1093 2516 occuparunt,

300 2558 441 2619 quorum
470 2544 502 2602 S.
534 2540 566 2601 61
593 2541 628 2600 F.
658 2541 691 2600 et
720 2538 822 2599 ceteri
845 2538 966 2600 fratres
996 2537 1095 2599 tantm

301 2639 572 2716 praesumptionis
599 2651 665 2697 non
686 2635 868 2697 timuerunt
892 2651 966 2696 esse
990 2635 1097 2712 parti-

300 2859 582 2931 missa,tamlemque
597 2857 633 2915 ab
652 2857 694 2915 cis
714 2872 789 2914 auno
810 2857 934 2925 166616
954 2873 1020 2915 eum
1036 2865 1092 2916 sta·

299 2937 359 2988 tum
386 2931 500 2987 redacta
524 2937 577 2997 est,
602 2937 632 2986 ut
654 2943 726 3056 Eone
750 2927 861 2984 deserta
883 2927 974 2986 166111.
996 2930 1095 3002 116666

300 3001 402 3058 merito
417 3002 497 3058 ruina
509 3015 559 3057 sua
573 3014 637 3056 cum
678 2999 781 3071 hlegya
796 3013 897 3056 omues
914 2998 1048 3056 admonet
1068 3018 1075 3058 :

335 3072 441 3128 Discite
450 3071 594 3141 justitium
606 3069 750 3136 1116611111
767 3075 952 3126 6661616666
962 3070 1057 3128 Diues.

336 3140 377 3214 (l)
398 3143 432 3200 V.
459 3142 553 3213 Supr.,
574 3140 628 3196 661.
652 3139 712 3205 191,
737 3140 763 3196 16
783 3141 880 3196 166161
901 3155 937 3197 au
954 3140 1092 3212 Syllabas,

299 3213 314 3286 5
329 3215 356 3281 6,
369 3217 425 3270 Des
440 3226 552 3269 6116616
565 3207 1094 3280 1616116661Ι68661111611116,161616

298 3299 335 3353 se,
352 3289 412 3340 tem
423 3285 453 3338 16
462 3283 566 3340 eumad
575 3282 728 3338 Ecrrlest'cm
738 3281 931 3339 relationibus.
942 3283 984 3338 En
993 3290 1073 3339 outre
1085 3301 1091 3340 :

333 3353 373 3412 cs.
392 3357 486 3411 Lettre
498 3352 606 3425 encycl.
623 3351 660 3408 de
675 3349 753 3408 Lcon
762 3353 840 3417 xl11‚
856 3351 893 3408 du
904 3353 920 3408 9
928 3353 989 3436 Juin
1004 3354 1091 3412 1878:

300 3447 311 3474 ι
330 3427 437 3482 lterum
460 3425 599 3480 malorum
616 3437 733 3479 causam
756 3423 783 3478 16
802 3437 836 3478 66
851 3438 993 3496 praecipue
1009 3425 1092 3481 sitam

298 3511 362 3554 esse
373 3495 455 3553 nohis
485 3509 632 3551 ersuasum
644 3500 697 3560 661,
712 3493 787 3566 quod
800 3491 932 3566 despecta
942 3509 976 3550 ac
986 3495 1091 3566 rejecta

297 3568 333 3625 611
347 3575 445 3624 666616
462 3511 506 3624 tha
523 3573 552 3622 et
569 3565 770 3637 augustissima
787 3565 921 3622 Ecclesia
939 3567 1093 3623 auctoritas

297 3653 361 3710 quae
375 3639 426 3695 Dei
441 3637 557 3694 nomine
572 3635 698 3693 humano
711 3636 811 3718 generi
824 3643 935 3708 praeest,
953 3643 981 3694 et
995 3637 1089 3709 legiti-

296 3725 351 3766 moe
365 3709 502 3783 cujusque
515 3707 690 3765 auctoritatis
702 3706 805 3762 vindex
818 3715 861 3764 661
875 3714 903 3764 61
916 3707 1089 3779 praesidium.

295 3779 375 3848 Quod
397 3795 462 3837 cum
485 3779 581 3835 hostes
601 3776 704 3850 publici
719 3777 826 3834 ordinis
841 3777 928 3849 probe
948 3779 1088 3846 noverint,

295 3851 364 3908 nihil
383 3852 476 3923 aptius
491 3849 526 3908 ad
539 3849 683 3906 societatis
703 3847 885 3905 fundamenta
903 3847 1089 3905 convellenda

295 3929 484 3995 putaverunt,
512 3935 597 3993 66616
630 3919 653 3976 61
688 3919 846 3975 1166166166
875 3919 926 3975 llio
952 3920 1090 3990 pertinaci

295 3994 485 4066 aggressione
505 3998 666 4064 poterent...
679 3989 740 4061 6166
769 3990 964 4046 auctoritatem
984 3997 1012 4045 et
1031 3990 1089 4046 1116

295 4065 377 4120 66116
390 4062 489 4119 indies
503 4060 669 4118 vulneribus
682 4057 894 4126 labefactarent,
908 4074 1087 4131 supremam·

294 4149 349 4204 666
372 4140 540 4204 potestatem
563 4131 683 4187 Romani
705 4129 849 4186 Pontihcts
866 4138 1036 4198 everterent,
1060 4131 1087 4187 16

293 4218 350 4276 666
364 4212 479 4260 eternae
493 4216 527 4258 66
539 4199 730 4257 immutabiles
744 4199 810 4255 horti
824 4200 948 4271 rectique
964 4201 1089 4258 rationes

293 4273 440 4330 custodem
471 4274 498 4329 in
523 4272 605 4328 terris
633 4269 738 4326 habent
761 4276 790 4326 et
813 4268 998 4327 adsertorum.
1016 4272 1088 4328 ilinc

292 4358 376 4417 porro
389 4343 521 4418 prolecta
533 4339 820 4413 suntlagesdivlnam
835 4340 982 4398 6611161166
992 4343 1086 4399 Eccle-

292 4416 342 4472 616
359 4415 562 4480 convellentes,
577 4411 833 4484 quasiuplerisque
842 4411 1007 4485 regionibus
1016 4413 1086 4470 latas

292 4499 356 4542 6666
372 4485 562 4557 deploramus.
577 4504 588 4532 1

327 4553 369 4630 (6)
388 4557 551 4612 iudicatum
568 4552 777 4620 calaritanum,
787 4554 876 4623 juria,
887 4559 912 4609 et
923 4555 1083 4624 proprieta-

290 4627 326 4684 tis
348 4628 425 4684 Sedis
445 4624 684 4696 apostolisatis
703 4624 729 4680 le
752 4624 855 4681 endum
872 4639 879 4680 :
896 4625 1011 4692 calaris,
1029 4627 1082 4682 co-

288 4699 387 4768 611611,
401 4698 508 4772 primas
521 4694 659 4753 Sardiniae
677 4701 705 4750 61
740 4696 847 4752 6161616.
867 4698 948 4752 Forte
963 4695 992 4752 hi
1007 4697 1085 4754 cives

289 4769 385 4828 Pisani
405 4784 440 4826 eo
456 4767 622 4826 temeritatis
640 4767 1082 4838 61661666616166161666166-

288 4848 351 4897 rent
358 4840 515 4914 judicatum
530 4838 720 4896 calaritanum
729 4834 765 4892 ad
779 4837 880 4893 sedem
892 4837 1083 4909 Apostolicam

288 4918 474 4984 spectantem,
489 4909 620 4982 exernplo
633 4906 839 4980 archiepiscopi
855 4908 960 4974 Pisani,
972 4910 1019 4980 661
1030 4908 1083 4965 sub

287 4983 455 5040 1666666116
473 4983 524 5048 ΙΙΙ,
542 4979 712 5053 dignitatem
734 4979 872 5050 primatus
898 4977 1036 5036 Sardiniae
1055 4987 1083 5036 61

286 5053 407 5180 01616166
421 5052 581 5112 calaritano
595 5049 682 5107 debiti
702 5063 717 5106 a
738 5049 814 5106 mille
834 5050 967 5106 tercentis
986 5051 1080 5121 66616,

286 5137 300 5180 6
326 5127 439 5182 6616111.

322 5195 361 5270 (t)
383 5194 535 5253 Historiam
558 5199 642 5266 caput
663 5193 690 5260 6,
710 5193 804 5261 Supra
824 5206 867 5259 se,
889 5192 922 5248 de
944 5193 1082 5249 sententio

284 5266 514 5323 excommunicat.
536 5264 655 5336 epistola
680 5265 712 5321 Β.
739 5261 906 5318 marchissa
929 5263 1032 5339 116666,
1053 5270 1081 5320 61

287 5337 426 5396 ’6111616616
447 5335 623 5404 calaritanae,
641 5335 669 5390 iu
688 5337 760 5405 lleg.
778 5334 896 5390 Honorli
915 5334 971 5402 ΙΙΙ,
991 5333 1039 5390 lib.
1054 5336 1077 5403 l,

295 5409 441 5466 1166166161
453 5405 578 5474 exhibet,
595 5420 658 5477 6666
673 5405 737 5462 16116
752 5410 805 5460 est:

318 5479 451 5535 Plisslmo
475 5477 561 5545 Patri,
587 5484 616 5533 61
639 5476 761 5533 Domino
784 5489 835 5532 suo
852 5475 899 5542 lt,
919 5475 970 5531 Del
1008 5476 1077 5532 ralia

282 5549 399 5606 Summo
417 5548 557 5627 Pontillci,
571 5549 602 5604 B.
619 5545 720 5604 eadem
746 5552 775 5602 et
796 5559 846 5602 sua
865 5547 958 5618 gratia
983 5490 1078 5629 §tasse

282 5618 447 5688 marchisia,
468 5617 641 5691 etJudicissa
656 5617 815 5676 calaritano
840 5624 869 5674 et
892 5615 1075 5688 arborensis,

946 223 1121 288 HONORII
1143 223 1187 286 111
1209 221 1356 289 OPERA.

1906 225 2000 304 asel

1157 385 1959 464 cipes,minusquameisexpedieritattendendo,

1157 483 1243 559 quod
1263 483 1381 544 baculo
1404 483 1588 545 arundineo
1609 485 1666 562 661
1686 501 1823 547 manum
1846 488 1959 551 16116-
2000 493 2001 506 ’

1156 581 1262 641 166116
1274 581 1382 642 eidem
1395 581 1555 656 pertonat,
1568 581 1646 642 dum
1656 581 1714 659 qui
1724 587 1854 660 ponunt
1863 587 1901 646 16
1913 589 1959 648 616

1157 677 1312 738 fiduciam
1329 678 1656 741 16611661611661161
1671 681 1824 757 praedicti
1841 699 1958 746 omnes

1155 775 1197 835 ad
1218 775 1345 837 tautam
1365 775 1546 838 deveniunt
1565 776 1745 852 insaniam,
1762 781 1799 840 ut
1821 797 1959 844 excom-

1155 871 1344 934 municatis
1356 871 1463 946 nobis,
1477 873 1576 950 longo
1586 875 1735 952 tempora
1745 880 1818 954 jam
1829 878 1957 956 elapso,

1156 969 1204 1030 sic
1221 986 1289 1030 suae
1308 969 1375 1031 sint
1390 971 1506 1032 salutis
1522 970 1627 1044 obliti,
1644 975 1680 1033 ut
1695 987 1763 1034 non
1776 974 1958 1037 videantur

1155 1067 1197 1126 ad
1206 1067 1365 1130 Ecclesiae
1376 1068 1537 1130 unitatem
1549 1069 1682 1145 quaudo
1693 1070 1805 1132 redire
1814 1071 1958 1144 debeant

1155 1165 1301 1240 cogitare
1320 1165 1376 1226 :hi
1392 1168 1503 1228 autem
1519 1168 1656 1243 propter
1669 1167 1770 1230 tantae
1780 1172 1960 1232 temerita-

1153 1260 1196 1322 tis
1211 1278 1386 1324 excessum
1399 1263 1440 1324 de
1455 1263 1564 1324 leudis
1582 1280 1655 1340 quae
1674 1265 1715 1325 de
1733 1266 1875 1327 camera
1890 1271 1957 1328 Ar-

1154 1359 1420 1438 chiepiscopatus
1436 1361 1550 1421 Pisan.
1566 1361 1766 1424 tenebantur
1779 1363 1920 1425 luerunt
1938 1382 1956 1424 a

1153 1457 1373 1534 quadriennio
1397 1458 1563 1520 deteudati
1587 1479 1594 1518 :
1615 1474 1732 1520 verum
1755 1477 1845 1538 saepe
1871 1463 1955 1523 sicul

1153 1554 1275 1616 dicitur
1289 1556 1478 1628 mussitant,
1496 1555 1580 1632 quod
1601 1556 1641 1616 de
1656 1555 1820 1620 fructibus
1836 1559 1956 1620 leudo-

1152 1667 1226 1712 rum
1238 1653 1397 1729 ipsorum,
1406 1669 1489 1730 6666
1500 1655 1859 1740 excommunicationis
1871 1657 1955 1718 tem-

1152 1765 1231 1826 pore
1247 1750 1444 1827 percipiunt,
1461 1750 1593 1812 obtento
1609 1750 1831 1814 absolutionis
1848 1753 1954 1815 bene-

1152 1846 1239 1918 11616,
1255 1847 1384 1924 integre
1400 1847 1464 1908 sibi
1479 1847 1636 1910 satisfieri
1657 1850 1833 1926 oportebit,
1853 1868 1954 1928 super

1152 1961 1215 2022 666
1230 1945 1383 2006 volumus
1395 1945 1467 2018 tihi,
1479 1946 1512 2007 et
1522 1947 1588 2007 tuis
1604 1947 1858 2008 successoribus
1870 1965 1951 2025 pro-

1151 2043 1275 2104 videre.
1288 2044 1357 2104 Nos
1368 2043 1480 2119 itaque
1496 2043 1680 2106 dictrictius
1694 2044 1899 2118 inhibentes
1911 2063 1952 2108 ne

1152 2140 1328 2216 quidquam
1340 2140 1495 2201 deieudis
1507 2140 1631 2200 eisdem
1645 2140 1698 2202 rel
1710 2157 1826 2202 eorum
1836 2143 1952 2204 tructi-

1150 2237 1211 2298 bus
1235 2237 1407 2314 perveniat
1430 2237 1470 2298 de
1486 2238 1597 2300 661616
1612 2238 1654 2299 ad
1669 2239 1869 2315 praedictos3
1891 2241 1949 2302 tibi

1151 2337 1184 2397 et
1192 2335 1514 2396 successoribustuis
1525 2337 1724 2398 auctoritate
1734 2339 1949 2413 praesentium

1150 2433 1369 2508 indulgemus
1387 2433 1422 2492 ut
1436 2447 1536 2509 super
1555 2433 1607 2492 his
1627 2433 1673 2505 tu,
1688 2435 1721 2494 et
1735 2449 1949 2496 successores

1150 2531 1199 2592 tui
1210 2530 1244 2590 16
1259 2529 1371 2607 aliquo
1381 2545 1448 2590 non
1457 2529 1640 2591 teneamini
1652 2529 1792 2593 ulterius
1803 2548 1949 2609 respon-

1151 2627 1228 2689 dere
1244 2622 1302 2706 (b).

1150 2856 1358 2932 subjectionem
1379 2865 1524 2932 perpetum
1543 2860 1697 2916 6611116116.
1712 2859 1804 2928 Quum
1820 2867 1884 2946 post
1899 2863 1947 2920 de·

1149 2944 1262 2986 cessum
1276 2929 1361 2986 claras
1373 2931 1518 2986 meritorie
1533 2930 1649 2987 illustris
1659 2932 1712 2988 1111
1724 2931 1832 2988 domini
1853 2940 1882 2989 61
1902 2948 1948 3005 pa·

1149 3001 1200 3056 tris
1214 3001 1270 3057 mel
1292 3001 1338 3058 W.
1360 2999 1534 3058 marchionis
1556 3003 1660 3070 116666,
1676 3009 1704 3059 61
1720 3001 1825 3074 judicis
1839 3005 1945 3062 calari-

1150 3071 1209 3127 tani
1222 3071 1316 3127 omnis
1331 3071 1434 3140 clerus,
1453 3071 1643 3128 61661161666
1655 3072 1777 3145 populus
1791 3079 1875 3131 terne
1890 3075 1942 3133 Ca·

1149 3142 1277 3198 laritanoe
1292 3143 1494 3199 convenissent
1510 3142 1539 3198 in
1559 3157 1659 3206 uuum,
1675 3151 1705 3200 61
1720 3157 1767 3200 166
1791 3145 1819 3200 16
1832 3143 1944 3216 judica·

1149 3220 1243 3268 catum
1286 3212 1488 3282 calaritanum,
1520 3213 1568 3284 661
1595 3213 1661 3285 jure
1697 3211 1870 3272 hereditario
1899 3231 1947 3272 me

1148 3281 1333 3356 contingebat
1359 3297 1438 3340 more
1462 3283 1544 3340 solito
1566 3283 1778 3351 confirmarent,
1801 3295 1947 3357 suscepto

1148 3368 1203 3424 666
1215 3353 1316 3410 haculo
1331 3354 1431 3426 regali,
1448 3352 1523 3426 quod
1537 3361 1581 3410 est
1592 3355 1707 3426 signum
1718 3355 1946 3413 confirmationis

1148 3425 1176 3480 in
1199 3439 1320 3496 regnum
1345 3424 1381 3481 de
1400 3423 1533 3482 manibus
1554 3439 1651 3482 vener.
1673 3423 1766 3482 tratris
1790 3433 1818 3483 et
1835 3425 1945 3484 domini

1148 3495 1204 3551 mei
1220 3495 1426 3567 archiepiscopi
1437 3495 1600 3564 calaritani,
1614 3509 1679 3552 oum
1695 3510 1817 3554 6666666
1828 3503 1857 3554 61
1868 3513 1942 3569 prae·

1146 3566 1238 3622 sentia
1253 3565 1502 3639 sullraganeorum
1522 3579 1650 3644 suorum,
1667 3573 1695 3623 et
1708 3569 1838 3624 omnium
1857 3567 1941 3624 uohi·

1144 3630 1216 3692 lium
1231 3643 1313 3694 161161
1328 3637 1505 3706 calaritano,
1518 3637 1612 3708 161611
1626 3637 1754 3709 protinus
1768 3637 1878 3695 eisdam
1892 3655 1942 3696 co·

1146 3721 1207 3763 ram
1222 3707 1368 3778 ipsisante
1380 3715 1482 3764 statmo
1498 3713 1526 3763 et
1541 3707 1809 3780 praesentianum
1820 3724 1943 3782 regnum

1145 3777 1336 3836 Calaritauurn
1352 3794 1409 3835 non
1426 3779 1592 3846 alienatam,
1621 3791 1712 3850 66666
1733 3779 1902 3848 minuerem,
1914 3788 1944 3837 et

1145 3848 1293 3906 castellum
1309 3850 1393 3906 alicui
1408 3849 1502 3922 611666
1515 3849 1596 3906 111616
1609 3863 1665 3905 666
1679 3846 1833 3920 donarem3
1849 3865 1943 3923 66666

1145 3926 1258 3990 paetum
1275 3920 1386 3992 aliquod
1403 3926 1452 3976 661
1463 3921 1629 3977 societatem
1643 3919 1767 3991 aliquam
1778 3929 1943 3994 cumgente

1144 3990 1237 4061 611666
1252 3996 1387 4048 extranea
1402 3991 1504 4048 inirem
1525 3989 1714 4062 aliquatenus,
1738 3998 1787 4047 661
1804 3991 1941 4051 tacerem.

1143 4065 1208 4116 sine
1234 4075 1375 4118 consensu
1400 4069 1428 4118 61
1446 4063 1592 4119 voluntate
1609 4061 1737 4118 omnium
1761 4061 1939 4122 eorumdem.

1144 4131 1211 4188 Post
1223 4146 1279 4187 nou
1297 4133 1414 4189 multum
1439 4146 1508 4188 vero
1525 4132 1662 4204 temporis
1674 4134 1807 4203 spatium,
1821 4140 1885 4205 post
1897 4134 1937 4190 is·

1142 4200 1200 4268 tud,
1227 4203 1323 4258 habito
1351 4203 1471 4258 consilto
1493 4217 1559 4259 cum
1571 4201 1735 4260 melioribus
1759 4209 1843 4260 terrae
1864 4219 1938 4262 meaa

1141 4274 1254 4328 suscei
1287 4275 1314 4328 in
1343 4275 1434 4330 virum
1462 4272 1586 4330 nobilem
1616 4273 1708 4330 virum
1746 4275 1776 4330 P.
1808 4276 1936 4342 nomine,

1142 4288 1394 4426 oueeramjudicls
1402 4343 1571 4400 arborensis
1584 4342 1683 4410 tilium,
1698 4342 1735 4400 ob
1748 4345 1935 4416 multiplicem

1141 4427 1275 4538 {tremam
1292 4421 1364 4470 16161
1389 4413 1521 4487 prelatos
1545 4415 1743 4498 progenitores
1759 4423 1873 4472 6661166
1886 4417 1935 4472 diu

1162 4483 1267 4541 ahilam
1282 4498 1297 4539 6
1314 4485 1395 4540 nohis
1419 4483 1591 4554 sedandam
1608 4499 1637 4542 m
1658 4485 1740 4556 cujus
1757 4487 1935 4543 matrimonii

1140 4553 1353 4626 dispensatione
1371 4556 1521 4627 16666116,
1535 4563 1563 4612 61
1584 4555 1683 4681 661616
1694 4557 1934 4628 consanguinita-

1139 4627 1175 4681 tis
1199 4625 1378 4708 graduque
1402 4641 1454 4682 666
1478 4626 1588 4698 attinge
1609 4641 1700 4694 amus,
1727 4625 1851 4684 61611616
1871 4643 1933 4684 me·

1141 4711 1238 4753 merrae
1252 4705 1434 4754 antecessore
1446 4703 1542 4753 vestro
1555 4696 1637 4754 nohis
1647 4711 1785 4754 66666666
1800 4699 1830 4754 16
1846 4700 1936 4754 mani-

1139 4765 1192 4824 bus
1217 4769 1366 4824 memorati
1389 4766 1595 4850 archiepiscopi
1623 4768 1774 4826 calaritani
1797 4769 1934 4840 praedicto

1139 4839 1311 4895 antecessori
1328 4847 1434 4906 vestro,
1455 4852 1571 4911 6616666
1590 4838 1802 4896 successorihus
1821 4841 1850 4896 in
1866 4855 1932 4912 per-

1138 4917 1254 4980 petuum
1268 4923 1319 4982 pro
1340 4910 1466 4967 Ecclesia
1494 4911 1633 4977 11616666,
1652 4909 1731 4981 Juxta
1756 4909 1877 4967 sormam
1897 4911 1934 4968 ab

1137 4981 1298 5051 Apostolioa
1329 4981 1401 5038 Sede
1428 4979 1496 5036 mihi
1530 4995 1707 5106 exgressam,
1737 4981 1932 5050 juramentum

1136 5051 1262 5120 exhibui,
1276 5066 1331 5109 una
1344 5051 1478 5108 eumvlro
1490 5065 1554 5106 meo
1587 5050 1710 5108 delitatis
1722 5050 1834 5119 debite,
1850 5053 1934 5126 cujus

1137 5121 1256 5178 termam
1273 5131 1301 5180 61
1315 5122 1419 5179 seriem
1437 5122 1511 5179 hulla
1533 5136 1563 5178 re
1586 5123 1615 5177 nl
1634 5122 1723 5178 nostri
1744 5121 1891 5190 bullatam,
1903 5132 1933 5181 61

1136 5207 1186 5319 Kar
1201 5207 1295 5249 meum
1311 5193 1393 5250 vobis
1414 5193 1544 5250 nuntium
1556 5136 1749 5274 cessionum,
1777 5192 1864 5250 eredo
1880 5209 1932 5252 vos

1156 5263 1241 5320 ahere
1256 5266 1284 5319 in
1307 5264 1430 5320 armario
1454 5263 1588 5320 1166166166
1609 5265 1755 5320 Romanae.
1780 5265 1932 5336 Quumque

1135 5343 1197 5418 post
1219 5334 1290 5402 haec,
1302 5334 1370 5398 heu,
1382 5334 1453 5406 proh
1467 5333 1556 5392 dolori
1574 5334 1710 5390 altissima
1736 5333 1843 5392 fruerer
1860 5351 1931 5407 pace

1135 5420 1162 5461 m
1179 5413 1236 5462 tota
1254 5413 1328 5462 16116
1343 5413 1449 5473 666116,
1472 5420 1540 5462 ecce
1553 5405 1720 5462 Pisanorum
1735 5406 1845 5474 consul,
1863 5421 1929 5464 oum

1134 5477 1229 5532 multis
1244 5477 1297 5532 sihi
1328 5491 1359 5533 se
1380 5477 1499 5534 uocibus
1514 5475 1664 5542 nobilibus,
1688 5475 1782 5532 6161116
1798 5477 1886 5534 minis
1900 5485 1929 5534 61

1133 5547 1296 5615 terroribus,
1318 5491 1470 5620 mutasque
1485 5545 1717 5620 persuasionibus
1732 5545 1929 5605 adulationum

1134 5619 1161 5674 in
1177 5624 1296 5690 tantum,
1311 5625 1339 5675 et
1354 5619 1446 5677 taliter
1461 5618 1560 5676 institit
1576 5617 1655 5687 milii,
1676 5623 1716 5688 ut,
1731 5618 1793 5675 sine
1806 5619 1927 5676 consilio
