4084 6428
25 301 106 362 917
347 331 350 338 ·
538 297 744 362 DOMINIGA
766 299 957 380 SECUNDA
978 301 1084 363 Posi*
1104 301 1279 366 Pisoni.
1672 276 1741 398 als*

29 460 268 536 vigilamus
283 460 316 526 et
332 458 535 522 custodimus
551 458 684 536 vigilias
703 459 810 522 noctis
825 475 885 521 su·
939 460 986 522 ait
1000 477 1008 518 ε
1024 461 1102 524 Esto
1120 459 1264 538 vigilans
1281 461 1315 524 et
1329 459 1488 523 confirma
1510 461 1640 540 reliqua
1660 480 1734 543 quae

34 573 114 634 pra
134 558 284 635 populo
298 556 401 619 nobis
414 557 600 629 commisso,
626 573 668 618 ne
690 556 771 636 lupi,
788 557 883 630 idest,
939 558 1099 619 moritura
1120 559 1226 620 erant.
1252 559 1449 638 Hujusmodi
1469 561 1540 636 jam
1564 561 1734 622 moriturae

35 655 267 727 daemones,
284 671 327 716 ne
341 654 423 732 lupi,
442 655 539 728 idest,
562 653 723 727 haeretici,
746 670 788 716 ne
802 655 883 732 lupi,
940 656 1017 717 sunt
1035 656 1155 718 animae
1175 655 1390 729 subditorum,
1412 655 1477 717 nisi
1500 657 1735 720 confirmentur

38 753 166 824 idest,
201 753 288 814 falsi
302 752 433 824 iratres,
453 752 618 824 videlicet,
635 752 828 831 hypocritae,
843 767 885 814 ne
940 769 998 830 per
1026 769 1139 814 curam
1167 755 1201 816 et
1228 745 1484 815 sollicitudinem
1509 755 1733 831 praelatorum.

39 849 146 926 lupi,
173 849 286 922 idest,
307 849 422 911 infesti
444 852 672 926 persecutores
694 849 887 926 dispergant
940 852 1043 921 Quam
1057 851 1227 928 torpentes
1242 852 1274 912 et
1285 851 1491 927 negligentes
1509 849 1576 913 sint
1592 851 1733 930 praelati,

41 961 159 1019 evoe,
183 946 337 1024 perdant
350 947 384 1009 et
401 938 555 1008 mactent.
572 949 619 1008 De
634 946 751 1024 quibus
761 947 887 1008 daemo-
939 949 1004 1026 ipsi
1024 947 1170 1009 videant.
1185 948 1310 1025 Vigilat
1333 964 1413 1024 ergo
1428 947 1570 1025 quilibet
1587 951 1735 1012 vestrum

40 1045 168 1104 nibus
185 1044 280 1106 dicit
291 1044 396 1106 David
410 1045 738 1116 :outtnmnntma
756 1045 887 1106 eanta-
940 1045 973 1107 et
986 1044 1125 1117 laboret,
1137 1046 1318 1107 secundum
1334 1045 1419 1122 quod
1437 1045 1517 1106 dicit
1531 1045 1709 1122 Apostolus
1725 1064 1733 1103 ε

44 1143 150 1203 bant
170 1145 213 1203 st
230 1143 346 1203 neotus
367 1143 469 1214 ibero
485 1139 554 1219 (Ps.
578 1141 626 1213 12,
647 1138 700 1220 5);
721 1141 754 1202 et
769 1139 886 1202 beatus
940 1147 990 1205 Ta
1014 1157 1098 1204 vero
1125 1146 1240 1218 cintia,
1255 1145 1292 1204 in
1315 1145 1473 1204 omnibns
1492 1146 1620 1215 labora,
1649 1159 1736 1218 opas

43 1235 198 1301 Petrus
221 1260 230 1299 :
248 1239 607 1310 Adversartnsnoster
618 1241 769 1300 ambolus
781 1236 884 1317 (Patr.
939 1242 995 1314 fac
1011 1241 1239 1315 consepelistis,
1255 1241 1597 1315 strenationem:
1610 1245 1737 1302 minis-

47 1353 87 1410 v,
111 1336 170 1417 8).
195 1337 245 1398 Et
268 1335 446 1411 Gregorius
462 1352 504 1396 :s
525 1334 645 1396 Nullus
673 1335 709 1396 in
734 1334 886 1397 haesita
940 1339 1069 1400 teriam
1093 1338 1192 1398 innan
1209 1341 1312 1411 impla
1337 1337 1382 1418 (ΙΙ
1404 1339 1487 1399 Tim.
1506 1353 1551 1411 Π,
1572 1337 1617 1419 5).
1641 1337 1735 1399 Unde

43 1435 253 1512 justorum
265 1432 369 1505 venit,
386 1433 443 1511 qui
457 1449 524 1495 non
536 1433 663 1511 antiqui
678 1431 784 1494 hostis
798 1433 886 1494 insi·
940 1435 1117 1497 zacharias
1138 1434 1174 1496 in
1201 1451 1343 1512 persona
1372 1436 1503 1515 praelati
1530 1437 1592 1498 ait:
1627 1452 1646 1496 ‹
1671 1439 1736 1496 hs-

50 1533 139 1594 dias
173 1547 306 1609 passus
331 1531 385 1592 sit.
410 1533 490 1592 »De
512 1529 680 1592 haereticis
707 1530 830 1607 legitur
851 1529 886 1590 in
940 1533 1065 1609 sumpsi
1080 1532 1162 1594 mihi
1184 1533 1266 1596 duas
1280 1531 1404 1610 virgas,
1421 1550 1521 1595 unam
1544 1532 1662 1596 vocavi
1677 1532 1738 1611 de-

50 1631 222 1692 cantico
240 1627 449 1691 cantieorum
464 1631 562 1692 :Ptiit
579 1630 706 1690 matris
717 1643 805 1689 anea
813 1643 885 1702 aa·
940 1644 1062 1702 eorem,
1073 1632 1111 1692 'et
1123 1630 1262 1693 alteram
1274 1633 1392 1693 vocavi
1407 1632 1601 1704 lunioulum,
1616 1629 1737 1708 etpavi

49 1729 284 1804 aezaaerant
297 1729 420 1789 ceretro
434 1741 490 1789 me
504 1725 611 1804 (Cant.
628 1742 651 1798 1,
668 1724 713 1804 5).
733 1729 780 1787 De
791 1725 886 1787 falsis
940 1743 1085 1804 gregem.
1108 1729 1319 1791 »Zacharias
1337 1730 1429 1792 tenet
1447 1744 1625 1806 personam
1643 1731 1738 1789 Prae-

50 1825 260 1897 fratribus,
279 1824 375 1897 idest,
390 1823 572 1901 hypocritis
591 1823 713 1885 dicitur
726 1823 762 1884 in
777 1825 889 1884 Evan-
940 1825 1000 1887 lati
1014 1825 1103 1899 boni,
1122 1826 1178 1904 qui
1193 1826 1290 1888 dehet
1304 1827 1368 1888 sihi
1381 1842 1551 1888 assumere
1569 1826 1652 1887 duas
1666 1825 1740 1902 vir·

57 1924 166 2000 gelio
188 1945 198 1983 ι
217 1921 385 1984 Attendite
401 1937 421 1982 a
440 1921 600 1984 termento
626 1919 884 1993 Pharisaeorum,
940 1939 1010 2000 gas,
1033 1923 1130 1995 idest,
1151 1923 1233 1985 duas
1254 1923 1404 1996 virtutes,
1429 1923 1595 2001 justitiam
1620 1924 1653 1982 et
1671 1922 1736 1982 mi-

60 2021 167 2100 quod
203 2019 390 2097 hypocritis
402 2020 462 2080 est.
479 2019 519 2080 Et
537 2018 614 2079 item
632 2018 667 2078 in
680 2017 884 2096 Evangelio:
940 2019 1176 2081 sericordiam:
1193 2019 1376 2096 justitiam,
1398 2021 1439 2081 -ut
1462 2019 1607 2095 corrigat
1628 2019 1661 2079 et
1679 2035 1737 2096 pu·

62 2118 265 2182 Attendite
284 2131 306 2178 a
326 2118 422 2190 falsis
444 2117 639 2192 Prophetis,
662 2119 721 2190 qni
743 2115 887 2178 venirent
940 2116 1012 2177 niat
1038 2115 1144 2178 malos
1173 2117 1206 2178 et
1238 2132 1431 2194 perversos;
1459 2115 1734 2188 misericordiam,

56 2219 109 2276 aa
133 2232 210 2278 vos
234 2213 505 2276 investimentis
525 2217 657 2286 oviam,
677 2215 887 2276 intrinsecas
940 2214 976 2275 ut
987 2212 1103 2290 parcat
1113 2213 1343 2275 confitentibus
1356 2216 1389 2275 et
1398 2212 1643 2291 poenitentibus.
1657 2213 1735 2273 Sine
1786 2265 1790 2274 .

59 2315 201 2374 antem
214 2313 296 2374 sant
307 2315 378 2386 inpt
391 2325 536 2387 rapaces
544 2308 674 2389 (Matth.
688 2325 748 2382 yn,
766 2309 830 2389 15).
839 2313 886 2371 De
940 2310 994 2371 his
1008 2311 1112 2387 virgis
1132 2327 1311 2387 numquam
1335 2313 1447 2389 pastor
1464 2309 1585 2389 poterit
1598 2325 1735 2386 pascere

60 2409 218 2472 infestis
233 2407 499 2486 persecutoribus
512 2407 559 2470 ait
573 2406 739 2485 Propheta
756 2407 790 2469 in
804 2422 885 2485 per·
940 2399 1097 2486 populum
1118 2408 1182 2469 sibi
1208 2407 1430 2482 commissum,
1460 2408 1550 2485 quia,
1580 2407 1609 2469 si
1635 2408 1734 2468 nimis

61 2524 157 2569 sona
177 2507 340 2568 Ecclesia
351 2523 387 2566 :c
400 2508 495 2582 Saepe
511 2507 786 2583 expugnaverunt
799 2521 851 2567 me
865 2521 886 2566 a
939 2521 1076 2567 severus
1091 2505 1141 2568 est
1154 2493 1188 2568 'et
1200 2505 1338 2581 rigidus,
1353 2492 1429 2566 odio
1442 2503 1598 2580 hebetum
1613 2504 1734 2566 sivero

56 2604 385 2683 juventutem.»
939 2603 1038 2664 nimis
1053 2602 1217 2679 benignus
1236 2604 1269 2665 et
1283 2603 1485 2674 misericors,
1500 2601 1733 2664 contemnitur.

107 2703 248 2764 Contra
266 2701 338 2762 haec
353 2701 495 2777 quatuor
508 2715 634 2778 genera
656 2699 801 2762 hostium
823 2700 887 2760 ha·
939 2701 1000 2764 Vel
1019 2700 1127 2774 aliter,
1149 2700 1330 2778 pastoralis
1342 2715 1423 2761 cura
1444 2699 1478 2760 in
1495 2699 1640 2778 quinque
1659 2715 1736 2760 oon·

61 2799 126 2862 bet
141 2797 302 2860 Ecclesia
317 2797 524 2876 quadruplex
538 2797 791 2870 munimentum,
813 2797 886 2858 sive
939 2797 1036 2860 sistit.
1061 2800 1147 2859 Nam
1170 2797 1399 2875 unusquisque
1422 2795 1527 2858 bonus
1547 2797 1659 2874 pastor
1674 2796 1737 2857 de-

64 2894 336 2975 quadruplicem
357 2909 498 2966 murum,
522 2892 705 2970 dequibus
729 2894 885 2970 singula·
938 2894 994 2956 bet
1018 2894 1141 2956 habere
1165 2895 1310 2973 quinque
1330 2895 1463 2970 virgas:
1484 2893 1650 2967 videlicet,
1664 2893 1737 2955 vir-

65 2995 161 3055 riter
194 2990 414 3069 adpraesens
441 2991 586 3053 tractare
617 2989 810 3062 omittimus,
842 3006 885 3051 ne
938 3009 1014 3069 gam
1038 2984 1235 3070 disciplina,
1261 2992 1390 3069 virgam
1413 2991 1581 3070 potentia,
1606 2990 1734 3067 virgam

68 3105 193 3152 sermo
218 3089 370 3166 prolixus
394 3089 531 3165 generet
551 3087 721 3149 fastidium
746 3086 884 3148 auribus
939 3091 1099 3164 scientiae,
1115 3091 1246 3166 virgam
1259 3091 1428 3163 custodiae,
1443 3091 1475 3151 et
1489 3089 1618 3165 virgam
1633 3091 1736 3151 mise-

68 3188 305 3249 audientium.
325 3186 445 3248 Pastor
458 3185 615 3258 Ecclesiae
630 3185 727 3247 debet
744 3185 885 3261 vigilare
938 3187 1102 3250 ricordiae.
1133 3189 1245 3249 Prima
1272 3188 1367 3264 virga
1388 3189 1438 3249 est
1455 3187 1562 3260 altilis,
1588 3186 1734 3249 secunda

74 3285 222 3362 vigilias
250 3279 356 3345 noctis
382 3299 482 3360 super
503 3297 650 3358 gregem,
677 3282 773 3354 idest,
790 3282 886 3344 debet
936 3284 1109 3356 terribilis,
1125 3284 1226 3346 tertia
1245 3283 1370 3356 dulcis,
1384 3284 1501 3360 quarta
1516 3285 1734 3360 circumspec-

76 3399 157 3444 esse
174 3375 340 3443 sollicitus
355 3383 388 3442 et
402 3380 560 3452 intentus,
575 3380 611 3441 ut
624 3381 758 3442 moneat
771 3379 804 3441 et
816 3395 886 3441 cor·
937 3380 1052 3453 tibilis,
1080 3381 1195 3458 quinta
1217 3380 1340 3453 suavis,
1368 3380 1464 3451 idest,
1490 3379 1731 3442 misericordia.

74 3481 169 3556 rigat
200 3478 353 3540 subditos
375 3493 464 3550 suos,
495 3477 527 3539 et
561 3477 738 3538 annuntiet
762 3478 883 3554 populo
937 3479 1039 3554 Virga
1054 3478 1142 3538 onim
1157 3478 1343 3554 disciplinae
1354 3476 1501 3552 corrigit,
1510 3475 1605 3551 virga
1616 3477 1734 3552 poten-

75 3578 143 3638 sibi
172 3576 351 3638 commisso
373 3575 501 3636 scelera
525 3589 642 3636 eorum
664 3575 697 3636 et
720 3575 881 3650 pericula,
937 3576 992 3637 tiae
1011 3575 1116 3652 punit,
1132 3575 1227 3651 virga
1243 3574 1391 3636 scientiae
1408 3572 1528 3645 erudit,
1546 3572 1641 3649 virga
1656 3589 1735 3634 ous-

76 3675 111 3735 et
128 3673 367 3735 tribulationes
385 3672 485 3748 hujus
500 3671 626 3732 mundi.
652 3671 746 3734 Unde
770 3672 884 3734 Domi·
936 3671 1035 3734 todiae
1068 3672 1185 3745 munit,
1213 3671 1307 3747 virga
1340 3670 1580 3732 misericordiae
1614 3671 1732 3748 parcit.

77 3788 142 3832 nus
158 3787 221 3848 per
237 3770 413 3830 lsaiamec
435 3768 558 3842 Clama,
574 3785 616 3830 ne
638 3784 769 3845 cesses;
786 3771 882 3846 quasi
938 3771 1016 3836 Sine
1042 3769 1117 3830 istis
1140 3768 1245 3845 virgis
1269 3783 1336 3830 non
1354 3768 1462 3845 potest
1487 3766 1593 3829 bonus
1619 3769 1734 3844 pastor

78 3868 159 3929 tuba
182 3866 295 3929 exalta
316 3881 432 3928 vocem
453 3866 557 3940 tuam,
574 3866 606 3928 et
627 3867 793 3930 annuntia
817 3884 881 3944 po·
936 3883 1052 3943 regere
1067 3867 1100 3930 et
1114 3865 1300 3942 gubernare
1313 3866 1470 3943 populum
1493 3864 1557 3926 sibi
1574 3865 1734 3926 commis-

78 3966 158 4041 pulo
176 3980 252 4024 meo
272 3965 399 4025 scelera
420 3979 546 4025 eorum.
562 3977 580 4023 s
594 3964 678 4034 Quia
694 3964 781 4026 siout
796 3963 883 4025 dici·
936 3981 1019 4025 sum.

79 4061 134 4122 tur
153 4076 215 4139 per
235 4060 461 4122 Ezechielem:
477 4063 516 4122 Si
529 4073 600 4120 non
615 4061 882 4122 annuntiaveris
976 4061 1039 4122 Sed
1052 4059 1109 4120 ubi
1133 4075 1308 4138 possumus
1323 4058 1474 4122 invenire
1492 4059 1592 4122 talem
1615 4059 1731 4135 pasto-

79 4161 199 4231 iniqno
212 4157 431 4230 iniquitatem
445 4157 558 4228 snam,
575 4159 782 4232 sanquinem
793 4159 878 4229 ejus,
934 4173 1020 4230 rem,
1037 4157 1094 4235 qui
1111 4156 1232 4218 habeat
1250 4173 1364 4219 omnes
1384 4157 1465 4219 istas
1484 4156 1608 4233 virgas,
1633 4157 1730 4230 idest,

81 4257 185 4327 idest,
199 4255 380 4327 peccatam
410 4256 452 4316 ae
477 4268 585 4314 mann
613 4253 673 4314 tcta
700 4256 881 4328 requiram
935 4270 1050 4316 omnes
1064 4253 1149 4316 tales
1169 4255 1331 4316 virtutesl
1352 4254 1507 4316 Dicamus
1528 4270 1602 4315 oum
1617 4257 1731 4315 Evan-

82 4348 216 4429 (Ezech.
233 4367 283 4423 111,
301 4348 366 4430 18).
933 4351 1040 4426 gello:
1057 4368 1076 4412 a
1091 4351 1209 4413 Messis
1225 4351 1356 4429 quidem
1376 4350 1490 4423 multa,
1512 4352 1657 4428 operarii
1671 4367 1733 4412 au-

123 4449 209 4525 Ergo
224 4448 253 4508 si
272 4447 387 4525 pastor
407 4462 454 4519 es,
474 4447 629 4523 vigilaci
649 4445 877 4524 circumspice.
932 4447 1556 4526 tempauci.Rogemosergon0minum
1564 4449 1732 4520 messis,ut

83 4544 155 4606 Non
166 4545 256 4607 enim
267 4545 378 4622 posuit
388 4546 420 4606 te
431 4545 590 4606 Dominus
606 4543 642 4605 ut
652 4543 809 4617 dormias
822 4545 879 4605 sed
933 4545 1041 4607 mittat
1055 4547 1226 4622 operarios
1241 4546 1276 4606 in
1295 4560 1436 4605 messem
1450 4560 1543 4605 suam
1554 4562 1573 4605 s
1585 4541 1677 4624 (Luc.
1694 4561 1728 4617 x,

86 4642 333 4719 utvigiles3non
342 4644 378 4704 ut
387 4642 527 4704 stolidus
536 4655 683 4714 maneas,
694 4639 750 4702 sed
761 4643 798 4704 ut
807 4656 881 4718 pro·
932 4641 978 4721 2).
1001 4645 1112 4703 Bonus
1131 4657 1210 4717 ergo
1229 4642 1343 4719 pastor
1366 4641 1472 4719 pascit
1497 4657 1576 4703 oves
1596 4657 1674 4702 suas
1695 4641 1731 4702 in

84 4739 156 4801 vide
170 4740 436 4817 circumspicias,
450 4755 515 4800 non
526 4739 562 4800 ut
572 4739 812 4815 dormiasquia
822 4737 879 4816 qui
932 4739 1093 4811 Ecclesia,
1117 4739 1196 4817 quia
1220 4738 1306 4800 sicut
1326 4739 1428 4815 piscis
1447 4754 1513 4800 non
1528 4740 1635 4815 potest
1658 4755 1733 4800 ma·

86 4834 260 4906 dormiunt,
277 4839 373 4899 nocte
394 4835 572 4908 dormiunt,
587 4835 621 4896 et
634 4835 691 4912 qui
703 4834 788 4897 ebrii
803 4837 880 4898 sunt
932 4853 1012 4898 nere
1027 4837 1100 4898 sine
1113 4851 1210 4913 aqua,
1227 4835 1274 4897 ita
1293 4834 1423 4912 praelati
1438 4851 1503 4896 non
1519 4834 1639 4897 debent
1652 4852 1728 4897 ma-

86 4932 879 5010 nooteebriisunt3sedutvigiles,quiaquimane
931 4951 1012 4997 nere
1049 4931 1121 4995 sine
1151 4933 1311 4994 Ecclesia.
1337 4932 1430 4994 Unde
1464 4933 1500 4994 in
1526 4933 1728 5010 Evangelio:

88 5031 298 5107 vigilaverint
311 5031 353 5092 ad
366 5031 574 5108 sapientiam,
591 5029 876 5093 invenientillam.
931 5032 1154 5108 sapientior
1175 5032 1209 5093 ei
1224 5031 1423 5105 eoredietnr
1439 5033 1472 5092 et
1484 5046 1617 5104 naenia
1631 5035 1731 5094 taene-

88 5129 160 5198 Quae
172 5129 260 5191 enim
271 5131 379 5206 major
390 5128 619 5190 misericordia
630 5128 687 5188 aut
697 5127 802 5204 pietas
814 5131 876 5198 est,
931 5130 1003 5192 niet
1018 5127 1128 5209 (ioan.
1140 5145 1174 5201 x,
1198 5127 1244 5208 9).
1261 5128 1470 5204 ingredietur
1490 5128 1596 5190 bonus
1613 5131 1728 5207 pastor

89 5241 179 5300 quam
195 5221 325 5288 animas
339 5226 552 5288 morientium
571 5225 777 5287 subditorum
788 5226 878 5288 vivi-
931 5243 991 5304 per
1004 5225 1330 5304 contemplationem,
1343 5225 1534 5302 egredietur
1545 5242 1605 5302 per
1622 5227 1729 5288 actio-

89 5322 202 5400 dcere3
219 5325 370 5386 errantes
391 5323 432 5384 ad
446 5323 536 5386 viam
547 5323 689 5401 justitiae
703 5323 875 5396 reducere,
930 5340 1017 5385 nem.
1029 5323 1238 5400 ingredietur
1247 5324 1282 5384 in
1297 5339 1345 5395 se,
1360 5323 1508 5385 coelestia
1523 5323 1726 5396 meditando,

90 5417 203 5483 fractos
236 5420 457 5492 consolidare,
489 5422 622 5482 moestos
645 5421 679 5482 et
713 5435 877 5497 pauperes
930 5421 1119 5498 egredietur
1135 5421 1226 5483 toras
1250 5421 1326 5482 aliis
1342 5421 1565 5498 praedicando.
1591 5421 1631 5483 Et
1646 5438 1728 5498 pas-

90 5519 280 5581 consolarer
300 5519 378 5582 Ideo
395 5518 505 5580 autem
521 5521 668 5583 ioannes
683 5517 718 5578 in
732 5533 875 5596 persona
930 5535 992 5582 cua
1003 5519 1161 5582 inveniet.
1179 5523 1308 5581 Pascua
1332 5520 1408 5580 sunt
1422 5534 1526 5580 sacrae
1548 5519 1727 5597 Scriptura

92 5617 256 5692 quuslibet
279 5616 409 5696 praelati
435 5615 559 5694 Angelo
586 5615 736 5679 ecclesiae
761 5616 876 5679 Sardis
929 5617 1043 5691 rerba,
1058 5615 1404 5695 quiaibisuntomnia
1419 5615 1506 5678 bona
1520 5618 1727 5696 exemplaad
