4106 6422
400 1365 471 1425 Hoc
502 1363 646 1440 primum
674 1361 829 1426 volumen
853 1363 1044 1425 inchoatum
1072 1363 1132 1425 snb
1161 1363 1320 1442 auspiciis
1346 1367 1411 1428 DD.
1432 1368 1612 1430 icc-Arm.
1636 1369 1842 1443 GIGNOUX,
1864 1371 1965 1448 episc.

323 1523 591 1598 Bellovacensis,
622 1525 774 1586 Noviom.
801 1525 835 1586 et
866 1523 1073 1602 sylvanect„
1104 1523 1188 1588 hene
1219 1525 1391 1604 faustoque
1422 1527 1635 1605 adprecentis
1657 1529 1762 1593 totum
1790 1547 1871 1609 opus
1895 1548 1969 1594 esse

320 1685 362 1748 ed
383 1683 442 1746 Dei
465 1683 607 1760 gloriam
631 1683 664 1746 et
688 1683 844 1746 Ecclesiae
863 1683 1006 1762 bonum3

401 1925 538 1984 Necnon
562 1925 627 1985 DD.
649 1923 709 1984 Th.
731 1927 851 1999 OBRE,
879 1925 980 2004 episc.
1006 1927 1110 1988 Zoara
1137 1929 1173 1986 in
1193 1927 1364 2000 portione,
1392 1927 1471 1988 tunc
1495 1925 1653 2004 temporis
1678 1927 1780 2005 episc.
1808 1929 1965 1989 auxilior.

320 2084 500 2157 Bellonae,
522 2085 638 2146 eadem
660 2084 744 2147 hene
769 2085 940 2164 faustoque
962 2087 1195 2164 adprecaniis3

399 2279 632 2404 Nuncprodiit
646 2326 681 2387 in
694 2323 813 2397 lucem,
830 2327 895 2387 DD.
912 2324 970 2386 Ed.
987 2323 1165 2396 HASLEY,
1182 2321 1286 2398 episc.
1302 2319 1528 2384 Bellovacens.
1545 2319 1698 2382 Noviom.
1715 2321 1748 2384 et
1763 2320 1964 2397 sylvanect„

320 2485 430 2548 sedem
447 2489 480 2546 S.
498 2485 637 2547 Luciani
652 2485 846 2562 occupante.

354 5371 423 5430 'Le
450 5375 517 5428 note
539 5367 685 5447 cl-dceeue
707 5365 780 5430 n'est
803 5369 832 5430 ni
850 5365 1065 5445 l'imprimotor,
1088 5359 1117 5430 ni
1174 5380 1277 5446 comps,
1291 5381 1348 5430 unc
1370 5363 1524 5429 indication
1544 5364 1580 5430 de
1598 5363 1664 5430 dete
1683 5373 1712 5429 et
1727 5364 1877 5446 d'origine.
1893 5369 1976 5434 C'est

318 5458 447 5518 destince
466 5458 482 5518 e
499 5461 574 5518 tenir
592 5461 650 5518 lien
665 5460 702 5519 de
720 5459 935 5533 i’imprimcior.
956 5461 1031 5521 C’ost
1047 5461 1115 5519 l'ec·
1171 5477 1209 5520 un
1226 5460 1275 5520 scit
1289 5460 1325 5519 de
1339 5458 1476 5518 i'hietoire
1493 5457 1657 5519 diocesano
1677 5457 1817 5534 consigno
1832 5477 1883 5535 per
1898 5461 1976 5523 c'crit

318 5550 378 5622 quii
399 5548 485 5607 d'une
510 5549 587 5609 detto
612 5548 648 5607 de
671 5550 922 5620 reconnaissence
950 5549 1037 5608 etde
1063 5565 1117 5608 nos
1171 5563 1243 5624 pour
1263 5549 1307 5608 ies
1332 5546 1486 5606 historiens
1510 5545 1655 5606 rutundo
1680 5545 1792 5622 l'ogiisc
1815 5547 1851 5606 do
1875 5550 1974 5608 Boou-

316 5638 491 5712 obiigetions
512 5636 547 5696 de
570 5637 691 5711 profond
715 5645 844 5711 respect3
864 5639 945 5708 c'est,
966 5653 1001 5695 on
1023 5639 1117 5697 meino
1171 5639 1243 5696 veis.
1440 5650 1443 5655 ·
