4084 6428
287 289 346 350 943
752 283 928 348 HONORII
950 280 995 344 111
1017 281 1165 343 OPERA.
1184 305 1222 324 ⁴-
1239 277 1472 342 SERMONES.
1672 347 1676 356 ,
1901 285 1975 349 Oli

287 449 353 520 tur,
383 446 417 509 et
440 461 460 508 a
483 443 596 510 multis
618 444 786 508 incolitur.
812 443 911 518 Quia,
937 441 1087 521 quamvis
1141 441 1179 502 ln
1194 439 1335 514 deserto
1353 441 1477 515 miseri,
1493 441 1550 504 sed
1566 441 1674 505 liberi.
1696 447 1733 506 ln
1755 446 1854 508 terra
1877 463 1977 523 pro-

288 545 384 607 muiti
401 545 468 608 sint
480 544 601 616 vocati,
623 544 721 622 pauci
739 543 849 606 tamen
867 542 974 604 electi.
991 541 1087 602 Multi
1142 537 1322 612 missionis,
1341 539 1430 602 beati
1451 542 1484 602 et
1502 541 1610 604 liberi.
1627 545 1665 603 ln
1679 545 1828 621 AEgypto
1851 547 1973 606 satu-

291 646 369 704 sunt
397 641 652 704 nominetenus
683 642 718 703 in
745 641 814 703 vita
835 640 1012 718 spirituali,
1031 639 1087 716 qui
1142 653 1266 710 ramur,
1292 638 1326 700 et
1351 638 1519 701 oaedimur.
1543 643 1580 702 In
1600 640 1744 714 deserte,
1761 643 1971 714 esurimus,

291 758 394 821 prava
409 741 578 803 voluntate
594 740 671 802 sunt
685 739 719 800 in
730 739 796 801 vita
808 739 972 800 saeculari.
988 740 1027 800 Et
1036 737 1090 798 de-
1142 752 1208 796 non
1231 737 1343 798 tamen
1369 737 1588 812 flagellamur.
1615 741 1654 801 ln
1679 740 1770 802 terra
1800 742 1975 817 promis-

289 838 405 901 bemus
418 840 467 899 ire
482 837 523 899 ad
539 839 682 900 montem
704 837 775 909 liei,
801 835 896 908 idest,
920 836 960 897 ad
984 835 1090 899 dilec—
1142 834 1259 906 sionis
1289 851 1355 896 non
1377 835 1586 913 flagellamur
1607 839 1639 900 et
1660 841 1878 900 saturamur.
1898 839 1972 900 Sed

291 938 413 1000 tionem
420 937 480 998 Dei
488 936 521 997 et
529 935 683 1014 proximi,
692 936 724 996 et
734 933 779 994 ibi
790 934 897 1011 legem
906 934 1086 1011 suscipere,
1143 931 1264 994 nobilis
1276 933 1408 995 virtutis
1421 933 1553 994 animus
1566 935 1660 1011 eligit
1673 937 1781 1013 magis
1796 937 1971 1014 inopiam

290 1037 387 1108 idest,
401 1035 555 1096 mandata
567 1033 650 1110 lepis
661 1032 816 1110 operibus
829 1030 1021 1110 adimplere.
1035 1033 1089 1093 Sic
1143 1047 1218 1091 oum
1231 1030 1393 1104 libertate,
1408 1048 1506 1109 quam
1530 1033 1565 1093 in
1588 1034 1748 1096 servitute
1769 1031 1973 1097 abundari-

292 1132 531 1196 oelebrabimus
546 1131 775 1193 Pentecosten.
1143 1129 1235 1190 tiam.
1272 1132 1310 1191 ln
1343 1131 1489 1208 AEgypto
1521 1145 1707 1208 peccamus
1741 1133 1777 1195 iu
1816 1133 1970 1195 deserto

331 1231 394 1293 Hic
420 1245 579 1292 numerus
604 1229 815 1304 pentecostes
841 1227 1023 1304 completur
1047 1242 1090 1288 ex
1144 1225 1344 1300 laboramus,
1362 1229 1396 1290 in
1420 1229 1510 1290 terra
1534 1229 1767 1306 promissionis
1792 1231 1967 1309 quiesci-

293 1329 419 1392 duobus
434 1328 644 1405 septenariis,
659 1325 756 1398 idest,
771 1325 893 1402 septies
908 1325 1044 1402 septem,
1058 1324 1092 1385 θῖ
1145 1341 1230 1386 mus.
1259 1328 1296 1387 ln
1318 1327 1463 1404 AEgypto
1486 1329 1537 1389 est
1557 1327 1803 1406 praevaricatio,
1828 1331 1871 1391 in
1903 1331 1970 1391 de-

293 1427 342 1488 sio
363 1441 505 1505 sequens
531 1425 581 1486 θεῖ
601 1422 906 1502 quinquagesimus.
930 1421 1092 1499 Septena—
1145 1423 1233 1486 serto
1267 1423 1477 1499 exercitatio,
1514 1425 1549 1486 in
1581 1427 1672 1488 terra
1711 1429 1967 1504 promissionis

292 1523 364 1585 rius
386 1522 551 1598 significat
574 1521 698 1600 septem
718 1519 920 1598 principales
938 1519 1089 1590 virtutes,
1146 1520 1451 1584 sabbathizatio.1n
1477 1523 1642 1602 principio
1670 1525 1785 1586 mundi
1801 1526 1965 1604 primum

295 1636 368 1698 quae
381 1621 416 1680 in
429 1617 609 1693 Evangelio
628 1617 855 1692 designantur,
874 1615 930 1676 ubi
947 1615 1091 1678 dicitur:
1147 1617 1273 1681 creavit
1286 1621 1373 1682 Deus
1388 1619 1636 1698 contusionem
1653 1623 1768 1700 postea
1789 1625 1965 1700 operatus

294 1715 396 1778 Beati
415 1729 589 1790 pauperes
611 1715 744 1786 Spiritu
749 1757 808 1774 .....
835 1711 966 1792 (Matih.
990 1729 1022 1784 r,
1045 1711 1090 1792 3).
1147 1716 1197 1778 est
1224 1716 1484 1794 dispositionem.
1512 1719 1638 1781 Deinde
1664 1721 1791 1798 recepit
1820 1722 1963 1798 requie·

294 1813 379 1874 Nam
395 1813 512 1873 octava
527 1809 676 1888 probatio
692 1809 742 1872 est
756 1811 961 1871 caeterarum.
976 1809 1090 1880 Aliter,
1146 1815 1281 1876 tionem.
1318 1817 1355 1877 ln
1389 1817 1568 1895 AEgyptum
1608 1819 1749 1895 populus
1789 1822 1962 1897 operatus

295 1909 505 1987 septenarius
528 1907 693 1982 significat
713 1907 839 1984 septem
858 1905 1091 1974 beatitudines,
1148 1913 1199 1974 est
1220 1912 1446 1990 iniquitatem
1463 1915 1499 1975 in
1514 1915 1644 1976 deserto
1665 1917 1794 1994 aceepit
1816 1919 1962 1978 exerci-

296 2025 369 2086 quae
385 2006 508 2068 ibidem
523 2006 744 2077 eontinentur,
763 2008 925 2078 quoniam
939 2007 1094 2079 ipsorum
1147 2009 1326 2086 tationemt
1360 2010 1394 2071 in
1427 2012 1518 2074 terra
1553 2013 1783 2092 promissionis
1820 2015 1960 2077 inuenit

297 2107 348 2168 est
371 2119 519 2182 neoniam
539 2109 704 2166 coriorum
727 2100 857 2181 (Matth.
880 2119 913 2174 r,
937 2099 982 2180 3).
1008 2103 1093 2162 Nam
1147 2109 1307 2186 requiem.
1324 2111 1361 2169 ln
1376 2109 1444 2171 vita
1462 2110 1616 2172 saeculari
1637 2111 1800 2186 conlusio,
1816 2114 1854 2174 in
1871 2129 1959 2174 oon·

298 2205 414 2267 octava
436 2202 605 2264 beatitudo
625 2201 739 2263 eadem
759 2201 818 2272 est,
837 2200 1091 2277 quaestoriae,
1147 2206 1337 2269 versatione
1367 2207 1534 2284 spirituali
1564 2209 1770 2278 exercitatio,
1805 2209 1844 2271 in
1882 2211 1957 2272 rita

298 2303 376 2382 quia
395 2301 428 2364 et
451 2298 651 2378 pauperibus
675 2298 806 2377 spiritu,
827 2299 861 2360 et
884 2297 1092 2374 persecutio·
1148 2304 1274 2367 coelesti
1301 2305 1476 2383 requietio.
1504 2307 1542 2366 ln
1570 2321 1671 2367 carne
1698 2308 1889 2384 peccatum,
1921 2309 1955 2370 in

296 2417 373 2464 nem
387 2393 588 2479 patientibus
609 2412 749 2473 regnum
771 2394 929 2458 coelorum
950 2395 1093 2472 promit·
1148 2401 1956 2483 spirituexeroitium,inDeosahbathum.AEgyp

296 2501 390 2562 titur.
1148 2504 1201 2564 tus
1216 2503 1266 2564 θεῖ
1285 2501 1354 2562 rita
1373 2501 1556 2570 saecularis,
1577 2501 1743 2564 desertum
1755 2501 1826 2565 rita
1847 2506 1955 2580 spiri-

337 2593 617 2670 Quemadmodum
657 2607 736 2669 ergo
767 2590 892 2668 septem
916 2590 1094 2654 Virtutibus
1147 2599 1260 2672 tualis,
1295 2599 1385 2660 terra
1417 2597 1651 2677 promissionis
1683 2600 1754 2662 vita
1787 2601 1952 2663 ooelestis.

298 2695 423 2773 septem
451 2691 672 2754 beatitudines
698 2688 905 2767 copulantur,
936 2691 1093 2766 septena·
1148 2697 1311 2775 AEgyptus
1326 2711 1415 2768 onio,
1429 2697 1597 2758 desertum
1611 2698 1753 2770 animus,
1768 2699 1860 2760 torm
1877 2717 1953 2776 pso.

297 2793 369 2854 rius
390 2789 570 2868 paralium
593 2787 816 2866 septenarium
841 2786 1091 2864 multiplicatur,
1148 2795 1316 2857 missionis
1332 2797 1429 2856 Deus.
1446 2794 1766 2872 AEgyptnstssioho,
1779 2796 1950 2859 desertum

299 2891 332 2952 et
365 2887 668 2966 quinquagenarius
702 2899 860 2946 numerus
898 2883 1091 2962 mmmmm,
1149 2894 1325 2965 stabulum,
1360 2893 1450 2954 terra
1485 2892 1714 2970 promissionis
1745 2895 1948 2957 Jerusalem.

298 2987 428 3065 quando
455 2985 566 3045 anima
594 2982 761 3060 praediotis
787 2981 965 3044 virtutibus
995 2997 1095 3043 exer·
1148 2993 1311 3070 AEgyptus
1332 2990 1485 3064 mundus,
1500 2990 1666 3053 desertum
1681 2992 1843 3066 Ecclesia,
1858 2994 1949 3054 terra

298 3083 410 3154 citata,
438 3077 631 3140 muneribus
657 3077 841 3153 glorificata
867 3077 907 3138 ad
936 3079 1093 3141 aeternam
1149 3088 1379 3168 promissionis
1400 3087 1468 3150 vita
1493 3090 1628 3150 misma,
1655 3092 1692 3150 in
1711 3091 1853 3167 AEgypto
1876 3108 1949 3151 ser-

297 3178 483 3268 claritatem
518 3175 709 3237 assumitur.
745 3177 824 3235 naee
858 3177 936 3236 sunt
969 3176 1093 3254 septem
1148 3187 1256 3247 vimus
1291 3185 1471 3260 Pharaoni,
1505 3186 1606 3260 idest,
1641 3185 1788 3258 diabolo,
1822 3189 1881 3266 qui
1914 3190 1947 3249 in

298 3275 499 3339 charismata
533 3271 733 3350 septiformis
770 3271 916 3349 spiritus·
946 3271 989 3334 Hi
1015 3273 1092 3335 imit
1147 3283 1295 3362 tempore
1310 3299 1436 3360 negans
1451 3299 1537 3356 eum,
1552 3283 1690 3356 scilicet,
1705 3288 1821 3356 Deum,
1839 3286 1946 3349 dixit:

297 3375 424 3452 septem
445 3371 527 3440 dies,
543 3370 662 3449 quibus
685 3369 835 3430 conditus
860 3369 893 3430 et
916 3368 1094 3446 dispositus
1148 3386 1334 3444 omninum
1361 3396 1430 3444 non
1457 3385 1600 3458 oooooot
1625 3382 1659 3444 ot
1681 3387 1849 3445 monetent
1879 3401 1947 3446 mm

297 3475 349 3535 est
362 3472 514 3533 mundus.
532 3471 610 3530 Haeo
623 3468 700 3530 suni
712 3466 870 3531 animalia
885 3467 943 3528 illa
958 3469 1092 3538 munda,
1148 3480 1323 3542 ottntttom
1344 3477 1461 3557 (pinosi,
1484 3496 1516 3552 v,
1539 3478 1587 3558 2),
1609 3479 1695 3541 tinio
1723 3481 1888 3542 servimus
1912 3483 1946 3544 in

298 3587 371 3649 (111ae
395 3571 468 3631 ΝΟΘ
490 3567 625 3644 septena
647 3565 831 3627 introduxit
857 3565 892 3626 in
912 3581 1035 3627 arcam.
1052 3567 1094 3627 Hi
1147 3577 1292 3656 AEgypto
1307 3577 1342 3638 in
1357 3577 1427 3639 luto
1440 3578 1473 3640 et
1486 3577 1593 3654 palea,
1609 3579 1729 3640 Lutum
1751 3579 1802 3640 est
1824 3595 1946 3642 concu-

298 3667 515 3746 suntseptem
536 3665 597 3726 tilii
616 3663 688 3737 lob,
706 3663 762 3741 qui
786 3662 951 3724 iaciebant
974 3663 1093 3725 conri-
1149 3675 1311 3753 pisoontia
1339 3675 1462 3748 earnis,
1490 3675 1586 3752 palea
1611 3691 1731 3753 pompa
1761 3676 1944 3740 saecularis.

297 3769 399 3840 vium,
429 3763 656 3841 unusquisque
680 3761 715 3822 iu
744 3761 798 3823 die
826 3777 897 3822 suo·
925 3763 984 3823 Hae
1017 3764 1095 3824 sunt
1150 3772 1210 3834 Illa
1236 3790 1296 3852 per
1318 3773 1576 3835 delectationem
1599 3770 1646 3852 (1)
1671 3774 1842 3851 inquinat;
1876 3775 1945 3838 haec

299 3865 424 3942 septem
439 3863 585 3924 lucernae
607 3857 799 3921 candelabri
819 3859 854 3920 in
878 3859 1094 3922 tabernaculo
1149 3887 1208 3948 por
1228 3869 1481 3934 mutabilitatem
1502 3871 1536 3932 st
1560 3870 1810 3934 instabilitatem
1835 3873 1945 3934 tmns.

297 3961 440 4025 Domini.
470 3960 512 4021 Hi
546 3957 625 4019 sunt
651 3959 777 4033 septem
805 3955 894 4017 oculi
921 3957 956 4018 in
984 3957 1094 4035 lapide
1148 3967 1249 4032 solat,

298 4061 397 4122 unico
410 4057 591 4120 Zachariae.
610 4057 668 4115 llae
684 4055 762 4114 sunt
781 4054 906 4132 septem
925 4054 1093 4130 mulieres,
1188 4067 1368 4145 prosimos
1394 4067 1555 4128 snonntss
1581 4065 1622 4128 sn
1646 4069 1803 4145 stiffi-pto,
1829 4068 1862 4131 et
1887 4086 1943 4146 pos

298 4173 383 4236 quae,
415 4153 596 4216 secundum
628 4151 725 4212 1⁸³1ae
752 4151 958 4224 vaticinium,
986 4153 1094 4214 Virum
1150 4181 1241 4227 mare
1252 4164 1406 4242 baptismi
1424 4165 1586 4240 sanguine
1604 4165 1726 4227 Christi
1741 4164 1941 4228 rubricatum

297 4268 401 4316 unum
434 4247 735 4327 apprehenderunt·
772 4250 831 4309 Hae
861 4251 938 4310 ⁵1¹¹st
970 4251 1095 4326 septem
1149 4264 1190 4326 ad
1201 4263 1388 4326 libertatem
1398 4262 1575 4324 transituri
1588 4261 1778 4325 abdicemus
1794 4265 1940 4326 seruituti

296 4349 465 4420 virtutem·
483 4363 556 4425 (111ae
592 4344 628 4406 ¹¹1
659 4345 839 4420 EvangeliO
874 4344 1095 4409 beatitudines
1149 4360 1346 4432 Pharaonis,
1359 4359 1631 4423 abrenuntiantes
1646 4361 1777 4422 diabolo
1792 4362 1825 4423 et
1836 4364 1940 4423 omni·
2029 4389 2030 4398 θ

297 4447 517 4528 appellantur·
534 4445 593 4505 Hae
608 4443 686 4505 sunt
698 4442 822 4520 septem
844 4443 967 4519 linguat
987 4444 1094 4521 isssseae
1148 4459 1210 4520 bus
1223 4457 1377 4536 operibus
1392 4460 1475 4536 ejus,
1493 4458 1524 4521 et
1539 4457 1692 4520 omnibus
1711 4460 1839 4536 pompis
1853 4463 1936 4538 ejus;

296 4549 375 4620 illm,
393 4560 466 4624 (1Πᾶ
482 4543 518 4606 Ῑῐὶ
537 4541 589 4605 die
602 4540 814 4604 Ρθῡῖθῦθὸἲθῧ
829 4557 929 4619 supet
947 4541 1097 4621 discipu·
1149 4557 1184 4618 in
1198 4555 1268 4617 luto
1283 4554 1450 4632 operibus,
1466 4554 1500 4616 in
1513 4555 1609 4633 palea
1622 4555 1762 4632 pompis.
1780 4559 1937 4618 Exeuntes

296 4647 347 4708 los
365 4645 447 4706 visae
469 4641 555 4704 sunt.
573 4640 615 4702 Hi
631 4638 707 4702 sunt
728 4639 853 4717 septem
877 4640 1016 4717 spiritus
1034 4643 1094 4703 Dei
1148 4654 1260 4732 itaquo
1276 4651 1317 4715 nt)
1329 4653 1473 4730 AEgypto
1492 4653 1527 4714 in
1547 4653 1713 4714 <insontum
1728 4653 1937 4731 rotinqnimns

297 4743 391 4806 missi
401 4743 437 4804 in
448 4755 578 4803 omnem
590 4739 725 4801 terram·
738 4740 796 4799 Hae
812 4739 938 4816 septem
948 4737 1093 4812 frondes,
1149 4751 1253 4824 mala,
1280 4750 1317 4813 ut
1343 4765 1410 4812 tion
1445 4751 1701 4812 consentiamus,
1732 4753 1894 4828 Exeuntos
1919 4767 1937 4812 a

297 4859 371 4921 quae
386 4841 552 4902 Christum
567 4837 741 4900 Dominum
757 4837 906 4898 nostrum
919 4836 1093 4900 adornant·
1150 4848 1281 4910 deserto
1302 4847 1337 4908 in
1362 4847 1486 4910 terram
1509 4847 1752 4925 promissionis,
1775 4849 1937 4910 evadimus

298 4942 332 5004 Si
346 4955 425 5017 ergo
439 4936 593 5002 volumus
604 4933 769 4998 veraciter
782 4935 997 4996 Pentecosten
1013 4935 1095 4997 cole
1149 4945 1248 5018 mala,
1279 4945 1315 5008 ut
1343 4961 1409 5010 nou
1439 4947 1633 5008 sentiamus.
1664 4949 1700 5008 ln
1728 4948 1870 5024 AEgypto
1892 4949 1938 5010 est

236 5061 239 5066 “
296 5039 405 5110 biam,
427 5037 460 5099 θῒ
480 5035 639 5114 Spiritum
659 5035 816 5094 Samium
838 5032 1001 5110 ἃθθῑΡθΓθ,
1025 5033 1096 5096 Stu-
1149 5060 1260 5122 pugna
1275 5042 1520 5118 sineviotorias
1535 5044 1569 5106 in
1584 5045 1728 5122 AEgypto
1743 5045 1821 5106 sunt
1836 5045 1938 5107 deleo-

296 5137 432 5199 deamus
451 5150 512 5212 per
531 5131 707 5210 praediotas
725 5129 864 5192 virtutes
879 5130 920 5191 ad
936 5133 1095 5193 aeternam
1149 5143 1290 5204 tationes
1312 5141 1408 5203 mains
1432 5144 1465 5206 st
1490 5141 1613 5214 multos,
1635 5143 1832 5204 nontamen
1851 5144 1934 5206 sois,

295 5234 533 5299 beatitudinem
549 5227 734 5309 pervenire·
1151 5243 1187 5302 ln
1198 5239 1329 5303 deserto
1340 5239 1662 5303 suutdeleotationes
1672 5238 1767 5302 bouae
1778 5241 1933 5318 etpauoae,

282 5419 284 5424 Δ
335 5337 441 5396 Locus
468 5330 672 5406 designatur,
698 5343 772 5388 oum
801 5325 952 5388 dicitur:
981 5329 1095 5388 Erant
1150 5353 1217 5400 non
1243 5339 1354 5400 tamon
1383 5337 1495 5400 nniiae,
1526 5341 1564 5400 in
1599 5339 1688 5401 torm
1717 5339 1935 5416 promissionis

295 5433 451 5506 dimittit
467 5427 609 5504 palliet*
629 5430 666 5488 tn
687 5429 805 5488 eodem
819 5431 899 5487 ioco.
920 5425 998 5487 Tria
1020 5425 1096 5486 sunt
1150 5435 1385 5499 delectationes
1399 5435 1494 5498 boum
1510 5436 1544 5499 et
1560 5436 1683 5510 multae,
1699 5437 1732 5499 et
1746 5437 1835 5499 solae.
1852 5437 1935 5499 Unde

295 5531 369 5593 10⁰³
391 5546 398 5590 ³
422 5526 598 5604 mospius,
626 5523 803 5596 ‘leffium’
826 5523 917 5585 terra
948 5522 1094 5632 P¹¹⁰J¹¹isj
1185 5549 1225 5623 (1)
1248 5551 1309 5609 illia
1326 5565 1380 5609 vox
1402 5551 1545 5612 invenitur
1560 5551 1588 5609 in
1603 5551 1671 5612 Cod.
1685 5553 1754 5612 llas.
1770 5566 1834 5626 que
1850 5558 1935 5610 umen

295 5626 412 5692 sionis.
436 5623 639 5702 remmota
663 5637 776 5684 sumus
799 5621 887 5684 servi
910 5621 945 5683 et
964 5635 1094 5682 misen.
1150 5637 1207 5680 non
1222 5623 1336 5698 legitur.
