4078 6442
272 240 332 302 495
883 237 1060 303 HONORII
1081 239 1126 302 ΠΙ
1148 240 1296 302 OPERA.
1880 245 1959 306 496

270 399 335 478 ipsi
351 400 485 462 domino
501 403 600 477 Papae
614 415 673 478 per
685 403 757 478 ejus
769 398 917 463 subditos
927 403 999 478 jam
1014 397 1065 461 fe-
1119 397 1198 461 dare
1211 401 1394 462 teneamur.
1409 401 1473 460 Pro
1486 413 1551 476 quo
1568 397 1688 462 damno
1708 401 1738 461 si
1757 401 1956 462 acciderit

271 497 389 570 simne,
406 497 440 558 in
462 497 616 559 omnibus
631 497 665 560 et
681 513 741 575 per
759 498 869 562 omnia
888 497 1066 559 conflrma-
1119 496 1152 557 31
1175 495 1360 572 subscripta
1390 511 1498 572 poena,
1531 495 1561 555 sl
1588 494 1780 570 incidimus,
1807 497 1955 558 omnia

271 610 355 654 mus.
373 594 538 656 Praeterea
552 595 745 657 cedimuset
761 595 955 656 mandamus
971 595 1065 657 vobis
1119 594 1233 654 nostra
1259 592 1358 662 bona,
1395 609 1470 670 quaa
1503 591 1676 665 babemus,
1707 593 1876 667 ubilibet,
1912 598 1956 654 et

271 705 331 766 pro
341 689 428 752 dicto
439 690 572 752 domino
585 694 675 769 Papa
684 691 718 752 et
727 691 796 752 suis
805 691 1063 764 successoribus,
1119 689 1323 762 habebimus,
1356 689 1450 752 vobis
1467 705 1528 768 pro
1556 689 1643 752 dicto
1670 691 1807 752 domino
1830 695 1952 768 Papa

272 787 309 848 ut
330 785 529 860 dictumest,
554 789 784 866 procuratorio
803 789 947 862 nomine,
969 803 1065 851 omne
1119 787 1152 849 31
1165 787 1235 848 suis
1250 786 1497 849 successoribus
1515 786 1714 864 obligamus
1735 789 1769 850 31
1781 804 1852 866 pro
1871 805 1952 850 no-

269 885 325 960 jns
364 884 397 945 et
429 899 558 947 omnem
595 885 758 948 actionem
792 886 1001 965 personalem
1033 885 1066 948 et
1118 883 1170 945 bis
1191 885 1224 946 et
1244 883 1367 946 nostris
1393 883 1571 946 heredibus
1604 885 1637 946 31
1668 885 1949 947 successoribus

272 981 307 1040 in
321 996 401 1052 rem,
415 983 484 1042 tam
499 981 599 1044 etiam
614 983 656 1043 ad
671 984 848 1060 agendum,
865 999 963 1062 quam
978 984 1066 1045 exci-
1118 981 1271 1058 precario
1291 979 1499 1058 possidemus
1521 997 1541 1042 3
1563 979 1651 1042 dicto
1670 981 1807 1043 domino
1830 985 1947 1058 Papa

272 1078 438 1154 piendum,
451 1078 549 1155 quod,
564 1095 704 1157 quamve
718 1081 753 1141 in
767 1079 919 1142 omnibus
929 1080 1066 1158 praedic·
1119 1079 1152 1141 31
1177 1078 1438 1140 successoribus.
1475 1078 1558 1140 Item
1591 1077 1689 1141 tactis
1710 1080 1947 1140 sacrosancti

271 1175 313 1235 tis
328 1175 521 1252 pignoribus
536 1176 708 1249 babemus,
727 1180 761 1240 et
774 1177 933 1240 adversus
954 1194 1067 1256 quam·
1119 1175 1309 1252 Evangeliis
1331 1177 1485 1253 juramus
1511 1176 1544 1237 31
1565 1175 1804 1253 promittimus,
1828 1176 1945 1237 nullo

271 1289 410 1350 cumque
425 1289 600 1351 personam
619 1275 811 1337 eorumdem
826 1278 980 1354 respectu
998 1276 1064 1336 ba·
1120 1289 1264 1350 unquam
1279 1273 1475 1350 intempore
1488 1272 1564 1350 plus
1577 1272 1631 1333 rel
1643 1275 1808 1350 majorem
1823 1289 1940 1334 sum-

270 1369 348 1430 bere
372 1387 502 1449 quoquo
524 1373 621 1434 modo
636 1389 817 1451 possemus.
843 1374 892 1435 Ita
912 1374 948 1436 ut
969 1373 1067 1452 quid·
1120 1386 1206 1432 mam
1218 1370 1331 1448 petere
1345 1371 1410 1448 ipsi
1430 1369 1563 1432 domino
1577 1371 1677 1447 Papae
1692 1371 1726 1432 et
1744 1372 1818 1432 suis
1845 1387 1943 1432 suc-

272 1467 350 1543 quid
377 1483 482 1545 usque
508 1470 605 1531 modo
631 1471 744 1532 nostro
769 1473 847 1548 Jnre
874 1471 907 1533 et
931 1473 1065 1533 nomine
1119 1467 1317 1540 sessoribus,
1337 1467 1390 1529 vel
1409 1468 1566 1530 Ecclesiae
1586 1471 1762 1543 Romanac3
1780 1469 1817 1531 31
1835 1469 1940 1530 hanc

271 1579 371 1639 agere
397 1565 450 1626 vel
476 1567 630 1643 excipere
655 1583 837 1644 possemus,
861 1584 921 1630 vos
947 1568 1065 1631 amodo
1119 1564 1362 1638 refutationem,
1379 1565 1497 1644 atquae
1517 1565 1605 1627 dicta
1623 1566 1700 1628 sunt
1721 1567 1839 1628 omnia
1867 1566 1940 1627 ob-

272 1661 405 1722 nomine
414 1662 446 1723 et
453 1665 531 1740 jure
539 1663 688 1740 praedicti
700 1664 824 1725 domini
835 1667 935 1744 Papae
945 1666 1064 1744 agatis,
1120 1677 1266 1736 servare,
1281 1664 1313 1726 et
1327 1663 1442 1724 contra
1457 1679 1496 1724 ea
1517 1678 1624 1740 neque
1645 1663 1775 1725 ratione
1791 1663 1934 1742 decep-

273 1761 307 1818 ct
319 1759 505 1834 excipiatis
520 1760 552 1821 et
563 1760 680 1822 ututili
694 1761 855 1824 etdirecta
866 1763 999 1841 possitis
1009 1779 1067 1826 ac-
1118 1759 1232 1831 tionis,
1253 1775 1360 1837 neque
1381 1759 1519 1822 minoris
1537 1761 1663 1832 aetatis,
1687 1761 1852 1837 quantum
1882 1761 1929 1822 ad

273 1855 363 1916 tione
378 1855 559 1929 intendere,
580 1873 639 1920 vos
659 1859 694 1919 in
717 1873 755 1921 re
773 1859 924 1936 praedicti
941 1859 1067 1923 domini
1121 1873 1173 1920 mo
1203 1857 1420 1928 Rainuccium
1444 1856 1598 1934 pertinet,
1634 1872 1695 1919 nec
1719 1858 1820 1919 aliter
1849 1859 1930 1920 ullo

272 1955 371 2029 Papae
391 1954 638 2031 procuratorem
661 1953 811 2017 facimus.
840 1959 933 2019 Hanc
957 1959 1067 2021 autem
1121 1954 1217 2017 modo
1229 1955 1355 2016 venire.
1372 1955 1412 2016 nt
1430 1955 1619 2030 specialiter
1637 1969 1699 2032 ego
1714 1955 1931 2016 Rainuccius

271 2049 516 2124 refutationem,
538 2051 571 2114 et
587 2069 660 2130 quac
680 2052 767 2116 dicta
786 2055 863 2116 sunt
875 2055 987 2117 omnia
1007 2072 1069 2118 vo-
1117 2055 1206 2130 juro,
1223 2067 1265 2114 ex
1278 2067 1342 2129 quo
1357 2051 1538 2128 legitimam
1550 2051 1669 2128 viginti
1686 2051 1835 2128 quinque
1855 2068 1930 2114 an-

271 2146 334 2220 bis,
348 2148 385 2209 ut
397 2147 591 2221 dictumest,
607 2149 747 2210 facimus
760 2167 820 2228 pro
834 2166 886 2222 eo,
900 2151 986 2230 quod
1007 2169 1067 2215 vos
1121 2165 1239 2210 norum
1263 2148 1394 2210 aetatem
1416 2147 1578 2221 habuero,
1603 2149 1821 2223 confirmare,
1847 2149 1882 2210 si
1909 2166 1930 2210 a

272 2245 416 2322 proipso
430 2245 562 2308 domino
576 2250 678 2325 Papa,
694 2248 727 2310 31
740 2249 1017 2327 exsuoargento,
1031 2251 1069 2314 ut
1122 2245 1209 2308 dicto
1230 2245 1363 2308 domino
1387 2247 1489 2323 Papa,
1513 2245 1546 2308 et
1569 2245 1639 2306 suis
1665 2246 1928 2307 successoribus

275 2341 398 2404 dictum
433 2344 503 2416 est,
540 2345 769 2422 procuratorio
803 2347 955 2420 nomine,
984 2347 1068 2410 mibi
1122 2343 1285 2406 excitatus
1307 2357 1376 2404 ero.
1403 2343 1592 2405 Novissime
1621 2343 1731 2404 autem
1765 2343 1837 2404 tarn
1858 2359 1929 2420 pro

275 2439 392 2501 Miloni
404 2455 465 2517 pro
478 2440 668 2514 medietate,
682 2443 715 2504 31
728 2443 811 2504 mihi
826 2445 1020 2518 Rainuccio,
1036 2445 1068 2510 et
1121 2440 1227 2513 nobie,
1251 2455 1350 2518 qnam
1365 2455 1424 2517 pro
1446 2439 1570 2501 nostris
1584 2439 1764 2501 heredibus
1787 2439 1823 2502 et
1842 2457 1931 2502 suc-

273 2535 360 2598 dictc
373 2535 468 2599 fratri
485 2538 518 2599 et
532 2539 678 2600 curatori
691 2555 764 2602 meo
784 2556 845 2618 pro
864 2557 917 2604 me
936 2557 995 2620 pro
1017 2541 1069 2605 al·
1122 2536 1321 2610 sessoribus,
1337 2536 1431 2598 vobis
1444 2552 1504 2614 pro
1517 2535 1604 2600 dicto
1625 2535 1758 2599 domino
1777 2539 1871 2614 Papa
1891 2539 1928 2598 31

271 2635 344 2695 tera
365 2635 552 2708 medietate,
576 2635 707 2698 decreto
726 2638 959 2714 praedictorum
976 2639 1069 2718 judi·
1122 2635 1192 2696 suis
1207 2633 1453 2696 successoribus
1468 2635 1501 2696 et
1514 2633 1583 2696 teta
1598 2635 1747 2696 Romana
1768 2634 1926 2696 Ecclesia

274 2745 359 2793 cum.
379 2734 539 2808 quantum
552 2731 592 2793 ad
608 2734 792 2810 portionem
809 2737 875 2797 mei
895 2736 1068 2799 Rainuccii
1122 2732 1209 2795 banc
1223 2731 1468 2804 refutationem,
1483 2731 1517 2794 et
1537 2747 1611 2808 quae
1634 2731 1722 2794 dicta
1744 2732 1928 2804 3331333-

274 2830 429 2905 pertinet,
459 2831 608 2902 redditis,
639 2831 737 2903 datis,
763 2833 862 2910 atque
881 2834 1068 2910 persolvitis
1122 2831 1179 2892 nia
1191 2829 1370 2892 observare
1381 2830 1414 2892 31
1424 2828 1606 2906 adimplere
1617 2828 1841 2907 promittimus
1856 2829 1923 2890 sub

274 2923 465 3001 praelibatas
486 2925 617 2986 centum
635 2926 755 3002 viginti
777 2929 922 3005 quinque
939 2944 1068 2992 marcas
1123 2927 1209 2990 dicto
1220 2927 1420 3005 iuramento,
1438 2927 1471 2988 et
1484 2925 1545 2988 sub
1560 2941 1658 3003 poena
1671 2925 1853 3003 supradicti
1866 2942 1923 2987 ar-

274 3021 415 3095 argenti.
443 3023 490 3081 De
518 3019 637 3098 quihus
665 3023 828 3092 omnibus,
858 3025 954 3087 etde
978 3027 1068 3088 omni
1122 3024 1212 3102 genti
1236 3039 1372 3086 summae
1396 3022 1515 3100 dupla:
1537 3023 1570 3084 et
1590 3023 1699 3085 soluta
1722 3038 1821 3099 poena
1845 3023 1923 3084 haec

274 3117 387 3178 nostro
396 3119 473 3195 jure
489 3119 599 3190 sortis
612 3118 778 3182 fructuum
789 3121 822 3182 et
831 3137 1019 3196 usurarum,
1036 3125 1069 3186 et
1122 3121 1274 3184 chartula
1296 3121 1391 3182 firma
1414 3121 1617 3198 permaneat.
1641 3122 1746 3192 Quam
1769 3119 1921 3182 scribere

275 3215 383 3276 omnis
409 3231 534 3288 causae,
560 3231 621 3276 nos
646 3215 730 3278 bene
751 3217 879 3295 quietos
898 3235 1067 3293 vocamus,
1122 3235 1278 3296 rogamus
1300 3217 1486 3281 Johannam
1505 3217 1626 3278 Leonis
1643 3217 1857 3279 scriniarium
1882 3217 1921 3278 in

275 3312 307 3374 et
331 3327 397 3372 non
421 3312 537 3374 solutae
552 3313 701 3390 pecuniae
719 3313 773 3375 vel
796 3317 926 3393 argenti
945 3333 1069 3397 excep·
1125 3331 1239 3378 meuse
1251 3316 1284 3378 31
1296 3315 1476 3377 indictione
1490 3315 1714 3391 suprascripta
1728 3316 1776 3375 13.

274 3409 398 3470 tionem
414 3409 548 3471 omnino
560 3409 753 3472 refutamus.
769 3413 815 3472 De
835 3412 953 3491 quibus
968 3415 1068 3478 etiam
1163 3416 1280 3476 Petrus
1305 3415 1508 3475 sarracenus
1527 3410 1654 3473 domini
1675 3414 1774 3489 Papae
1796 3427 1919 3473 senes-

274 3506 393 3582 viginti
424 3505 527 3568 libras
559 3507 758 3569 Lunensium
795 3510 926 3588 Sophiae
961 3513 1068 3576 sorori
1123 3511 1247 3582 calcus,
1263 3509 1369 3572 testis.
2013 3501 2014 3508 '

274 3605 396 3666 nostrae
412 3603 581 3677 solvimus,
599 3620 681 3682 quas
695 3621 739 3668 ex
752 3605 815 3668 hoc
825 3609 962 3684 argento
975 3611 1070 3688 pater
1163 3609 1281 3670 Petrus
1308 3608 1512 3668 Sarracenus
1536 3607 1555 3667 J
1558 3605 1699 3667 ohannis
1726 3603 1918 3678 scriniarii,

276 3700 355 3761 olim
372 3703 484 3763 noster
498 3700 533 3761 in
549 3717 610 3763 suo
633 3703 830 3768 testamento
848 3705 974 3768 dudum
996 3706 1069 3768 dari
1122 3704 1227 3767 testis.

274 3798 443 3874 praecepit.
467 3798 609 3876 Ideoque
635 3799 753 3860 amodo
777 3799 885 3862 dictus
917 3801 1069 3864 dominns
1162 3799 1425 3863 Bartholomaeus
1440 3799 1480 3860 de
1494 3798 1638 3868 Verulis,
1654 3799 1758 3862 testis.

274 3897 366 3970 Papa
383 3893 498 3956 311313
513 3897 663 3958 Romana
688 3895 836 3956 Ecclesia
851 3897 962 3974 quiete
981 3914 1071 3961 3333-
1162 3896 1506 3972 131133333113333311,
1521 3896 1626 3958 testis.

274 4005 334 4067 per
348 3991 381 4052 et
395 3991 532 4066 pacifice
544 4007 588 4052 ex
604 3991 668 4052 bac
682 4007 784 4052 causa
801 3995 1004 4068 permaneat.
1020 3995 1068 4056 Ad
1162 3990 1386 4063 Bellnshomo‚
1403 3992 1508 4054 testis.

275 4085 348 4146 baec
372 4085 481 4147 autem
505 4085 727 4163 promittimus
750 4086 855 4158 vobis,
883 4089 920 4150 ut
947 4088 1069 4153 dictum
1163 4109 1231 4184 Ego
1251 4106 1421 4170 Johannes
1443 4107 1575 4176 Leonis,
1601 4106 1823 4168 sacrosanctas
1849 4109 1918 4168 Ro.

275 4181 336 4252 681,
351 4182 580 4258 procuratorio
600 4181 746 4254 nomine,
768 4183 796 4242 Si
813 4183 926 4260 6111166
941 4185 977 4247 in
991 4187 1071 4250 1661·
1123 4219 1230 4265 manae
1245 4202 1401 4266 Ecclesiae
1423 4203 1632 4276 scriniarius,
1657 4201 1782 4264 habens
1804 4205 1916 4280 poles-

275 4293 356 4355 11616
377 4292 437 4355 Pel
451 4277 573 4338 ‘liciam
597 4293 745 4339 ⁸0l01'0ffl
764 4279 924 4354 nostram,
939 4283 991 4345 161
1011 4301 1071 4364 166
1123 4302 1223 4364 tatem
1245 4299 1346 4361 dandi
1367 4300 1493 4362 tutores
1512 4299 1546 4362 et
1566 4301 1747 4371 curatores,
1769 4301 1917 4361 emanci-

275 4378 348 4452 ejus
370 4388 580 4436 66666830666
594 4374 647 4435 vel
661 4374 812 4447 6616665,
827 4377 879 4439 Vel
894 4394 953 4455 1166
968 4381 1070 4445 aliam
1122 4396 1234 4476 pandi,
1258 4397 1424 4458 decretum
1448 4395 1691 4474 interponendi,
1706 4398 1739 4457 31
1760 4397 1925 4460 31133313

275 4471 457 4548 quamlibet
470 4487 658 4549 1161866661,
675 4487 734 4532 666
750 4473 850 4535 etiam
864 4491 924 4552 1161
940 4477 1071 4556 Obliga·
1125 4493 1335 4566 decernendi,
1353 4491 1513 4574 compleri
1529 4495 1562 4554 et
1576 4492 1716 4557 absolui.

274 4569 409 4641 tionem,
435 4569 694 4641 concessionem,
719 4570 771 4631 vel
789 4571 1025 4638 alienationem
1049 4593 1068 4638 3

274 4667 360 4729 dicto
374 4667 453 4729 olim
470 4669 564 4744 patre
576 4667 702 4739 nostro,
715 4666 802 4728 rela
824 4669 919 4730 nobis
933 4670 1064 4745 tactam,
1162 4671 1394 4732 dannot-Ex
1404 4668 1459 4730 bis
1470 4671 1580 4732 autem
1587 4669 1718 4732 abactis
1729 4669 1846 4740 elucet,
1853 4687 1915 4732 ec-

274 4781 317 4826 ex
333 4765 397 4826 bac
418 4779 519 4826 causa
541 4762 718 4842 praedictus
740 4763 893 4827 dominus
912 4769 1016 4844 Papa,
1036 4769 1070 4832 et
1122 4765 1331 4843 demqnoquc
1345 4767 1492 4842 tempore
1510 4763 1665 4827 floruisse
1678 4765 1820 4828 alterum
1835 4771 1914 4830 Gen-

275 4877 484 4923 suocessores
497 4863 583 4938 3133,
598 4861 652 4922 vel
662 4861 810 4924 Ecclesia
821 4863 969 4924 Romana
980 4863 1070 4926 dam·
1099 4881 1100 4884 ¹
1121 4867 1213 4925 31331
1230 4867 1441 4926 cardinalem
1462 4865 1499 4926 S.
1515 4864 1699 4926 Laurento
1715 4867 1752 4924 13
1773 4866 1910 4936 Lucina,

274 4973 353 5019 num
368 4957 501 5034 aliquod
517 4957 673 5034 patiatur,
690 4958 805 5036 quanti
821 4959 886 5020 erit
900 4959 1066 5035 damnum,
1122 4959 1178 5035 qui
1192 4958 1267 5020 heic
1280 4974 1302 5019 a
1314 4958 1433 5020 Gencio
1444 4957 1758 5020 nostrodiversitate
1772 4960 1910 5020 nominis

273 5054 451 5116 tantumin
466 5053 588 5115 nostris
602 5053 698 5115 bonis
713 5054 982 5130 eisplacentibus
996 5058 1067 5120 sine
1122 5055 1346 5131 distinguitur.
1382 5057 1476 5116 Anno
1500 5057 1610 5116 autem
1642 5056 1739 5128 1198,
1774 5054 1833 5118 sub
1858 5059 1911 5116 In-

269 5153 357 5229 jnris
382 5147 508 5212 offensa
528 5153 561 5212 et
588 5151 730 5229 alicujus
755 5151 857 5211 curias
882 5153 1069 5228 proclama·
1098 5152 1274 5220 ,nocentio
1309 5153 1377 5224 111,
1416 5151 1560 5212 occurrit
1594 5151 1677 5213 mibi
1709 5151 1811 5214 frater
1849 5152 1907 5214 Ri-

272 5249 380 5321 tione,
409 5251 487 5325 jure
521 5247 670 5326 pignoris
704 5247 901 5309 anctoritate
932 5252 1067 5328 propria
1122 5249 1264 5312 cbardus
1296 5248 1421 5310 domini
1455 5251 1555 5325 Papae
1588 5250 1804 5310 camerarius.
1832 5251 1908 5311 Tum

272 5345 457 5407 vendicent.
474 5345 557 5406 Etsi
573 5343 799 5406 contradicere
815 5344 1066 5421 voluerimus,a
1121 5363 1207 5408 anno
1242 5347 1319 5407 1204
1343 5345 1542 5406 Octavianus
1568 5345 1628 5406 Dei
1654 5347 1763 5421 gratia
1788 5346 1906 5410 domini

228 5487 231 5494 .
268 5443 356 5518 jure,
373 5440 459 5518 quod
473 5441 509 5501 in
524 5441 649 5502 eisdem
667 5440 763 5502 bonis
778 5440 984 5516 babebimus,
1010 5460 1068 5507 33-
1122 5447 1220 5520 Papae
1240 5441 1424 5504 1333333111
1445 5443 1491 5503 111
1510 5441 1729 5504 consobrinus
1750 5445 1784 5506 et
1805 5460 1909 5507 came-

273 5537 401 5608 damus,
424 5537 457 5598 31
480 5537 588 5614 ipsum
610 5537 766 5597 damnum
788 5537 924 5615 duplum
948 5555 1065 5603 emen·
1121 5541 1244 5602 rarius.
1261 5541 1306 5600 Ac
1320 5537 1438 5601 deinde
1451 5555 1539 5600 anno
1555 5541 1633 5602 1208
1645 5540 1677 5606 et
1691 5541 1769 5602 1215
1781 5541 1910 5619 Stepha-
