4084 6428
53 205 111 270 bol

92 366 218 424 Aroma
227 361 314 422 enim
327 358 449 422 dicitur
458 357 554 436 quasi
562 358 711 421 aerioma
722 356 763 419 ab
774 371 852 419 aere

54 461 207 523 odorata.
223 459 316 520 Unde
328 458 533 535 pigmentum
548 473 660 519 aroma
677 457 809 518 dicitur.
825 457 852 515 h

50 560 163 636 ¹primo
188 557 291 633 igitur
315 555 410 617 horto
425 569 540 616 aroma
555 555 714 632 profluxit
734 553 852 614 Chris-

56 655 119 724 tus,
146 654 243 728 cujus
272 649 373 710 odore
404 665 518 710 omnes
549 648 727 725 replemur.
757 649 852 709 Hunc

56 765 201 826 namque
221 747 356 809 odorem
373 745 520 807 sentiens
535 749 641 815 Isaac,
657 761 732 806 cum
746 744 852 806 bene-

57 847 225 908 diceretur
243 844 357 916 Jacob,
378 844 480 905 dixit:
496 848 583 904 Ecce
598 846 683 906 odor
695 844 757 915 utu
770 846 852 910 ruet,

49 945 145 1006 sicut
158 946 244 1004 odor
259 945 339 1017 nort
353 945 457 1022 pleni,
474 945 529 1002 cut
544 941 719 1003 benedixit
730 942 853 1002 Domi-

56 1057 121 1103 nus
137 1039 236 1120 (Gen.
252 1054 359 1111 xxvn,
378 1037 446 1117 27).
468 1038 655 1100 Secundum
676 1053 789 1098 aroma
805 1037 855 1097 est

52 1137 251 1218 praedicatio
278 1136 521 1214 Apostolorum.
548 1135 641 1197 Unde
671 1134 795 1196 Paulus
814 1133 855 1194 de

57 1252 92 1296 se
120 1235 155 1298 et
175 1234 256 1296 aliis
281 1233 448 1310 Apostolis
472 1233 572 1294 dicit:
595 1232 723 1295 Christi
749 1234 856 1292 bouus

56 1337 141 1394 odor
153 1347 278 1392 sumus
292 1333 363 1392 Deo
378 1334 415 1391 tn
436 1333 531 1392 omut
555 1334 625 1391 loco
640 1327 685 1408 (II
708 1329 782 1394 Cor.
810 1329 854 1400 ΙΙ,

56 1427 122 1509 15).
148 1429 298 1490 Tertium
323 1443 439 1489 aroma
465 1427 540 1488 sunt
563 1426 715 1497 uirtutes,
737 1423 859 1502 quibus

58 1527 197 1588 odorata
214 1527 330 1587 sancta
344 1524 493 1586 Ecclesia
510 1525 544 1586 et
557 1525 626 1585 Deo
638 1523 772 1599 accepta
794 1520 854 1584 est.

55 1627 103 1686 dle
116 1623 239 1701 quibus
249 1623 286 1684 in
296 1622 432 1684 cantico
444 1643 451 1682 :
468 1611 657 1684 curremus
667 1624 704 1682 tu
715 1623 858 1682 odorem

56 1723 320 1799 unquentorum
332 1722 473 1782 tuorum
484 1718 591 1797 (Cant.
606 1720 631 1792 1,
639 1716 685 1796 3).
698 1718 857 1788 Quartum

60 1834 176 1881 aroma
191 1820 244 1880 est
259 1817 417 1896 perfectio
434 1817 606 1894 utriusque
625 1814 798 1893 praesentis
822 1814 858 1874 in

57 1915 180 1978 tuturo.
210 1919 306 1977 Hunc
330 1915 465 1977 odorem
490 1914 567 1976 vitae
594 1915 727 1976 aeternae
759 1911 859 1973 sentit

57 2014 250 2090 Apostolus,
267 2012 397 2090 quando
413 2013 515 2074 dixit:
539 2015 685 2085 Scruper
698 2026 777 2071 cum
788 2013 859 2072 Do-

57 2114 152 2172 mino
167 2114 304 2172 emotus
322 2109 351 2188 (1
361 2110 475 2169 Thess.
491 2111 546 2181 IV,
555 2107 600 2186 7).
610 2107 731 2180 Itaque
745 2120 860 2168 cousc-

58 2211 180 2270 tonu'nt
192 2209 390 2269 tuotcernto
404 2208 518 2268 verbis
532 2206 608 2267 tutis
625 2203 653 2285 (Ι
669 2204 784 2265 Thess.
801 2206 855 2274 IV,

61 2302 125 2384 17).

99 2402 259 2474 Quintum
272 2400 441 2477 regularia
457 2398 642 2460 ministeria
657 2397 856 2469 devotionis,

61 2514 167 2560 sacrae
190 2498 371 2569 orationes,
392 2499 429 2560 ut
446 2498 537 2574 patet
552 2496 588 2556 in
601 2495 664 2557 hoc
678 2495 829 2570 exemplo
849 2515 857 2555 ε

58 2599 143 2662 Quoe
163 2599 217 2658 cst
237 2597 306 2656 ista
328 2609 405 2668 ouoe
431 2594 585 2655 mceodtt
611 2594 699 2654 stout
723 2595 860 2667 otrpulu

62 2696 150 2766 sztnu'
175 2709 224 2754 ecc
237 2691 451 2753 aromatibus
466 2694 620 2764 myrrhas
634 2690 667 2751 οῖ
683 2691 805 2761 tburts,
826 2687 861 2750 et

65 2792 226 2851 universi
243 2791 399 2862 putoerts
419 2788 646 2866 pigmentarii
668 2784 775 2865 (Cant
802 2787 858 2854 111,

65 2886 109 2966 6).
122 2886 323 2974 Haecautem
334 2885 482 2945 aromata
495 2885 572 2945 sunt
583 2883 720 2960 myrrha
731 2883 764 2944 et
773 2883 858 2956 aloe,

64 3000 135 3061 quac
160 2998 293 3045 uermes
324 2981 478 3043 occidunt
504 2981 537 3042 et
562 2996 696 3043 carnem
723 2980 861 3042 dissolvi

61 3080 240 3158 putredine
259 3095 326 3140 non
343 3077 548 3156 permittunt.
566 3078 679 3150 Nimia
699 3077 863 3138 amaritu-

66 3178 140 3240 dine
166 3193 229 3239 sua
246 3193 324 3238 caro
347 3176 442 3238 dehet
455 3176 547 3252 ungi.
568 3175 628 3236 His
650 3175 755 3250 igitur
780 3190 860 3251 spe-

68 3275 181 3336 ciebus
201 3290 280 3336 caro
300 3273 446 3350 ungitur,
463 3271 595 3350 quando
607 3272 748 3351 jejuniis
764 3273 796 3334 el
810 3272 862 3332 vi-

61 3372 167 3447 giliis,
180 3388 254 3449 quae
263 3386 377 3432 amara
388 3371 464 3432 sunt
474 3369 579 3442 carni,
593 3368 766 3445 affligitur.
778 3371 862 3429 Dum

68 3470 154 3529 enim
175 3471 225 3530 sic
244 3485 379 3530 carnem
401 3467 605 3543 inungimus,
626 3481 693 3526 non
713 3467 862 3527 nostram

69 3567 124 3627 sed
140 3583 277 3628 carnem
300 3565 424 3626 Christi
441 3562 598 3625 unctione
620 3561 860 3640 profundimus.

575 199 620 261 IN
646 193 997 262 RESURRECTIONE
1018 195 1180 256 DOMINI.

1640 201 1702 264 862

947 354 1110 416 Caeterum
1124 354 1211 416 sicut
1223 353 1363 418 diversae
1379 357 1456 420 sunt
1470 357 1640 435 mulieres,
1652 363 1702 426 ita

906 451 1038 513 diuersa
1060 453 1228 530 unguenta
1245 453 1434 527 conficiunt,
1454 471 1497 517 ex
1512 458 1630 534 quibus
1648 461 1701 521 di-

906 565 1003 611 verso
1029 550 1125 612 modo
1150 552 1278 626 ungunt
1298 554 1423 614 desum.
1449 555 1541 616 Laici
1569 557 1702 633 quidem

907 663 968 708 sex
994 663 1104 708 emere
1133 647 1254 710 debent
1279 651 1406 726 species
1435 654 1635 715 aromaticas
1659 656 1701 716 ad

907 761 1003 805 suum
1019 745 1260 806 conficiendum
1278 749 1502 823 unguentum:
1524 750 1618 824 idest,
1643 769 1705 816 sex

908 857 1009 920 opera
1019 843 1268 913 misericordiae,
1284 861 1357 921 quae
1372 845 1524 909 Christus
1536 848 1705 926 injudicio

908 939 1160 1012 commendabit,
1180 957 1255 1002 cum
1281 941 1368 1004 dicet
1381 942 1423 1004 iis
1439 945 1496 1021 qui
1515 961 1535 1006 a
1558 946 1704 1010 dexteris

908 1039 980 1113 ejas
995 1038 1114 1099 erunt:
1136 1041 1280 1100 esuum
1298 1027 1333 1100 et
1346 1042 1487 1102 ceculo
1500 1047 1586 1106 mnu
1603 1060 1707 1107 nnat-

908 1137 1057 1206 diacona·
1078 1136 1175 1196 sitiet
1197 1136 1232 1197 ct
1258 1137 1400 1199 dedistis
1418 1142 1504 1201 mtbt
1527 1144 1639 1204 bibere
1642 1187 1703 1203 .....

910 1229 1042 1310 (Matth.
1054 1246 1133 1305 xxv,
1149 1229 1215 1312 35).

950 1329 1116 1400 Quantum
1129 1329 1242 1392 autem
1254 1331 1333 1392 sunt
1345 1331 1514 1396 odonna
1526 1334 1601 1397 haec
1620 1351 1708 1400 aro-

910 1427 998 1488 mata
1011 1426 1082 1504 ipse
1097 1426 1247 1488 Christus
1264 1428 1398 1490 illorum
1413 1431 1514 1493 odore
1529 1433 1706 1496 dilectatus

910 1523 1054 1586 ostendit
1068 1523 1181 1585 dicens
1196 1545 1203 1586 :
1221 1528 1314 1592 Quod
1323 1531 1385 1588 unt
1396 1543 1443 1589 ecc
1452 1533 1608 1592 minimis
1619 1536 1708 1594 ateis

912 1622 1054 1696 fecistis,
1066 1625 1151 1684 milit
1164 1623 1295 1696 fecistis
1308 1621 1439 1702 (Matth.
1455 1640 1533 1698 xxv,
1547 1626 1613 1705 40).
1629 1629 1709 1690 Sine

912 1717 1012 1779 dubio
1024 1717 1086 1780 has
1102 1719 1230 1796 species
1245 1720 1363 1781 leviter
1380 1722 1461 1782 satis
1474 1723 1509 1783 in
1523 1723 1613 1785 terra
1628 1741 1709 1787 nos-

911 1815 963 1878 tra
978 1816 1127 1892 reperire
1142 1831 1328 1892 possumus,
1342 1818 1420 1895 quia
1430 1822 1621 1895 peccatores
1636 1838 1710 1883 om-

911 1929 971 1974 nes
987 1929 1112 1974 sumus.
1130 1911 1208 1974 Illas
1223 1931 1302 1976 vero
1318 1929 1384 1977 non
1398 1915 1438 1976 de
1452 1918 1636 1996 propinquo
1647 1921 1705 1981 sed

912 2011 953 2072 de
967 2010 1147 2088 longinquo
1164 2011 1273 2080 valde,
1294 2011 1390 2084 idest,
1407 2013 1448 2074 de
1469 2015 1626 2090 paradiso
1645 2033 1709 2094 ap-

913 2109 1060 2185 portatas
1080 2109 1290 2184 suscipimus.
1316 2111 1404 2181 Quas
1425 2109 1611 2174 devotionis
1631 2130 1709 2190 spe-

913 2206 991 2277 cies,
1009 2206 1041 2268 et
1056 2207 1086 2266 si
1098 2205 1194 2266 modo
1210 2221 1309 2283 parce
1323 2207 1516 2284 accipimus,
1535 2210 1614 2287 quia
1628 2227 1707 2274 rara

912 2304 989 2363 sunt
1000 2302 1097 2364 valde
1112 2318 1213 2380 opera
1227 2303 1463 2366 misericordia
1482 2305 1510 2365 si
1525 2308 1593 2368 Deo
1607 2308 1709 2386 adju-

912 2401 1011 2460 vante
1029 2398 1071 2460 ad
1088 2400 1231 2477 patriam
1245 2402 1506 2477 pervenerimus,
1530 2403 1709 2467 abundan-

913 2497 965 2559 ter
976 2495 1229 2573 possidebimus.

953 2594 1113 2670 Religiosi
1134 2610 1214 2657 vero
1238 2596 1294 2672 qui
1320 2596 1464 2673 propriis
1490 2599 1709 2662 renuntiare-

914 2691 993 2753 runt
1004 2692 1150 2765 omnino,
1162 2693 1241 2754 licet
1254 2709 1321 2754 non
1336 2693 1490 2768 habeant,
1506 2697 1594 2758 unde
1609 2697 1709 2759 conil-

914 2789 1004 2850 ciant
1029 2789 1092 2850 hoc
1118 2789 1333 2866 unguentum,
1364 2791 1432 2851 alia
1459 2793 1571 2854 tamen
1599 2809 1711 2856 emere

915 2885 1034 2948 debent
1044 2889 1203 2958 aromata,
1212 2902 1257 2947 ex
1266 2886 1385 2964 quibus
1396 2905 1492 2950 suum
1506 2892 1711 2966 unguentum

915 2983 1104 3051 conficiant,
1119 2982 1284 3056 videlicet,
1304 2985 1499 3057 orationem,
1520 2987 1711 3050 meditatio-

915 3095 1002 3151 nem,
1031 3079 1225 3152 lectionem,
1255 3082 1578 3158 contemplationem.
1608 3087 1712 3157 Quam

916 3192 1019 3238 suave
1045 3176 1089 3238 sit
1115 3177 1179 3239 hoc
1204 3179 1420 3254 unguentum,
1445 3179 1503 3242 ille
1524 3182 1626 3255 norit,
1655 3184 1712 3260 qui

916 3273 1047 3350 plenius
1060 3274 1203 3335 conticit.

957 3369 1077 3430 Clerici
1089 3385 1168 3430 vero
1183 3385 1227 3430 ex
1240 3370 1283 3430 iis
1296 3371 1423 3432 duobus
1437 3375 1616 3448 unguentis
1627 3392 1711 3438 con-

917 3466 1018 3526 ticere
1033 3465 1152 3527 debent
1165 3466 1310 3538 tertium,
1328 3469 1365 3529 ut
1377 3483 1465 3530 nunc
1479 3470 1520 3529 ad
1534 3471 1634 3547 pedes
1649 3474 1712 3534 Do·

917 3563 1000 3623 mini
1026 3562 1164 3624 sedeant
1180 3578 1254 3623 cum
1276 3564 1395 3637 Maria,
1421 3566 1454 3626 et
1472 3566 1610 3629 audiant
1630 3585 1712 3630 ver-

69 3665 288 3742 Posteaquam
303 3663 392 3724 enim
405 3661 551 3724 veterem
575 3659 743 3722 hominem
762 3659 863 3720 exui·
917 3659 994 3720 bum
1003 3658 1105 3732 illius,
1118 3661 1324 3721 runcantem
1334 3677 1408 3721 cum
1416 3662 1547 3724 Martha
1560 3665 1714 3741 satagant

70 3777 151 3835 mus,
173 3760 322 3823 membra
338 3757 462 3820 diaboli
484 3757 603 3818 effecta
620 3758 697 3818 sunt
715 3755 863 3818 membra
919 3757 1007 3818 circa
1033 3755 1188 3834 frequens
1214 3757 1447 3832 ministerium,
1475 3759 1512 3822 ut
1535 3763 1714 3825 exerceant

71 3858 202 3921 Christi.
237 3857 330 3919 Unde
367 3857 397 3917 si
424 3854 643 3931 nosmetipsos
672 3853 862 3931 polluimus,
919 3869 1020 3932 opera
1035 3853 1219 3916 charitatis.
1236 3854 1397 3916 Caeterum
1415 3854 1493 3916 laici
1517 3857 1635 3922 debent
1650 3876 1715 3920 un-

70 3969 135 4015 non
164 3956 200 4017 in
234 3969 368 4015 carnem
402 3953 550 4014 nostram
580 3951 638 4013 sed
665 3951 702 4012 in
731 3966 864 4012 carnem
918 3967 997 4027 gere
1012 3951 1124 4028 pedes,
1150 3949 1300 4027 religiosi
1322 3952 1431 4028 caput,
1450 3955 1483 4016 et
1503 3954 1617 4018 clerici
1639 3973 1716 4018 cor-

72 4052 392 4131 Christipeccamus.
417 4050 536 4111 Anima
551 4049 660 4110 autem
675 4049 865 4111 charisma·
919 4064 992 4126 pus.
1032 4048 1137 4109 Pedes
1165 4048 1254 4110 enim
1282 4049 1407 4111 Christi
1435 4051 1512 4113 sunt
1534 4069 1713 4132 pauperes,

72 4148 157 4212 tibus
179 4149 289 4212 sancti
313 4147 456 4225 Spiritus
482 4145 599 4222 inungi
623 4145 729 4218 debet,
750 4147 865 4222 quaesi
920 4145 1019 4222 caput
1041 4145 1209 4218 divinitas,
1238 4145 1271 4206 et
1296 4161 1416 4224 corpus
1442 4148 1602 4220 Ecclesia,
1630 4151 1718 4214 sicut

73 4247 322 4318 nonhabomus,
341 4259 452 4306 emere
473 4243 641 4316 debemus,
660 4243 746 4305 sicut
760 4242 867 4320 scrip-
920 4242 1034 4305 multis
1058 4242 1221 4319 exemplis
1244 4243 1429 4306 ostenditur
1455 4245 1491 4307 in
1521 4248 1713 4326 scripturis.

71 4343 140 4404 tum
155 4345 229 4407 est:
248 4346 311 4409 ortt
324 4357 394 4403 uon
407 4341 539 4403 bebetis
554 4341 749 4417 argeutum,
764 4341 866 4403 emite
921 4341 995 4417 Ipse
1009 4339 1141 4416 quidem
1157 4342 1255 4403 Jesus
1267 4341 1364 4403 modo
1380 4343 1472 4406 sedet
1490 4344 1525 4405 in
1542 4344 1637 4417 coelo,
1655 4347 1713 4407 sed

75 4442 234 4505 etoeuttc
253 4439 384 4520 (1111,
404 4435 448 4518 1).
477 4438 556 4500 Sine
578 4438 715 4514 argento
735 4438 867 4515 quidem
921 4437 1022 4514 pedes
1046 4439 1128 4513 ejus,
1152 4437 1248 4508 idest,
1275 4454 1439 4516 pauperes
1465 4440 1573 4502 adhuc
1599 4441 1718 4504 ambu-

75 4535 188 4601 haberi
208 4537 317 4618 potest
336 4537 408 4597 haec
432 4535 555 4608 unctio,
577 4550 643 4596 non
669 4530 780 4597 tamen
801 4535 868 4595 nisi
922 4534 1250 4611 lantsuperterram.
1273 4538 1339 4596 Per
1352 4535 1453 4612 pedes
1468 4537 1599 4599 Domini
1614 4539 1717 4602 miso-

71 4637 210 4698 ematur.
242 4634 306 4696 Sed
332 4633 419 4695 unde
447 4632 596 4704 ematur,
625 4646 693 4692 non
716 4632 869 4710 desperet
921 4630 1066 4693 ricordia
1080 4631 1112 4693 et
1127 4633 1263 4704 veritas,
1280 4631 1357 4709 quia
1381 4633 1445 4694 viae
1464 4636 1596 4695 Domini
1615 4638 1719 4700 mise-

76 4733 211 4810 emptor.
230 4733 309 4794 Sine
326 4730 384 4791 illo
403 4745 467 4806 quo
485 4729 615 4800 emitur,
634 4743 709 4790 esse
730 4745 796 4790 non
809 4746 870 4807 po-
922 4727 1066 4790 ricordia
1081 4730 1114 4790 et
1127 4728 1262 4791 veritas.
1278 4730 1338 4790 His
1353 4729 1480 4792 duobus
1495 4731 1633 4807 pedibus
1646 4733 1718 4794 cir-

77 4826 148 4901 test,
167 4832 246 4909 quia
268 4845 328 4906 per
347 4826 547 4890 exteriorem
567 4825 756 4887 unctionem
775 4827 868 4889 inte·
923 4825 992 4888 cuit
1005 4826 1038 4887 et
1050 4825 1259 4903 perambulat
1272 4825 1447 4888 universas
1462 4829 1588 4890 mentes
1604 4830 1717 4892 homi·
1804 4813 1809 4821 ’

77 4923 145 4985 1111
169 4926 283 4988 unctio
311 4923 506 5002 acquiritur.
536 4921 599 4994 Qui
622 4921 711 4982 enim
737 4938 869 4984 crucem
924 4939 1013 4996 num,
1031 4923 1719 5004 utpermisericordiamconfitentempec·

78 5021 197 5086 Christi
212 5022 333 5102 portat,
354 5019 580 5082 consolatione
602 5019 708 5081 sancti
726 5021 870 5097 Spiritus
924 5021 998 5082 cata
1016 5035 1078 5081 sua
1097 5019 1131 5082 et
1148 5019 1359 5082 damnantem
1381 5021 1543 5099 justificet
1568 5023 1717 5102 impium,

79 5133 142 5179 non
165 5121 326 5198 privatur.
347 5119 392 5180 Iis
417 5118 519 5193 igitur
542 5117 765 5191 unctionibus,
795 5134 869 5180 cum
924 5117 1188 5180 contemnentem
1214 5118 1325 5179 autem
1351 5119 1630 5194 misericordiam,
1666 5123 1720 5184 rel

81 5218 200 5290 quanta
223 5231 398 5296 possumus
422 5214 633 5278 discretionis
654 5213 868 5292 perfectione,
925 5216 1034 5276 minus
1048 5215 1084 5276 in
1099 5229 1139 5276 ea
1151 5214 1369 5277 confidentem
1381 5217 1488 5279 mittat
1498 5217 1718 5294 injudicium.

83 5311 870 5392 ungamuscorpusChristi.Quodpraedguratille
925 5313 985 5374 His
1018 5311 1157 5390 pedibus
1185 5312 1409 5376 deambulavit
1434 5314 1469 5375 in
1495 5316 1650 5393 paradiso
1678 5319 1720 5379 ad
1832 5317 1839 5328 “

82 5408 290 5485 Nicodamus,
303 5410 407 5489 quiad
414 5409 602 5486 ungendum
610 5410 777 5472 Christum
788 5412 871 5475 attu-
926 5426 1042 5472 auram
1052 5410 1126 5488 post
1136 5409 1308 5472 meridiem
1318 5426 1503 5488 provocans
1512 5413 1627 5476 Adam.
1640 5416 1722 5476 Gon·

83 5502 120 5566 lit
145 5511 287 5586 myrrhas
314 5511 346 5570 et
372 5508 463 5569 aloes
488 5507 583 5585 quasi
605 5507 707 5569 libras
727 5508 869 5571 centum.
926 5506 1105 5570 sessionem
1118 5507 1234 5569 rolens
1247 5507 1288 5568 ab
1303 5523 1343 5572 eo
1357 5509 1722 5589 Dominusextorquere
