4078 6442
256 275 316 338 lot

256 433 343 512 loco,
375 440 431 517 qni
457 441 596 502 uocatur
624 438 842 512 Curisiacum,
869 439 933 502 sihi
952 439 1056 516 relegi

259 538 403 610 fecisset,
416 538 687 615 complacuerunt
702 537 750 598 illi
764 539 797 599 61
805 537 973 614 jndicibus
984 541 1056 616 ejus

260 637 383 708 omnia,
400 653 474 712 quae
489 634 613 696 ibidem
635 637 731 698 erant
758 651 909 712 annexa3
929 638 961 698 61
975 651 1056 712 pro-

886 277 1061 341 HONORII
1079 278 1124 340 111
1139 275 1287 342 OPERA.

1859 287 1932 345 468

1150 439 1313 502 lobannis
1326 442 1385 502 Vll
1399 442 1497 517 Papae
1508 435 1722 517 temporibus
1734 441 1929 520 Arlpertus

1111 553 1172 598 rex
1186 537 1480 614 Langobardorum
1493 538 1704 600 donationem
1715 539 1927 617 patrimonii

1110 635 1243 713 Alpium
1254 635 1433 707 cotiarum,
1449 651 1522 712 quae
1537 636 1637 714 longa
1652 652 1711 714 per
1723 638 1887 716 tempora
1903 655 1928 700 3

260 735 333 812 pria
348 733 530 810 uoluntate,
544 733 630 796 bono
646 749 685 794 ac
696 733 813 795 libenti
827 734 938 796 animo
954 733 1056 795 aliam
1107 735 1184 809 jure
1200 732 1355 794 Ecclesiae
1371 733 1500 809 privata
1525 732 1644 806 fuerat,
1665 750 1705 795 30
1728 735 1770 796 ab
1793 737 1925 797 eadem

259 832 449 894 donationis
478 832 732 909 promissionem
757 832 798 892 ad
833 832 938 894 instar
961 834 1058 894 ante-

259 929 371 1000 rioris,
389 930 459 1006 ipse
479 929 664 991 antedictus
686 929 1057 1006 praeexcellentissimus

260 1029 292 1089 et
313 1043 430 1089 revera
446 1027 744 1088 christianissimus
757 1029 894 1088 Carolus
917 1029 1058 1088 Franco

261 1142 334 1186 rum
343 1141 405 1186 rex
413 1125 556 1187 adscribi
565 1125 1058 1203 133311663111130313313611316-

262 1239 335 1284 sum
351 1239 389 1284 ac
404 1224 697 1302 prudentissimum
711 1223 919 1300 capellanum
942 1224 974 1284 61
993 1239 1058 1283 no-

1111 831 1209 906 gento
1223 829 1442 902 detinebatur,
1466 830 1501 892 in
1517 831 1637 892 litteris
1659 833 1771 894 aureis
1787 848 1926 894 exara-

1111 928 1190 999 tam,
1203 927 1272 1005 juri
1289 928 1423 1005 proprio
1447 927 1536 990 beati
1555 929 1788 1005 Apostolorum
1810 931 1922 1008 prin-

1112 1025 1195 1102 cipis
1211 1026 1301 1086 Petri
1315 1024 1519 1088 reformavit.

1152 1122 1331 1185 Zacharias
1347 1124 1502 1186 Pontifex
1514 1126 1675 1202 accepite
1691 1127 1921 1189 Constantino

1112 1221 1261 1298 principe
1287 1221 1499 1283 donationem
1525 1222 1560 1283 in
1590 1223 1722 1301 scriptis
1749 1227 1920 1302 perpetuo

261 1322 385 1382 tarium
406 1338 522 1382 suum:
545 1321 601 1382 ubi
623 1322 787 1384 concessit
813 1320 948 1383 easdem
973 1321 1059 1381 civi·
1108 1321 1186 1396 jnre
1207 1319 1247 1380 de
1271 1319 1399 1380 duabus
1420 1320 1551 1394 massis,
1581 1337 1655 1398 quae
1681 1323 1859 1400 Nymphas
1885 1327 1921 1386 et

260 1420 347 1480 tates
380 1420 413 1480 61
446 1419 616 1481 territoria
650 1419 746 1482 beato
783 1421 898 1488 Petro,
935 1434 1058 1495 easque

261 1515 400 1594 praefato
429 1516 583 1578 Pontifici
611 1518 761 1580 contradi
791 1516 966 1594 spopondit
999 1532 1059 1593 per

263 1614 473 1690 desIgnatnm
495 1614 685 1686 confinium,
704 1616 788 1676 sicut
809 1615 845 1674 in
860 1614 975 1676 eadem
998 1615 1059 1675 do-

264 1713 399 1772 natione
415 1713 578 1774 contineri
594 1713 806 1773 monstratur.
825 1712 904 1773 Inde
918 1729 937 1772 3
955 1712 1057 1772 Lunis

265 1826 338 1870 cum
366 1809 477 1870 insula
499 1810 649 1885 Corsica;
680 1809 798 1870 deinde
829 1810 864 1870 in
894 1810 1056 1886 Suriano;

264 1907 383 1968 deinde
396 1909 430 1969 in
446 1908 557 1969 llonte
572 1908 739 1984 Bardone;
758 1907 834 1968 inde
849 1907 883 1967 in
898 1909 1057 1983 Vercct03

264 2003 383 2066 deinde
398 2004 433 2067 in
455 2009 591 2080 Parma;
609 2005 727 2066 deinde
743 2005 777 2065 in
800 2005 920 2081 Regi03
938 2004 1058 2066 exinde

263 2103 298 2164 in
326 2104 472 2175 Mantua,
500 2103 598 2181 atque
617 2105 728 2165 Monte
751 2103 866 2179 Silice;
896 2103 1059 2180 simulque

264 2199 458 2260 uniuersum
472 2201 689 2262 exarchatum
709 2200 989 2271 Ravennensinm,
1012 2199 1061 2260 si-

266 2298 321 2359 cut
335 2298 517 2374 antiquitus
530 2299 613 2370 erat,
630 2300 729 2374 atque
743 2297 932 2375 prouincias
951 2300 1061 2360 Vene-

264 2397 400 2469 tiarum,
430 2398 463 2458 et
492 2397 664 2458 Histriam.
690 2398 827 2458 Necnon
849 2397 881 2458 et
907 2398 1060 2457 cunctum

265 2494 421 2556 ducatum
447 2495 672 2572 Spoletannm,
696 2511 755 2555 seu
776 2495 1057 2556 Beneventanum.

266 2593 434 2670 Factaque
456 2593 569 2654 eadem
590 2593 779 2665 donatione,
800 2593 832 2653 et
847 2591 980 2670 propria
1001 2607 1060 2652 sua

265 2707 368 2752 manu
383 2691 454 2768 ipse
467 2690 766 2752 christianissimus
781 2693 983 2751 Francorum
1001 2705 1062 2750 rex

268 2804 343 2850 eam
358 2788 594 2864 corroborans,
611 2790 785 2850 universos
801 2789 983 2865 episcopos,
999 2785 1061 2848 ab·

268 2885 375 2958 bates,
399 2887 499 2947 duces
518 2887 628 2958 etiam,
650 2887 683 2948 et
700 2885 866 2962 predones
890 2886 924 2946 in
940 2901 979 2946 ea
1001 2884 1063 2946 ad-

267 2982 369 3044 scribi
383 2982 472 3046 fecit.
494 2986 598 3055 Quam
620 2984 712 3060 prins
729 2999 828 3060 super
847 2982 952 3044 altare
973 2981 1061 3043 beati

269 3080 372 3152 Petri,
403 3083 436 3142 61
461 3081 668 3158 postmodum
686 3081 777 3142 intus
796 3083 831 3141 in
851 3081 966 3141 sancta
990 3083 1062 3157 ejus

270 3177 478 3240 confessione
493 3179 663 3255 ponentes
684 3179 751 3240 tam
767 3179 837 3256 ipse
859 3181 1063 3239 Francorum

268 3293 342 3348 rex,
357 3293 454 3354 quam
465 3279 538 3354 ejus
548 3275 690 3354 jndices,
705 3275 802 3338 beato
818 3276 928 3348 Patre,
943 3279 1063 3354 atejus

269 3375 397 3436 sicario
415 3374 625 3436 sanctissimo
648 3375 795 3436 Adriano
819 3377 929 3451 Papae,
949 3389 1064 3435 sacra-

268 3472 379 3534 mento
399 3488 472 3533 sese
499 3473 611 3534 omnia
635 3474 899 3544 conservaturos,
927 3489 999 3549 quae
1028 3473 1062 3534 in

268 3571 383 3632 eadem
395 3571 573 3632 donatione
586 3571 807 3644 continentur,
822 3571 1061 3648 promittentes,

267 3677 487 3740 tradiderunt.
524 3681 688 3755 lipparem
728 3679 832 3755 ipsius
874 3677 1063 3740 donationis

268 3776 420 3837 eumdem
448 3778 632 3839 Etltcriuot
660 3776 804 3837 adscribi
837 3775 963 3837 faciens
992 3776 1063 3853 ipse

269 3874 569 3936 christianissimus
589 3877 793 3936 Francorum
816 3890 877 3934 rex
895 3875 985 3935 intus
1006 3889 1064 3933 su-

268 3967 328 4048 p'er
353 3989 474 4049 corpus
495 3972 586 4033 beati
612 3971 702 4033 Petri
728 3971 843 4032 subtus
863 3969 1061 4046 Evangelia,

268 4085 342 4145 quae
357 4069 479 4130 ibidem
490 4070 691 4140 osculantur,
709 4085 768 4144 pro
784 4068 976 4128 firmissima
989 4084 1064 4128 cau·

267 4167 346 4237 tela,
368 4167 400 4227 et
414 4168 539 4227 aeterna
553 4167 696 4228 nominis
712 4166 773 4238 sui,
790 4182 828 4226 ac
845 4166 940 4241 regni
958 4167 1065 4226 Fran-

269 4279 385 4324 corum
397 4263 569 4334 memoria,
589 4263 734 4340 propriis
753 4263 821 4323 suis
837 4262 989 4323 manibus
1004 4280 1065 4340 po-

270 4361 347 4423 suit.
370 4361 509 4438 Aliaqne
529 4361 676 4438 ejusdem
699 4360 888 4421 donationis
912 4361 1063 4438 exempla

268 4475 328 4536 per
342 4459 501 4520 scrinium
517 4459 616 4536 hujus
627 4459 748 4519 nostrae
763 4459 892 4520 Sanctae
906 4462 1076 4520 Romanae

269 4557 427 4618 Ecclesiae
447 4557 625 4634 adscripta,
643 4559 714 4634 ejns
737 4556 934 4618 excellentia
952 4574 1063 4620 secum

269 4656 422 4734 portauit.
454 4656 517 4716 Sed
544 4655 707 4730 ingestis
738 4655 880 4716 Secundi
905 4657 1064 4734 Stephani

269 4757 369 4830 Papae
385 4752 552 4830 leguntur,
569 4753 769 4830 patrimonia
782 4769 855 4815 esse
870 4753 958 4816 beati
974 4756 1064 4816 Petri

269 4855 440 4924 Ravenna,
464 4852 670 4920 Ariminum,
698 4855 915 4924 Pensanrnm‚
942 4854 1063 4922 Conoa,

268 4953 408 5023 Fanum,
432 4953 579 5022 Caesena,
609 4950 816 5026 Xenogallia
848 4951 933 5019 Esis,
956 4951 1064 5012 forum

268 5049 398 5125 Populi,
412 5048 518 5110 forum
530 5049 627 5120 Livii,
641 5049 674 5109 et
689 5051 835 5110 castrum
852 5049 1063 5118 Subsnbium,

267 5147 363 5208 Mons
397 5146 535 5218 Feretri,
572 5146 773 5221 Acoreagm,
808 5149 903 5208 Mons
936 5148 1062 5219 buculi,

269 5247 381 5316 Serra,
406 5245 579 5306 castellnm
605 5244 717 5304 Sancti
740 5245 888 5314 Martini,
913 5245 1063 5316 Bobium,

268 5342 438 5415 Orbinum,
457 5342 569 5415 Gallis,
582 5342 738 5409 Luciolis,
753 5341 926 5418 Egubinm
940 5343 1066 5404 Gouria-

268 5441 358 5511 dum,
374 5443 407 5502 et
421 5441 540 5502 civitas
552 5441 690 5512 Narnia,
704 5439 736 5502 et
751 5441 924 5509 Fauentia.
944 5443 976 5503 et
991 5457 1067 5502 cas-

266 5539 355 5600 trum
382 5537 602 5611 Tiberiacum,
626 5541 659 5600 et
689 5539 867 5611 Gabalum,
900 5540 933 5601 et
957 5540 1065 5600 omnis

269 5635 408 5698 ducatus
424 5636 599 5698 Ferrarius.

1112 1417 1267 1478 Normias
1302 1418 1522 1494 appellantur,
1560 1434 1633 1495 quae
1660 1421 1748 1497 juris
1784 1421 1920 1498 publici

1112 1515 1218 1576 erant.
1241 1517 1348 1593 Hujus
1367 1515 1570 1592 temporibus
1594 1517 1800 1592 Theodorus,
1820 1518 1919 1579 filius

1113 1613 1245 1688 Megisti
1260 1613 1420 1686 (13130301,
1433 1613 1626 1676 daditbeato
1640 1615 1739 1676 Petro
1752 1617 1918 1693 Apostolo

1112 1710 1348 1786 patrimonium
1370 1728 1477 1784 suum,
1501 1712 1600 1774 sitnm
1617 1713 1731 1790 quinto
1751 1714 1919 1775 milliario

1113 1807 1155 1868 ab
1174 1807 1237 1869 bac
1259 1811 1408 1871 Romana
1430 1809 1523 1879 urbe,
1539 1812 1594 1874 uia
1611 1811 1796 1885 Tiburtina,
1824 1814 1917 1890 quod

1113 1905 1229 1966 domus
1254 1908 1343 1970 culta
1368 1909 1497 1971 Sanctae
1523 1909 1665 1971 Caeciliae
1693 1910 1826 1971 dicitur.
1858 1912 1917 1972 Sic

1114 2004 1287 2066 constituit
1310 2006 1411 2067 aliam
1433 2007 1566 2069 domum
1576 2008 1698 2070 cultam
1716 2011 1835 2086 quarto
1854 2009 1919 2070 de-

1114 2101 1199 2162 cimo
1220 2103 1377 2166 milliario
1399 2104 1440 2166 ab
1461 2105 1542 2166 urbe
1562 2107 1683 2178 Roma,
1709 2107 1916 2184 patrimonio

1114 2200 1259 2273 Tusciae,
1285 2201 1438 2279 obligans
1462 2203 1611 2264 eamdem
1637 2209 1796 2282 perpetuo
1836 2206 1916 2265 usui

1115 2298 1273 2359 Romanae
1290 2299 1458 2370 Ecclesiae,
1474 2301 1507 2363 et
1519 2301 1651 2363 domurn
1667 2301 1799 2374 cultam,
1818 2305 1914 2362 Lau-

1115 2394 1221 2456 retum
1231 2398 1265 2457 61
1276 2400 1421 2460 Massam
1434 2399 1693 2472 Fontismanam,
1706 2400 1916 2478 praedicitur

1116 2495 1293 2568 Paonuria,
1308 2498 1341 2558 et
1355 2513 1495 2569 massas,
1511 2515 1585 2576 quae
1602 2499 1764 2560 vocantur
1784 2500 1914 2560 Ancius

1115 2591 1149 2652 et
1163 2593 1324 2666 Formias,
1340 2594 1437 2656 beato
1450 2596 1548 2658 Petro
1561 2597 1748 2673 acquisivit.

1156 2689 1237 2750 Item
1263 2692 1430 2753 Adrianus
1457 2693 1628 2756 constituit
1657 2695 1771 2756 domos
1804 2697 1914 2760 cultas

1116 2789 1268 2864 quatuor,
1293 2805 1392 2851 unam
1419 2807 1492 2868 quae
1520 2792 1643 2855 dIcitur
1666 2795 1912 2871 capracorum,

1115 2887 1284 2948 territorio
1319 2888 1528 2964 Vigentann,
1562 2889 1719 2952 milliario
1756 2891 1798 2952 ab
1831 2893 1914 2953 urbe

1117 2988 1221 3048 Roma
1237 2986 1310 3062 plus
1325 2987 1377 3048 uel
1393 2987 1502 3048 minus
1518 2987 1783 3065 quintodecimo,
1797 2990 1834 3050 in
1850 3007 1913 3051 usn

1118 3085 1248 3144 centum
1264 3101 1446 3161 pauperum
1468 3085 1702 3148 Lateranensis
1717 3088 1854 3164 palatii;
1882 3091 1915 3150 et

1117 3181 1279 3260 galeriam
1299 3182 1334 3243 in
1350 3183 1404 3244 via
1419 3184 1566 3256 Aurelia,
1579 3184 1737 3246 milliario
1752 3185 1827 3262 plns
1844 3187 1916 3246 mi-

1118 3296 1180 3341 nus
1196 3279 1323 3341 decimo
1338 3279 1379 3341 ab
1395 3279 1475 3342 urbe
1494 3282 1535 3342 ad
1559 3283 1712 3344 Sanctam
1738 3283 1915 3358 Rufinam

1118 3377 1150 3439 et
1165 3377 1388 3439 Calvisianum
1403 3379 1438 3439 in
1458 3379 1512 3441 via
1534 3380 1726 3453 Ardeatina,
1752 3382 1912 3443 milliario

1118 3475 1159 3537 ab
1175 3474 1256 3538 urbe
1271 3476 1345 3553 plus
1358 3477 1468 3538 minus
1482 3477 1751 3554 quintodecimo·
1766 3481 1799 3541 et
1811 3479 1912 3540 aliam

1118 3573 1289 3650 galeriam,
1307 3589 1381 3635 cum
1397 3573 1547 3635 omnibus
1561 3575 1610 3636 eis
1624 3575 1865 3652 pertinentibus
1878 3576 1912 3637 in

1118 3688 1214 3732 usum
1231 3672 1359 3733 Sanctae
1380 3667 1537 3734 Romanae
1554 3673 1721 3734 Ecclesiae.
1746 3674 1839 3736 Idem
1855 3690 1912 3735 ac-

1118 3771 1255 3847 quisivit
1266 3770 1363 3832 beato
1381 3771 1479 3832 Petro
1493 3787 1638 3832 massam
1659 3773 1852 3833 Aratianam
1866 3775 1912 3833 si-

1117 3869 1185 3929 tam
1205 3868 1246 3930 ab
1262 3867 1342 3930 urbe
1356 3867 1515 3929 milliario
1534 3869 1769 3930 sextodecimo
1784 3871 1911 3931 313110-

1118 3965 1261 4037 deatina,
1287 3967 1323 4027 in
1347 3982 1411 4043 qua
1430 3966 1571 4028 ecclesia
1595 3966 1684 4028 beati
1709 3967 1814 4028 Edisti
1838 3985 1910 4030 esse

1118 4063 1336 4140 dignoscitur,
1357 4063 1500 4141 qualiter
1512 4065 1612 4126 etiam
1625 4066 1658 4126 61
1672 4081 1816 4126 massam
1825 4069 1912 4127 Acu-

1118 4162 1254 4233 tianam,
1278 4177 1351 4238 qnae
1372 4163 1470 4248 Juxta
1492 4163 1641 4224 eamdem
1663 4179 1738 4224 esse
1761 4163 1909 4238 videtum

1119 4275 1180 4322 nec
1194 4276 1260 4320 non
1275 4260 1376 4320 eliam
1395 4275 1550 4333 massam,
1565 4261 1600 4322 in
1621 4277 1684 4338 qua
1704 4261 1755 4322 est
1772 4261 1910 4323 ecclesia

1120 4357 1226 4418 sancti
1244 4357 1480 4434 Leuci,'posita
1492 4359 1546 4419 via
1560 4359 1741 4431 Flaminea,
1756 4359 1910 4420 milliario

1119 4454 1160 4515 ab
1175 4455 1255 4516 urba
1266 4458 1369 4516 Roma
1383 4456 1458 4532 plus
1471 4457 1580 4517 minus
1599 4457 1725 4534 quinto.
1743 4459 1782 4519 Et
1796 4473 1912 4534 quam·

1118 4553 1169 4613 vls
1185 4569 1285 4630 snpra
1305 4553 1523 4615 monstratum
1543 4554 1596 4626 sit,
1619 4555 1652 4616 et
1673 4555 1781 4617 adhuc
1800 4556 1834 4615 in
1855 4573 1909 4616 36-

1119 4650 1294 4726 quentibus
1315 4650 1569 4724 demonstretur,
1595 4652 1756 4728 quosdam
1775 4651 1910 4714 ducatus

1119 4751 1151 4810 et
1177 4748 1344 4810 marchias
1372 4765 1416 4810 ex
1446 4749 1577 4825 integro
1601 4750 1801 4826 patrimonio
1825 4751 1910 4813 beati

1120 4847 1210 4909 Petri
1225 4863 1308 4917 6336,
1326 4847 1433 4925 placet
1447 4849 1559 4908 tamen
1572 4848 1746 4909 ostendere
1764 4849 1910 4925 quaedam

1119 4946 1192 5006 loca
1210 4945 1297 5006 intra
1312 4945 1469 5022 praefatos
1484 4945 1623 5006 ducatus
1640 4947 1673 5006 61
1694 4946 1861 5007 marchias
1881 4951 1910 5008 et

1120 5043 1336 5120 principatus,
1360 5043 1426 5104 imo
1458 5043 1557 5105 etiam
1579 5044 1614 5103 in
1638 5043 1779 5104 diversis
1802 5045 1910 5121 reguis

1121 5141 1195 5212 3113,
1214 5141 1317 5202 ueluti
1336 5139 1425 5201 beati
1440 5141 1531 5201 Petri
1547 5141 1757 5217 patrimonia,
1774 5141 1910 5202 diversis

1119 5238 1323 5316 temporibus
1339 5254 1358 5298 a
1374 5238 1518 5299 dirersis·
1526 5239 1741 5300 Pontificibus
1758 5241 1910 5300 Romanis

1120 5337 1239 5398 locata.
1259 5337 1365 5412 Igitur
1379 5337 1558 5398 casinense
1573 5338 1812 5398 monasterium
1828 5338 1911 5400 beati

1121 5435 1225 5512 patris
1237 5434 1418 5505 Benedicti,
1432 5435 1556 5495 nullius
1570 5435 1687 5496 ditioni
1698 5434 1750 5497 vel
1759 5435 1829 5512 juri
1843 5437 1912 5496 sub-

1121 5533 1237 5605 ditum,
1252 5532 1352 5594 babet
1366 5531 1541 5594 tuitionem
1557 5533 1598 5594 ab
1612 5533 1802 5610 Apostolica
1819 5535 1909 5605 Sede,

1121 5649 1140 5693 a
1156 5633 1249 5708 cnjus
1266 5630 1425 5694 Pontillce
1442 5631 1602 5694 Zacharia
1623 5648 1683 5710 per
1698 5633 1910 5694 petronacem
