4090 6426
558 499 790 619 onina-a
842 503 1304 594 conrinlmonis

386 791 1474 1035 DECRETALIUM

609 1247 848 1374 LIBER
899 1245 1255 1397 QUINTUS

768 1545 1090 1564 anu—n*

373 1949 585 2038 TITULUS
621 1951 641 2037 I

370 2143 413 2190 uu
435 2144 582 2192 sruoam.
598 2127 645 2208 (1)

111 2299 289 2359 t'aiacrsis
313 2298 498 2370 abbatibus,
520 2298 553 2359 et
578 2300 747 2372 frutribus
771 2298 903 2359 Cister-

366 2398 491 2458 ctcusis
506 2399 649 2456 ordinis.

418 2625 555 2684 CAPUT
576 2625 602 2684 Ι.

146 2775 197 2834 Ne
235 2774 295 2835 Dei
328 2773 515 2846 ecclesiam,
543 2789 641 2850 quam
663 2773 745 2836 lavit
768 2774 902 2851 proprio

106 2871 273 2945 sanguine
298 2870 560 2932 JesusChristus
584 2870 714 2931 macula
745 2871 902 2934 foeditatis

105 2968 309 3044 coinquinet,
326 2967 619 3044 rugaduplicitatis
633 2967 792 3031 deformet
806 2991 813 3044 ;
838 2985 901 3030 cu-

105 3065 254 3141 piditatis
270 3065 428 3141 spurcitia
442 3065 588 3125 omnium
612 3065 773 3127 malorum
791 3066 899 3138 radix,

106 3163 140 3223 et
157 3162 347 3224 venalitatis
376 3161 579 3233 deformitas,
605 3163 701 3239 quasi
729 3179 812 3239 ruga
841 3163 900 3224 suh

105 3260 356 3321 consuetudinis
384 3260 547 3337 praetextu
582 3261 763 3330 contracta,
791 3261 902 3322 elimi-

105 3357 225 3418 nandae
239 3357 314 3418 sunt
324 3358 455 3434 penitus
468 3356 510 3418 ab
527 3358 653 3430 eadem,
673 3359 708 3420 ut
723 3359 900 3436 dispensa-

105 3454 151 3516 tio
168 3455 399 3530 mysteriorum
410 3455 480 3524 Dei,
495 3457 527 3516 et
539 3455 611 3532 ipsa
624 3457 781 3532 mysteria
796 3457 900 3531 gratis

105 3552 252 3628 accepta,
267 3552 423 3612 Giezitica
439 3552 603 3628 pravitate
614 3569 749 3628 prorsus
764 3552 898 3622 abolita,

105 3649 267 3710 charitate
294 3649 439 3723 gratuita
466 3647 691 3720 conferantur,
717 3665 790 3725 quae
813 3667 900 3711 ven·

104 3746 195 3815 dere,
213 3761 272 3804 seu
285 3759 394 3805 emere
413 3760 511 3820 quarn
538 3744 743 3816 detestabile,
760 3763 900 3822 quamve

104 3841 328 3919 periculosum
364 3841 485 3902 existat
508 3842 633 3918 liquido
657 3844 816 3919 perpendi
840 3861 901 3922 po·

104 3940 180 4011 test,
208 3955 251 4000 ex
276 3953 326 4010 eo,
351 3937 435 4016 quod
472 3940 629 4000 Dominus
660 3940 839 4003 vendentes
868 3944 901 4004 et

105 4037 253 4098 ementes
276 4051 355 4097 oves
377 4037 409 4097 et
426 4035 528 4097 hoves
545 4037 644 4114 ejecit
664 4037 704 4099 de
719 4039 852 4116 templo,
868 4042 900 4102 et

104 4142 281 4204 cathedras
315 4143 528 4205 vendentium
553 4143 722 4204 columbas
757 4147 896 4209 evertit:

104 4242 140 4301 in
157 4239 318 4319 ejectione
333 4239 476 4316 denique
500 4241 713 4302 vendentium
735 4244 767 4304 et
785 4258 900 4304 emen-

105 4339 189 4399 tium
207 4336 365 4398 lacinoris
381 4337 587 4413 inquinantis
607 4339 821 4416 utrorumque
833 4357 897 4401 ex-

105 4433 259 4511 primitur
270 4433 459 4508 detestatio;
470 4435 502 4496 et
517 4435 552 4496 in
562 4436 793 4498 cathedrarum
808 4454 899 4499 ever·

106 4533 199 4592 sione
225 4531 428 4592 monstratur
448 4531 502 4591 cui
517 4548 622 4608 poenae
638 4533 841 4612 subjaceant,
862 4536 898 4597 hi

140 4753 182 4824 (l)
198 4755 235 4811 Ce
248 4755 311 4812 titre
328 4764 371 4813 est
383 4755 408 4812 le
424 4757 454 4814 20
469 4757 504 4814 de
527 4759 552 4815 la
569 4761 735 4832 Compitalia
746 4764 853 4834 primu,
870 4771 898 4821 et

105 4821 130 4879 le
144 4825 174 4881 3⁰
188 4824 239 4882 des
253 4826 361 4884 De'crit.
383 4829 593 4898 Gripartanaea.

103 4931 338 5074 voggggezalestffl'
362 4932 463 4992 eheral
484 4934 616 4994 d’allures
637 4937 754 5009 douces,
771 4956 841 5013 pour
855 4943 897 5000 les

138 5107 179 5179 (a)
201 5109 290 5180 llujrrs
313 5112 414 5184 capitis
436 5128 501 5185 pars
526 5113 656 5186 quadam
680 5114 800 5175 retertur
821 5120 895 5192 opud

103 5179 221 5260 Gregor.
237 5181 320 5238 Vetat
333 5184 474 5240 Honorius
489 5199 540 5256 pro
558 5185 748 5244 installatione
762 5189 895 5248 ahbatum

103 5251 332 5308 cisterciensium
355 5253 532 5325 palefridum,
547 5258 591 5312 vel
613 5257 680 5329 quid
700 5259 775 5315 aliud
803 5263 891 5334 exigi.

104 5319 180 5374 ldom
197 5319 232 5376 de
246 5323 564 5404 praemonstratensibus
582 5328 763 5386 Innocentius
779 5333 829 5399 lll,
848 5348 864 5388 e
887 5377 893 5389 .

104 5391 153 5446 las
168 5399 197 5446 et
224 5391 286 5461 328,
304 5392 351 5449 hh.
376 5397 396 5451 l.
418 5395 489 5462 Quid
517 5398 552 5452 sit
575 5398 749 5466 Palairedus,
766 5409 794 5458 et
819 5349 895 5459 unde

102 5459 265 5530 descendat,
283 5477 338 5519 nori
364 5479 467 5521 moror.
485 5467 509 5522 A
529 5469 713 5526 Paraveredis
728 5471 830 5528 deduci
844 5473 893 5530 do-

962 1813 1017 1891 qui
1032 1813 1190 1890 praesunt,
1206 1812 1384 1876 vendentes
1406 1814 1465 1876 Dei
1486 1813 1573 1874 dona
1588 1814 1621 1874 et
1635 1812 1753 1873 Eccle-

961 1911 1020 1971 siae
1036 1911 1254 1973 sacramenta.
1277 1915 1319 1974 Ut
1339 1912 1441 1988 igitur
1462 1910 1650 1988 hujusmodi
1665 1909 1753 1970 iaci-

960 2025 1023 2068 nus
1047 2025 1129 2086 quos
1151 2009 1353 2086 coinquinat,
1371 2011 1403 2071 et
1425 2010 1534 2087 aequat
1548 2007 1703 2085 praelatos
1720 2007 1754 2067 et

960 2105 1107 2168 subditos
1128 2123 1195 2168 non
1211 2108 1322 2183 possit
1342 2107 1477 2168 iniicere
1493 2121 1623 2185 quoquo
1642 2103 1750 2175 modo,

959 2203 1155 2265 auctoritate
1165 2204 1352 2280 apostoliea
1363 2204 1543 2265 districtius
1551 2201 1750 2272 iuhibemus,

959 2316 1000 2360 ne
1026 2300 1100 2376 quis
1115 2301 1395 2378 archiepiscopus,
1419 2301 1472 2362 vel
1492 2301 1677 2377 episcopus
1696 2313 1753 2359 ar-

958 2397 1157 2470 chidiaconi,
1188 2399 1240 2460 vel
1269 2398 1430 2460 officiales
1453 2400 1602 2475 ipsorum
1627 2413 1647 2458 a
1669 2411 1753 2473 quo-

958 2511 1057 2572 quam
1082 2496 1118 2556 in
1133 2494 1284 2557 abbatem
1306 2497 1410 2558 electo
1425 2512 1485 2573 pro
1508 2494 1749 2565 benedictione,

958 2609 1017 2653 seu
1045 2593 1281 2666 installatione,
1311 2595 1364 2655 vel
1396 2592 1586 2671 recipienda
1622 2591 1752 2669 proies-

958 2691 1063 2758 sione,
1079 2690 1120 2751 ab
1136 2707 1185 2762 eo,
1201 2689 1751 2767 subconsuetudinispraetextucu-

954 2787 1751 2868 Jusquam,palefridum(2),seualiudquidquam

957 2900 1163 2962 quocumque
1178 2886 1311 2946 nornine
1333 2887 1525 2958 censeatur,
1535 2887 1680 2961 exigere,
1697 2885 1751 2946 vel

957 2983 1155 3059 extorquere
1178 2984 1374 3060 praesumat3
1399 2985 1558 3060 vobisque
1580 2983 1641 3044 sub
1662 2999 1751 3060 prae-

955 3079 1049 3141 textu
1063 3079 1253 3158 hujusmodi
1275 3082 1393 3143 exacta
1411 3082 1523 3143 taliter
1546 3096 1588 3142 ne
1611 3081 1751 3157 praeste-

955 3178 998 3238 tis
1013 3177 1254 3251 interdicimus,
1280 3197 1381 3256 quum
1397 3197 1462 3241 non
1487 3179 1594 3240 solum
1609 3194 1628 3239 a
1648 3179 1747 3250 malo,

955 3274 1012 3336 sed
1028 3291 1048 3336 a
1062 3276 1141 3337 mali
1157 3276 1201 3338 sit
1213 3277 1323 3354 specie
1335 3277 1577 3340 abstinendum.
1590 3275 1748 3337 installa-

955 3373 1056 3434 tionis
1069 3390 1199 3451 quoque
1210 3374 1435 3436 solemnitates
1449 3376 1521 3436 lieri
1537 3373 1749 3452 prohibentes

955 3470 1142 3546 adJicimus,
1160 3473 1195 3532 ut
1223 3471 1477 3550 archiepiscopi,
1499 3472 1531 3533 et
1546 3472 1693 3549 episcopi
1708 3487 1748 3531 ea

955 3566 1022 3628 sint
1047 3565 1152 3626 torma
1178 3567 1394 3643 professionis
1409 3569 1566 3639 contenti,
1595 3584 1668 3644 quae
1706 3567 1748 3628 ab

955 3663 1084 3738 origine
1114 3665 1216 3724 vestri
1247 3665 1373 3726 ordinis
1406 3665 1554 3727 noscitur
1577 3664 1759 3736 instituta,¹

954 3763 1050 3838 cujus
1065 3761 1212 3822 tenorem
1227 3761 1267 3821 ad
1279 3765 1438 3838 majorem
1456 3762 1655 3824 evidentiam
1670 3762 1748 3824 huic

954 3858 1076 3919 nostrae
1089 3858 1219 3934 paginae
1245 3859 1399 3920 duximus
1426 3860 1639 3921 inserendum
1656 3864 1748 3937 :Epo

953 3956 1068 4030 frater
1081 3959 1193 4028 abbae,
1206 3958 1444 4018 Cistercieusis
1458 3961 1602 4026 ordinis,
1611 3961 1749 4044 'sarajas-

955 4053 1093 4124 tionem,
1116 4055 1362 4126 reverentiam,
1401 4057 1434 4118 et
1477 4057 1704 4118 obedientiam
1726 4071 1749 4116 a

953 4152 1089 4212 Sanctis
1119 4152 1277 4224 putaras
1299 4154 1533 4224 constitutam,
1561 4157 1748 4215 sectandam

953 4253 1110 4323 reputem
1129 4249 1248 4309 Saracti
1274 4251 1462 4322 Benedicti,
1500 4251 1573 4324 tibi,
1600 4254 1747 4312 Domine

953 4347 1129 4418 Episcopo,
1158 4345 1292 4418 tuisque
1310 4351 1562 4409 successoribus
1586 4351 1748 4410 sarranice

952 4441 1207 4512 substituendis,
1224 4443 1257 4502 et
1268 4445 1399 4504 sauctae
1413 4448 1605 4515 Sedtsatam
1621 4448 1747 4508 Ordine

952 4539 1746 4622 meoparpctuoaaacontribituramprolatittota)

953 4771 1079 4828 minores
1093 4777 1121 4828 el
1137 4773 1294 4830 velociores
1300 4788 1308 4842 ;
1346 4773 1536 4830 araveredarli
1546 4787 1613 4829 vero
1623 4771 1746 4843 majores

951 4847 980 4896 et
995 4844 1156 4914 agminales
1170 4845 1218 4915 qui
1236 4859 1311 4926 quan
1333 4859 1350 4899 o
1366 4850 1579 4900 assumerentur
1599 4841 1634 4899 ad
1659 4855 1742 4897 evec-

952 4911 1053 4982 tiones,
1070 4913 1209 4970 veredarii
1221 4914 1396 4982 dicebantur,
1412 4916 1543 4982 παρίπποι,
1562 4916 1589 4970 in
1608 4915 1627 4970 l.
1648 4913 1697 4968 ult.
1712 4911 1744 4968 d.

951 4982 1061 5053 eod.;l.
1086 4984 1130 5053 50,
1152 4987 1180 5042 C.
1204 4983 1326 5042 Thedos.
1355 4983 1518 5056 eod.‚apud
1542 4982 1745 5057 Symmachum

951 5054 1034 5124 epist.
1049 5053 1092 5122 lb,
1105 5053 1151 5112 lih.
1176 5056 1236 5123 Vll,
1263 5054 1338 5127 quod
1352 5055 1450 5127 prohat
1465 5055 1595 5127 Cujacins
1614 5069 1649 5110 ex
1661 5053 1743 5124 epist.

950 5124 1063 5180 Jttlt'ttlll'
1073 5127 1151 5182 Aetio
1161 5127 1296 5196 episcopo,
1308 5129 1417 5192 χρήσηόὲ
1432 5123 1540 5192 ὀχήματι
1549 5127 1660 5192 δημοσίῳ
1672 5125 1747 5188 μέχρι

950 5201 994 5244 τοῦ
1003 5198 1157 5259 σρατοπὲδου
1169 5215 1212 5246 του
1223 5199 1293 5260 ipos,
1304 5199 1347 5247 καὶ
1359 5199 1534 5263 &stanpensem
1550 5197 1577 5253 id
1593 5205 1637 5254 est
1654 5211 1661 5252 :
1680 5197 1744 5252 Ute-

951 5265 993 5321 ris
1003 5271 1094 5322 aulam
1107 5268 1231 5323 orbiculo
1243 5268 1353 5337 publico
1364 5283 1450 5338 aequa
1463 5267 1501 5323 ad
1511 5275 1638 5325 dostram
1647 5267 1745 5324 codor·-

949 5339 1013 5404 tem‚
1025 5341 1050 5392 at
1062 5353 1116 5392 aaa
1129 5339 1267 5408 parippo;
1282 5345 1311 5394 et
1322 5347 1353 5395 nt
1363 5339 1492 5394 onrittam
1513 5339 1603 5414 locos
1619 5341 1746 5396 innume

950 5421 996 5462 ros
1007 5409 1126 5478 Capitol.
1144 5417 1171 5464 et
1184 5409 1279 5481 legum
1292 5409 1482 5480 antiquarum,
1497 5407 1744 5476 accessimus-id,

949 5478 1072 5546 auriam,
1090 5487 1198 5535 certam
1213 5487 1256 5535 est
1271 5493 1367 5537 verani
1384 5495 1448 5536 esse
1462 5481 1673 5538 distinctionem
1690 5480 1743 5538 Cu·

102 5533 160 5587 ellit
175 5531 355 5616 (lujuacius'ad
380 5535 504 5618 tittcod.
519 5538 787 5622 deciarapabtico.
807 5546 895 5601 Erant
946 5547 1023 5618 jacti.
1040 5563 1106 5605 narn
1123 5557 1151 5607 el
1167 5549 1251 5606 hodie
1265 5552 1387 5624 nrajores
1400 5566 1489 5624 equos
1502 5567 1648 5622 recutitus,
1659 5553 1746 5624 vidgo

103 5601 250 5672 veredarii,
267 5619 313 5676 qur
335 5621 429 5663 cursui
453 5607 564 5679 palliaco
589 5609 803 5686 destnrahentur
829 5617 893 5688 equi
946 5619 1094 5690 poletrum.
