4108 6418
290 275 351 335 aas
674 315 679 326 .
910 275 1085 338 uouonn
1102 275 1148 338 ιιι
1163 279 1312 343 orani.
1876 269 1943 328 20¹

292 439 576 514 committendam
605 437 693 500 idem
708 435 975 514 archipresbyter
988 434 1085 498 libel·
1138 441 1277 516 quaestio
1304 439 1502 509 verteretur,
1532 436 1565 499 ie
1591 433 1731 496 firmiter
1765 433 1944 494 asserente

292 538 361 600 lum
374 537 523 600 ecclesiae
540 552 609 598 suaa
625 534 758 598 nomine
780 533 898 598 obtulit
912 535 1086 598 contineti—
1140 537 1225 616 quod
1238 539 1279 600 ab
1290 538 1403 600 eodem
1414 534 1664 613 archiepiscopo
1675 528 1945 610 sineprofessio-

292 635 370 707 tam,
387 633 473 712 quod
489 633 603 712 pensio
618 647 677 710 pro
702 631 799 694 dictis
820 631 1085 710 possessionibus
1140 635 1193 696 nis
1216 635 1389 698 exactione
1404 637 1443 714 (c)
1459 630 1610 694 benedici
1624 628 1756 701 debeas,
1773 627 1859 690 sicut
1877 641 1945 704 per

293 731 402 794 soluta
415 747 482 794 non
495 730 605 792 fuerat
626 729 691 807 ipsi
703 729 864 802 ecclesiae,
881 729 1003 808 elapsis
1015 733 1085 808 jam
1141 733 1337 795 sententiam
1349 731 1444 795 bonae
1459 728 1628 792 memoriae
1639 725 1821 790 Alexandri
1836 727 1944 802 Papae

293 829 399 890 tribus
415 829 522 902 annis,
538 827 570 890 et
591 825 678 889 ultra
695 847 703 887 :
729 825 894 888 nobilibus
908 842 988 890 vero
1002 827 1086 906 ipsis
1140 828 1248 892 fuerat
1258 829 1443 904 definitum3
1456 825 1654 906 etpraedicto
1666 823 1946 900 magistroecon-

284 924 490 1003 .petentibus,
528 925 565 986 ut
604 924 787 1002 explicaret
813 925 897 1002 ipsis
928 925 1085 1004 spatium,
1140 927 1244 989 traria
1268 927 1464 998 affirmante,
1485 923 1573 1004 quod
1595 923 1668 1002 ipsa
1692 920 1856 984 sententia
1879 934 1945 996 per

294 1023 379 1100 quod
394 1039 454 1100 per
474 1023 561 1084 hanc
575 1021 803 1100 adjectionem,
820 1023 853 1086 et
865 1023 963 1096 ultra,
978 1023 1086 1099 signi·
1140 1023 1292 1086 eumdem
1312 1023 1422 1086 fuerat
1434 1020 1602 1091 revocata,
1619 1018 1706 1081 sicut
1719 1015 1944 1095 quarumdam

294 1119 388 1182 ficari
401 1119 543 1192 volebat,
569 1120 602 1182 et
628 1121 700 1196 ipso
724 1119 1011 1198 archipresbytero
1026 1137 1088 1183 ex·
1141 1121 1326 1184 litterarum
1340 1118 1591 1199 praescriptione
1601 1113 1648 1196 (1)
1662 1114 1836 1178 ostendere
1851 1113 1947 1174 nite-

293 1218 467 1294 primente,
480 1217 566 1294 quod
577 1219 702 1294 septem
717 1218 814 1279 annis
824 1217 934 1280 fuerat
944 1219 980 1280 in
991 1218 1087 1282 dictae
1140 1220 1259 1284 batur:
1276 1219 1363 1282 idem
1380 1216 1605 1297 praedecessor
1620 1214 1733 1275 noster
1746 1213 1793 1274 ita
1806 1212 1945 1288 utrique

294 1315 464 1392 pensionis
484 1314 648 1376 solutione
665 1315 840 1388 comatum,
864 1317 897 1378 ei
910 1316 1011 1378 iidem
1026 1333 1088 1378 no-
1141 1317 1229 1397 parti
1251 1317 1405 1394 prouidit,
1425 1313 1591 1386 videlicet,
1612 1311 1699 1390 quod
1730 1309 1792 1372 tibi
1817 1325 1945 1370 munus

293 1409 376 1474 biles
392 1411 538 1475 dicentes
553 1412 702 1474 libellum
724 1413 874 1476 ecclesiae
898 1413 1087 1492 hujusmodi
1142 1414 1380 1478 benedictionis
1392 1411 1598 1490 impenderet
1613 1406 1831 1486 absquejuris
1845 1423 1942 1485 prae-

294 1509 510 1587 expressione
524 1511 696 1583 mutatum,
717 1510 884 1588 longiores
906 1499 947 1572 ad
962 1511 1089 1574 dehbe-
1138 1512 1265 1591 judicio
1286 1509 1528 1589 archiepiscopi
1553 1505 1738 1578 memorati,
1761 1505 1944 1581 assignans

293 1605 435 1668 randum
456 1606 608 1668 inducias
627 1608 804 1685 petierunt,
825 1624 908 1685 quas
928 1609 1006 1686 quia
1029 1609 1089 1670 de-
1143 1610 1274 1687 utrique
1288 1608 1464 1671 terminum
1479 1607 1515 1667 in
1530 1604 1671 1668 concilio
1694 1603 1774 1666 tunc
1788 1602 1945 1680 proxime

295 1704 423 1778 negasti
446 1703 570 1764 eisdem
591 1704 738 1766 nostram
753 1705 955 1767 audientiam
975 1707 1090 1784 appel·
1143 1706 1265 1779 futuro,
1279 1705 1314 1767 in
1335 1721 1400 1784 quo
1422 1704 1451 1767 si
1471 1703 1583 1781 posset
1606 1700 1807 1762 sufficienter
1822 1699 1943 1762 osten-

295 1799 416 1864 larnnt
445 1801 514 1862 Nos
529 1815 608 1876 ergo
623 1802 877 1879 appellationem
900 1803 1089 1882 hujusmodi
1144 1803 1327 1882 dere,qu0d
1339 1801 1578 1880 professionem
1589 1798 1652 1862 sibi
1663 1798 1774 1860 facere
1788 1795 1941 1867 deberes,

295 1896 450 1958 frivolam
461 1900 652 1976 reputantes
667 1898 689 1959 f.
706 1900 729 1962 t.
746 1900 953 1974 mandamus,
968 1902 1088 1980 quate·
1144 1916 1217 1964 eam
1237 1916 1256 1964 a
1274 1902 1306 1963 te
1321 1899 1385 1962 sibi
1404 1897 1529 1962 faceret
1548 1896 1711 1968 exhiberi,
1729 1894 1878 1972 alioquin
1899 1892 1944 1955 ab

295 2010 359 2056 nus
374 2010 413 2056 ea
426 2010 634 2072 nequaquam
645 1995 795 2058 obstante
807 1998 841 2059 in
857 2000 989 2074 negotio
1003 1999 1087 2076 ipso,
1144 1998 1348 2077 impetitione
1360 1997 1394 2059 te
1419 1995 1605 2058 absolveret
1615 1994 1734 2071 ipsius.
1751 1995 1859 2065 Quum
1880 2007 1946 2052 au-

296 2092 421 2169 praevia
442 2092 573 2154 ratione
607 2093 778 2171 procedas,
813 2097 912 2174 juxta
941 2097 1090 2178 priorum
1144 2097 1209 2158 tem
1224 2094 1353 2172 praefati
1368 2095 1599 2173 procuratores
1623 2091 1673 2154 tui
1687 2090 1946 2153 reconvenirent

296 2189 533 2254 continentiam
548 2190 745 2255 litterarum.
1145 2192 1434 2270 archiepiscopum
1448 2191 1676 2262 memoratum,
1689 2201 1789 2266 super
1798 2202 1838 2250 eo
1847 2187 1947 2249 ride-

1145 2291 1233 2363 licet,
1245 2290 1332 2368 quod
1347 2289 1505 2352 officiales
1519 2288 1624 2366 ipsius
1638 2287 1682 2358 te,
1694 2301 1734 2348 ac
1743 2285 1945 2349 conventum

295 2391 415 2452 Abbati
428 2387 477 2469 (a)
492 2393 526 2453 s.
542 2393 738 2468 Aapastiiti,
755 2393 1028 2457 Caiitiiarieasts.
1048 2389 1090 2470 (b)
1144 2389 1237 2452 tuum
1252 2387 1448 2466 impediunt,
1465 2385 1641 2464 quominus
1656 2382 1789 2461 possitis
1802 2397 1947 2458 congre-

1145 2501 1226 2563 gare
1240 2484 1412 2563 synodum,
1429 2482 1480 2564 (a)
1505 2481 1674 2545 celebrare
1697 2481 1890 2559 capitulum,
1909 2482 1946 2542 et

596 2543 731 2606 CAPUT
752 2545 793 2605 Π·
1140 2582 1408 2660 jurisdictionem
1432 2581 1609 2659 specialem
1635 2579 1670 2641 in
1702 2577 1842 2640 subditis
1865 2593 1947 2638 mo-

337 2677 443 2748 Quum
457 2675 536 2736 olim
549 2676 637 2738 inter
647 2677 680 2738 te
694 2676 772 2739 tunc
785 2677 1090 2752 electum,etdilec-
1146 2681 1301 2744 casteriis
1318 2694 1490 2755 exercere;
1510 2677 1708 2752 beneficium
1725 2675 1946 2738 nihilominus

297 2773 366 2833 tum
381 2773 497 2845 fllium,
514 2774 546 2835 et
568 2773 763 2850 magistrum
783 2778 822 2838 R.
839 2777 990 2838 nuntium
1000 2766 1089 2845 'ren
1145 2779 1311 2855 integrum
1325 2776 1547 2840 restitutionis
1562 2773 1776 2854 postulantes,
1789 2789 1890 2851 super
1903 2789 1946 2834 eo

297 2867 319 2930 f.
334 2885 366 2928 n.
381 2871 629 2934 cantuariensis
644 2871 895 2949 archiepiscopi,
908 2888 1019 2935 coram
1034 2874 1089 2936 fel.
1145 2876 1231 2954 quod
1247 2876 1418 2954 cujusdam
1433 2875 1596 2952 praetextu
1608 2873 1794 2950 personalis
1809 2886 1947 2948 compo-

297 2980 393 3025 mem.
411 2966 601 3027 Innocentio
618 2969 708 3044 Papa
720 2966 965 3045 predecessore
978 2971 1091 3033 nostro
1146 2973 1276 3035 sitianis
1299 2973 1386 3035 inter
1404 2975 1440 3034 B.
1456 2973 1489 3037 et
1503 2973 1546 3035 H.
1560 2970 1592 3031 et
1606 2973 1645 3036 it.
1661 2971 1736 3031 tuos
1753 2969 1945 3047 praedeces-

334 3129 376 3204 (a)
387 3132 445 3213 lloc
454 3137 539 3202 caput
551 3131 581 3188 iii
591 3147 648 3188 aaa
658 3133 746 3190 iriam
757 3133 882 3214 codicum
890 3137 1092 3208 manuscripta·
1146 3144 1209 3208 tem,
1227 3137 1328 3210 inquit,
1342 3152 1360 3194 a
1375 3136 1437 3194 sais
1448 3134 1729 3216 fratribus-eiectam,
1741 3149 1798 3192 acii
1812 3136 1850 3192 ad
1860 3152 1947 3218 suum

298 3216 425 3272 rumpia
458 3217 519 3258 enei
533 3217 577 3259 nte
589 3206 656 3260 sint
668 3203 843 3274 adscriptam
857 3209 907 3276 est,
924 3210 950 3262 et
968 3207 1043 3264 abest
1057 3209 1092 3265 ab
1146 3209 1320 3280 famulatam
1343 3207 1453 3263 ordinet
1476 3206 1712 3276 archepiscopus,
1732 3219 1782 3262 aec
1804 3221 1870 3263 vere
1891 3208 1947 3263 sibi

298 3272 365 3328 aliis
376 3217 495 3354 caefae.
669 3343 674 3354 Ι
701 3343 706 3354 Ι
1146 3279 1307 3350 saepedum,
1324 3277 1371 3335 sed
1391 3281 1522 3358 fratrem
1535 3281 1560 3334 et
1574 3276 1801 3358 consertaruscd
1810 3277 1946 3348 cattepam

333 3340 373 3416 (b)
393 3341 495 3399 Abbati
509 3343 536 3400 S.
552 3343 715 3414 Aapitstiai.
736 3343 861 3402 Vocatur
879 3344 935 3403 hac
949 3357 1091 3406 monaste-
1146 3354 1264 3420 repetet.
1278 3351 1313 3406 Et
1327 3347 1382 3405 hoc
1393 3347 1573 3421 privilegium
1586 3345 1767 3404 confirmavit
1779 3347 1945 3404 Alexander

298 3411 370 3470 rium
385 3413 412 3470 S.
433 3413 596 3486 Augustini,
614 3427 671 3472 non
695 3412 771 3486 quod
794 3413 877 3472 fuerit
894 3417 955 3489 ejus
973 3419 1091 3490 ordinis,
1147 3423 1173 3478 ll
1186 3419 1280 3477 abbati
1299 3419 1532 3493 Egelsino,anno
1554 3417 1633 3474 lecu.
1647 3417 1740 3474 Locus
1761 3424 1805 3473 est
1821 3419 1948 3490 insignis

297 3483 594 3556 sedquodinstitutum
607 3483 1001 3558 fueritabAugustino,inAn
1024 3490 1090 3547 liam
1148 3490 1222 3564 apud
1235 3489 1400 3549 Matthaeum
1420 3489 1509 3558 Paris,
1522 3489 1550 3544 in
1571 3487 1694 3545 ilenrico
1710 3489 1757 3545 fl:
1783 3507 1794 3538 ι
1816 3488 1944 3546 clarem·

298 3555 414 3612 miesoa
431 3556 459 3612 S.
472 3557 620 3638 Gregorio,
637 3556 666 3612 in
680 3556 785 3628 palatio
800 3558 890 3630 regio,
906 3559 982 3630 quod
1019 3560 1090 3618 ihel-
1147 3561 1248 3618 baldus
1267 3561 1358 3618 sancti
1375 3560 1527 3633 Augustini
1545 3558 1662 3640 electus,
1675 3557 1903 3640 benedictionem
1927 3576 1944 3618 a

296 3625 394 3682 bertus
408 3640 458 3683 rex
473 3625 509 3682 ab
523 3625 695 3699 baptismum
715 3635 744 3684 et
761 3625 846 3684 fidem
861 3627 896 3684 ab
915 3629 1016 3688 eadem
1032 3635 1089 3690 Au·
1147 3631 1256 3690 Thema
1269 3631 1465 3691 cantuariensi
1481 3628 1695 3702 archiepiscopo
1710 3643 1839 3700 accipere
1860 3645 1943 3702 qum·

296 3697 413 3768 guetino
425 3697 454 3754 in
469 3697 576 3769 capella
593 3699 622 3756 S.
636 3698 748 3754 llartini
760 3707 933 3770 susceptam,
947 3709 976 3758 et
989 3703 1039 3759 tati
1052 3717 1092 3759 re·
1148 3702 1237 3768 rebat,
1254 3701 1305 3760 sed
1320 3703 1348 3759 in
1364 3717 1413 3759 sua
1430 3701 1560 3767 eeclesia,
1576 3708 1605 3756 et
1622 3701 1685 3756 sine
1704 3699 1898 3771 professione,
1913 3711 1946 3759 ιιι

298 3783 358 3840 guo
370 3765 503 3824 diffusam
518 3768 645 3825 donavit.
661 3769 729 3836 Qus
748 3767 862 3849 quidem
878 3773 986 3843 capella
1008 3781 1091 3831 antea
1147 3773 1272 3846 suspicio
1293 3773 1478 3830 sub'ectionis
1493 3772 1520 3828 in
1538 3777 1682 3844 posterum
1702 3785 1817 3852 prorsus
1832 3771 1945 3898 ah'kecta

296 3844 407 3895 tantum
416 3840 545 3895 Bertaere
568 3840 632 3905 ina,
650 3853 713 3920 qua
727 3837 881 3896 christiana
897 3849 968 3912 erat,
982 3844 1089 3900 servie-
1147 3851 1233 3910 esset,
1250 3858 1326 3900 anno
1360 3844 1441 3904 iai.»
1459 3845 1547 3899 Tanta
1562 3842 1640 3897 enirn
1659 3847 1720 3897 erat
1734 3840 1818 3914 hayus
1832 3842 1867 3899 ab
1889 3846 1947 3901 atis

297 3907 360 3981 bat;
374 3923 449 3966 anno
462 3909 538 3965 enim
546 3853 614 3977 {aa
630 3923 735 3968 missus
748 3916 791 3966 est
805 3923 821 3966 a
835 3909 973 3983 Gregorio
987 3914 1016 3970 in
1031 3914 1090 3971 An·
1147 3914 1282 3988 dignitas,
1292 3921 1323 3970 ut
1335 3929 1369 3972 ex
1383 3913 1536 3970 Ethelherti
1547 3913 1625 3993 regis
1638 3913 1787 3993 privilegio
1804 3927 1944 3970 concessa

319 3981 398 4049 liam,
411 3986 442 4037 ut
457 3980 631 4051 expluribus
645 3980 762 4052 ipsiuse
784 3980 874 4036 istolie
886 3991 1006 4050 constat,
1019 3991 1092 4044 etex
1147 3985 1173 4040 ei
1197 3982 1280 4042 fuerit
1301 3985 1414 4041 otilcina
1437 3991 1606 4052 monetaria,
1621 3997 1686 4038 cum
1705 3997 1769 4063 pure
1791 3985 1944 4066 pecuniam

297 3994 385 4118 finds,
407 4049 456 4132 lib.
473 4052 495 4117 l,
511 4064 579 4132 cap.¹
589 4051 634 4114 23,
650 4050 731 4107 etlib.
748 3995 783 4118 ij:
799 4063 862 4132 cap.
879 4051 930 4122 243
944 4067 979 4110 ex
994 4053 1093 4112 libera·
1147 4054 1291 4127 signandi,
1307 4062 1338 4110 ιιι
1352 4069 1386 4110 ex
1401 4054 1535 4136 Auaatia
1549 4054 1577 4110 S.
1588 4055 1742 4124 Aipasiiiii
1757 4057 1843 4112 refert
1857 4056 1943 4113 Guill.

298 4121 375 4176 litate
389 4134 464 4174 enim
481 4134 558 4199 regis
574 4134 602 4175 in
615 4121 835 4188 Dorouervensi,
847 4119 874 4175 id
888 4130 930 4178 est
942 4124 1092 4181 cantuaria
1147 4123 1308 4182 camdenus
1323 4125 1351 4180 in
1367 4125 1522 4180 Britannia
1536 4137 1599 4180 sua.

298 4189 589 4256 civitateecclesiam,
602 4202 688 4260 quam
723 4191 825 4245 rimam
842 4191 869 4247 S.
885 4193 1035 4251 Pancratio
1048 4209 1094 4252 ex·
1184 4194 1225 4266 (di
1252 4195 1426 4266 conprecare
1451 4195 1599 4266 spiratiam,
1620 4197 1670 4250 etc.
1696 4195 1764 4252 llaec
1784 4201 1814 4251 et
1837 4196 1943 4254 similia

298 4259 493 4342 simitaritia
516 4257 654 4316 honorem
681 4205 729 4317 sss.
746 4259 947 4331 Apostolorum
968 4265 1043 4322 Petri
1065 4274 1093 4323 et
1148 4279 1203 4322 non
1227 4266 1395 4340 pertinuisse
1417 4265 1452 4322 ad
1476 4265 1581 4322 dictum
1604 4265 1850 4392 archiepiscopum
1874 4283 1941 4339 pro·

298 4328 710 4402 Pauhdicavit,ntsepnltura
731 4337 881 4388 essettum
900 4345 1002 4406 regum
1018 4336 1091 4394 can·
1148 4335 1215 4392 bant
1244 4338 1391 4420 sequentia
1420 4335 1506 4393 verba
1539 4350 1574 4392 ex
1604 4335 1738 4408 pfaedtcio
1796 4338 1942 4409 iplomate.

297 4401 409 4468 tii,tum
422 4400 507 4455 eiiam
519 4399 807 4474 ercliiepiscoporuin
817 4403 1091 4476 exGuih.Candciio,
1149 4429 1160 4456 ι
1177 4407 1240 4464 Νοιι
1254 4407 1290 4464 ibi
1307 4409 1419 4474 missas,
1452 4407 1513 4463 nasi
1529 4405 1564 4463 ad
1577 4421 1637 4464 suaa
1649 4405 1763 4464 ditionis
1775 4408 1872 4476 altare,
1888 4423 1945 4466 nec

210 4521 211 4524 ,
284 4472 326 4528 in
341 4469 497 4526 Britannia
510 4485 573 4539 sue,
588 4478 616 4526 et
631 4485 680 4528 rex
703 4472 861 4532 monachos
881 4476 909 4531 in
932 4490 965 4533 ea
985 4477 1093 4537 institui
1148 4476 1349 4546 ordinationes,
1373 4477 1418 4534 vel
1465 4475 1659 4534 eaedictiones
1684 4480 1849 4551 usurpative
1877 4479 1943 4536 sine

319 4541 470 4609 recurarit,
494 4556 527 4598 ac
551 4547 649 4614 postea
674 4542 770 4600 multis
793 4543 876 4601 bouis
896 4544 995 4604 ditavit
1017 4563 1093 4606 atino
1148 4546 1266 4615 abbatis,
1290 4548 1336 4605 vel
1359 4546 1475 4604 fratrum
1500 4547 1645 4620 petitione,
1668 4556 1808 4617 exerceat,
1833 4550 1943 4608 nullum

221 4678 226 4688 ·
298 4559 1091 4759 ili“litteraturae“retiariae
1147 4617 1945 4748 tl‘iitrcttithilufiif'bittetitur

335 4751 374 4827 (a)
394 4753 458 4810 Siai
467 4754 653 4825 professionis
665 4701 816 4814 eaaetigae.
835 4759 882 4814 bis
894 4760 968 4818 inter
983 4705 1092 4818 arnolde:
1147 4765 1192 4815 tur
1206 4774 1241 4816 ex
1255 4705 1366 4834 intessra
1389 4758 1534 4827 decretali,
1549 4703 1614 4831 {uua
1627 4765 1704 4817 extat
1718 4707 1841 4830 MSS.,pl
1864 4775 1943 4819 anno

298 4824 447 4898 piscopnm
466 4825 709 4892 cantuariensem,
725 4833 754 4883 et
776 4826 908 4886 abbatem
930 4831 959 4887 S.
975 4829 1089 4902 Augus·
1147 4829 1338 4901 pontificatus.
1367 4852 1379 4881 ι
1401 4830 1490 4887 iidem
1512 4829 1648 4888 officiales
1662 4830 1762 4901 ipsius,
1777 4839 1805 4888 te
1823 4846 1940 4890 aecan-

298 4897 349 4953 tini
369 4897 398 4952 in
416 4903 533 4964 ecerat,
550 4895 625 4968 quod
645 4895 875 4970 archiepiscopus
897 4897 962 4956 fidei
982 4900 1090 4971 profes·
1146 4909 1262 4958 ventum
1283 4907 1363 4959 tuum
1385 4899 1552 4972 impediunt,
1578 4899 1730 4972 quominus
1751 4904 1845 4974 possis
1870 4917 1941 4963 eoi-

297 4969 409 5024 siauem
440 4966 469 5022 in
498 4967 629 5050 menibus
661 4967 721 5050 suis
751 4967 910 5025 faciendam
942 4979 1091 5041 assereret,
1167 4985 1271 5053 'egere
1291 4971 1442 5044 synodum,
1465 4972 1609 5028 celebrare
1632 4972 1798 5099 aedilicium,
1814 4976 1940 5047 eijuris-

298 5045 451 5110 antequam
468 5035 562 5094 abbati
573 5037 800 5095 benedictionem
816 5037 1012 5114 impenderet:
1040 5042 1090 5098 ab·
1167 5049 1299 5098 rohonem
1331 5042 1507 5114 spiritualem
1539 5042 1568 5098 in
1605 5041 1657 5098 sub
1679 5045 1725 5101 itis
1757 5047 1942 5104 monasteriis

297 5109 350 5166 bas
364 5115 462 5166 contra
475 5122 506 5164 sc
519 5109 610 5165 solum
624 5107 660 5164 ab
673 5106 886 5181 archiepiscopo
898 5109 1028 5168 benedici
1040 5112 1090 5169 de·
1146 5125 1297 5181 exercere,
1327 5112 1498 5169 beneficium
1527 5112 1713 5171 restitutionis
1739 5115 1767 5172 in
1794 5116 1941 5189 integrum

297 5179 365 5237 bere
377 5181 439 5236 sine
452 5179 506 5236 ulla
519 5179 572 5235 alia
586 5181 768 5260 praestatione
778 5178 966 5236 contendebat
971 5195 982 5264 3
995 5189 1023 5238 et
1037 5181 1093 5240 hac
1147 5171 1332 5254 postulantes,
1348 5189 1402 5240 eto.

295 5251 342 5322 jllS
356 5250 626 5332 vetustissimum-in
638 5249 978 5332 Suiflplllssetmossflsstefjl
995 5250 1093 5334 silssdfl·
1182 5269 1222 5344 (l)
1250 5271 1443 5338 Qum-amdam
1472 5271 1634 5329 litterarum
1656 5275 1878 5346 praescriptione·
1907 5278 1941 5334 1ss

297 5319 744 5404 tionea'SAugusttnoAnglise
763 5320 1091 5402 apostolovarnshtulis
1335 5359 1351 5372 ··
1398 5357 1423 5415 -b
1538 5361 1563 5402 a·
1691 5363 1696 5374 ·
1847 5365 1853 5376 ·
1930 5396 1941 5408 ⁸

297 5399 325 5473 et
340 5391 439 5463 privile
463 5405 528 5447 ιιιι
549 5389 621 5448 Sede
642 5388 804 5471 Apostolica
819 5391 994 5448 confirmatis
1013 5407 1092 5476 ecoe·
1144 5373 1205 5431 ὥθ’
1236 5360 1363 5458 ΗΟΠΟΠΪ’
1385 5359 1404 5458 μ
1427 5403 1433 5416 ’
1457 5361 1480 5427 Ῑ’
1508 5360 1623 5432 ¹⁰0¹⁸¹¹‘’
1648 5362 1815 5464 ΨΨΜΜ
1831 5364 1930 5464 ΨΜ

298 5475 375 5542 pisse
399 5405 543 5532 prifiiatur,
568 5475 604 5516 ex
627 5469 716 5516 veteri
739 5459 892 5531 diplomate
918 5459 1091 5522 fundationis
1145 5463 1211 5504 rim
1226 5451 1416 5518 transcriptis.
1452 5447 1507 5507 Sed
1526 5464 1621 5522 0llem
1640 5459 1762 5522 lilenum
1801 5460 1850 5510 ⁰³¹·
1864 5461 1937 5510 11]ῐο-

297 5547 373 5588 circa
389 5544 495 5588 annum
510 5531 573 5599 603,
589 5530 664 5602 qiiod
684 5529 805 5587 refertur
830 5530 858 5585 in
879 5531 967 5588 Temo
984 5535 996 5592 l
1017 5536 1087 5591 can·
1145 5549 1226 5608 gram
1239 5536 1426 5606 Decretalem,
1440 5551 1474 5594 ex
1489 5537 1738 5612 qiiutdcsumptum
1755 5547 1799 5596 est
1811 5540 1866 5597 hoc
1888 5557 1937 5599 ca·

297 5601 428 5658 citiarum
440 5602 560 5673 Aapiie,
574 5603 706 5661 aloaune
719 5600 983 5674 spelmannocdiia.
998 5605 1087 5662 Abda·
1146 5631 1193 5696 pm
1213 5639 1355 5698 „mmm
1374 5640 1410 5683 ex
1431 5626 1506 5686 dicto
1527 5603 1574 5685 pb,
1597 5627 1692 5700 lm,
1718 5629 1782 5702 quia
1805 5631 1938 5702 quadam
