4108 6418
326 319 383 380 187

362 547 842 631 1171331331(3)311311333311
863 548 1026 619 2333313,
1041 547 1074 608 31

444 657 677 764 deminution,
691 657 853 716 33333133
872 656 994 714 Veron.
1015 727 1018 732 Ι

620 857 756 919 CAPUT
775 857 815 916 11.

170 1010 174 1018 '
229 1066 233 1074 .
268 1088 273 1108 ,
363 1019 520 1098 exposita
540 1015 759 1078 33133331
776 1013 837 1074 cru
852 1005 1114 1090 33333313)

260 1189 263 1198 .
321 1121 356 1182 et
380 1117 551 1180 Belluuen.
575 1112 621 1192 (c)
649 1112 746 1175 electi
771 1110 886 1188 petitio
915 1105 1113 1176 continebat,

293 1215 409 1302 ,3331
439 1223 539 1291 quum
566 1225 701 1272 causam
730 1223 803 1285 quae
836 1208 923 1267 iuter
950 1202 1115 1281 quondam

322 1314 416 1376 bonae
427 1309 600 1372 memorie·
606 1307 848 1370 antecessorem
861 1318 957 1362 suum
970 1317 1013 1362 ex
1023 1300 1116 1377 parte

318 1427 402 1483 333,
417 1410 450 1472 31
464 1406 514 1486 (d)
529 1406 619 1466 cives
633 1391 825 1464 Tarvisinos
839 1417 882 1462 ex
905 1396 1021 1470 altera,
1047 1397 1117 1458 dis-

321 1517 421 1584 trictu
436 1515 469 1576 et
482 1510 723 1590 jurisdictione,
741 1523 780 1569 ac
794 1505 893 1568 rebus
915 1504 991 1566 aliis
1005 1503 1117 1564 verte-

322 1615 429 1683 batur,
447 1625 506 1687 per
520 1607 717 1670 senteutiam
730 1621 806 1676 ven,
830 1604 852 1664 f.
869 1602 975 1664 nostri
990 1598 1037 1680 (e)
1054 1603 1116 1662 Os·

322 1710 440 1774 tieusis
474 1704 620 1783 episcopi
653 1704 733 1765 tunc
776 1699 975 1778 apostolicae
1020 1696 1114 1758 Sedis

812 295 815 300 '
844 310 1003 384 oomni
1025 309 1290 372 3333131313.
1320 309 1397 370 ma.
1421 309 1451 374 1..

1915 309 1974 370 188

1168 462 1273 546 ipsius
1311 467 1412 543 legati
1447 465 1644 528 sententiam
1667 466 1866 530 inueneritis
1895 483 1973 530 esse

1169 565 1303 637 iactum,
1319 566 1355 626 iu
1379 564 1511 626 irritum
1525 564 1701 636 revocetis,
1724 564 1757 624 ei
1781 564 1973 627 districtius

1166 661 1367 735 inhibentes,
1380 677 1422 724 ne
1436 662 1576 724 ulterius
1586 662 1621 724 in
1635 663 1876 740 compromisso
1890 681 1973 742 pro-

1169 760 1274 832 cedat,
1288 761 1320 822 31
1329 761 1480 822 eumdem
1490 760 1532 821 ad
1542 759 1786 822 restitutionem
1800 760 1969 832 obsidum,

1170 859 1202 920 et
1216 859 1387 936 cujusdam
1410 857 1510 950 castri
1533 857 1709 919 occasione
1740 857 1848 934 ipsius
1875 876 1971 919 com-

1169 955 1323 1032 promissi
1338 954 1401 1016 sibi
1428 955 1591 1025 datorum,
1617 956 1653 1017 ut
1667 955 1773 1032 ipsius
1788 950 1967 1018 arbitrium

1170 1053 1370 1123 servaretur,
1382 1068 1442 1129 per
1456 1067 1615 1114 censuras
1629 1051 1889 1126 ecclesiasticas
1908 1070 1970 1132 ap-

1170 1149 1348 1226 pellatione
1362 1150 1555 1228 postposita,
1572 1149 1789 1226 compellatis.

1394 1383 1608 1472 TITULUS
1641 1383 1746 1471 XXV

1289 1551 1333 1597 33
1354 1549 1554 1597 summanr-o
1576 1549 1754 1598 33333313
1776 1534 1836 1616 (1).

1189 1680 1452 1749 archidiacono,
1483 1677 1516 1738 et
1549 1678 1718 1753 mcpistro
1750 1681 1788 1738 G.
1817 1683 1945 1742 1131133.

1476 1787 1650 1844 33333133.

323 1806 434 1884 legati,
446 1803 547 1866 suerit
557 1799 744 1868 terminata,
760 1799 793 1860 et
806 1796 914 1874 ipsius
926 1794 1116 1858 antecessor

323 1904 429 1975 electi,
442 1897 641 1980 adjudicata,
653 1896 717 1957 sibi
729 1911 789 1973 per
802 1893 946 1970 legatum
963 1890 1113 1954 eumdem
1453 1949 1623 2010 CAPUT
1658 1948 1672 2009 I

321 2003 379 2064 diu
398 1997 535 2078 33311133
560 1994 780 2073 possedisset,
801 1991 873 2069 ipse
896 1989 1115 2051 nihilominus
1675 1991 1683 2008 ·

321 2097 465 2168 1331313,
482 2093 702 2172 capitulorum
731 2105 867 2151 suorum
905 2103 1054 2156 assensu,
1078 2085 1113 2146 iu
1208 2089 1257 2148 Ex
1270 2088 1390 2151 litteris
1407 2090 1527 2152 vestris
1546 2090 1734 2166 accepimus
1749 2089 1848 2167 quod,
1865 2104 1966 2166 super

320 2193 549 2275 praejudicium
584 2189 800 2252 ecclesiarum
840 2201 976 2248 suarum
1014 2197 1114 2261 super
1169 2199 1270 2247 causa
1294 2202 1482 2260 usurarum,
1499 2186 1593 2248 robis
1614 2203 1673 2264 pro
1694 2191 1732 2248 G.
1758 2187 1799 2248 de
1823 2185 1964 2248 Rossuel

319 2291 516 2372 quibusdam
528 2286 714 2358 discordiis,
731 2301 804 2362 quae
829 2283 907 2344 binc
928 2279 1115 2343 13133113-
1168 2282 1283 2356 milite,
1295 2286 1411 2346 333133
1420 2287 1457 2346 Ε.
1474 2283 1659 2362 deEspinal
1673 2285 1822 2357 militem,
1833 2283 1964 2344 Tullen.

319 2391 440 2456 bantur
466 2386 602 2456 exortae,
629 2384 665 2444 iu
688 2382 833 2444 nobilem
860 2381 969 2442 virum
985 2377 1029 2458 (f)
1051 2378 1114 2438 du·
1168 2379 1331 2454 dioecesis,
1348 2382 1390 2443 ab
1399 2381 1589 2460 Apostolica
1602 2383 1686 2444 Sede
1700 2378 1890 2452 commissa,
1899 2397 1966 2441 non

320 2505 391 2550 cem
409 2483 612 2548 Venetorum
635 2483 794 2558 tanquam
809 2479 844 2540 in
860 2477 1022 2538 arbitrum
1037 2491 1112 2538 cum
1167 2479 1273 2554 potuit
1294 2479 1389 2542 vobis
1413 2495 1473 2558 per
1495 2481 1596 2542 testes
1620 2479 1662 2541 ab
1686 2480 1792 2557 ipsius
1815 2482 1853 2539 G.
1870 2479 1965 2555 parte

319 2585 413 2665 parte
428 2584 532 2646 altera
546 2577 782 2656 compromisit,
806 2577 862 2654 qui
879 2574 1016 2636 veniens
1031 2590 1113 2636 con·
1166 2576 1342 2653 productos
1357 2577 1397 2640 de
1412 2578 1511 2639 soriis
1527 2577 1710 2655 quantitate
1725 2578 1864 2654 liquere,
1888 2575 1966 2637 licet

319 2683 371 2748 tra
384 2681 532 2745 eamdem
547 2676 745 2740 seutentiam
760 2673 957 2736 auctoritate
970 2673 1113 2750 Aposto-
1166 2672 1206 2734 de
1229 2673 1429 2752 obligatione
1451 2675 1601 2752 pignoris
1627 2673 1842 2736 constitisset.
1868 2673 1965 2733 Unde

315 2781 386 2844 lica
400 2777 638 2846 confirmatam,
657 2789 757 2851 super
776 2771 876 2834 rebus
896 2771 1055 2849 jndicatis
1070 2769 1111 2832 ab
1165 2787 1232 2832 non
1254 2771 1419 2835 immerito
1432 2772 1607 2836 videbatur
1630 2771 1788 2849 expedire
1807 2769 1962 2846 justitiae,

318 2875 434 2940 eodem
446 2875 555 2950 legato
570 2872 730 2933 adversus
745 2869 920 2946 praedictas
939 2867 1109 2939 ecclesias,
1166 2869 1251 2944 quod
1264 2870 1454 2946 exigeretur
1472 2871 1513 2930 de
1532 2869 1671 2930 dicenda
1685 2867 1826 2929 veritate
1849 2882 1963 2944 apar-

319 2971 473 3050 aequitate
485 2967 675 3046 postposita,
691 2967 841 3042 iniquum
852 2965 1112 3040 arbitriumpro-
1164 2964 1252 3026 tibus
1262 2967 1499 3041 iuramentum,
1516 2981 1617 3042 quum
1633 2981 1675 3026 ex
1690 2964 1779 3025 fama
1795 2965 1892 3041 quasi
1908 2979 1963 3024 no·

319 3065 490 3142 mulgavit
524 3062 616 3122 Licet
642 3062 753 3121 autem
781 3059 887 3120 eidem
916 3058 992 3120 duci
1021 3058 1112 3120 litte·
1164 3061 1287 3120 torium
1308 3059 1471 3122 habeatur
1490 3060 1665 3138 praelatum
1689 3051 1739 3132 Ε,
1752 3076 1796 3120 ex
1820 3061 1961 3138 quadam

319 3179 375 3225 ras
390 3161 521 3222 nostras
535 3155 733 3226 miserimus,
748 3155 785 3216 ut
796 3155 837 3215 ad
848 3152 1110 3232 componendum
1164 3157 1254 3216 terra
1268 3157 1374 3234 ipsius
1389 3159 1439 3228 (1.,
1456 3157 1520 3218 sibi
1530 3157 1625 3218 titulo
1638 3155 1788 3234 pignoris
1804 3157 1959 3233 obligata,

318 3260 407 3321 inter
420 3257 531 3334 partes
554 3253 706 3314 laborare
721 3251 865 3322 deberet,
882 3267 983 3328 quum
999 3251 1109 3312 131333
1165 3252 1286 3312 sortem
1300 3253 1333 3314 31
1346 3253 1701 3330 amplius'percepisse.
1724 3254 1775 3314 Ne
1798 3254 1961 3330 igiturex

318 3351 511 3417 intentionis
525 3351 644 3413 vestras
668 3365 735 3410 non
749 3348 850 3410 luerit
867 3349 1045 3408 immutare
1058 3347 1112 3424 ip-

222 3505 230 3517 .
319 3467 390 3514 sam
405 3449 613 3520 sententiam,
629 3445 681 3508 rel
697 3445 822 3524 sopitas
838 3461 898 3522 per
911 3461 984 3506 eam
998 3445 1111 3522 queri-

221 3611 227 3624 ,
316 3550 448 3614 monias
462 3547 635 3618 suscitare,
651 3545 750 3606 discr.
766 3544 886 3605 vestrae
901 3541 1108 3614 mandamus,

233 3656 244 3668 '
318 3650 480 3728 quatenus
499 3642 648 3726 praelatis
670 3639 790 3704 litteris
813 3655 879 3701 non
903 3639 1110 3702 obstantibus

318 3743 476 3824 quidquid
489 3757 548 3820 per
566 3738 841 3818 prenominatum
864 3737 981 3798 ducem
996 3737 1109 3800 contra

355 3900 397 3974 (c)
411 3897 512 3958 1111311
530 3897 559 3956 S.
578 3897 708 3954 1333313.
729 3895 798 3952 1133
821 3893 934 3950 abbana
958 3891 1050 3974 dicata
1068 3902 1112 3951 est

318 3973 347 4032 S.
363 3971 470 4030 Zenoni
481 3969 548 4036 civi,
563 3975 593 4024 31
600 3968 735 4048 episcopo
748 3965 908 4047 ¹Veronensi
923 3964 970 4045 (33
984 3963 1112 4022 usuale

320 4057 384 4100 mus
398 4038 628 4112 elegantissimas
656 4035 848 4117 bomrlrastmu
865 4035 967 4114 11311131
1002 4051 1033 4090 33
1049 4036 1108 4116 ,Ρα-

319 4105 1110 4250 111111111111311111111111111111111

320 4250 576 4388 dlctgiliiellrensis.
596 4312 699 4378 Feltre,
719 4311 786 4368 urbs
810 4307 984 4368 nobilissima
1004 4313 1032 4369 in
1048 4329 1108 4370 mc·

319 4387 375 4446 diis
388 4386 515 4460 Alpibus,
536 4382 618 4440 cu'us
640 4382 741 4438 incolae
763 4381 867 4438 Ferliui
882 4379 948 4438 dicti
965 4397 981 4439 3
1000 4385 1108 4451 Plinio,

320 4399 598 4587 1111311133311,
620 4451 803 4524 sullragaucu
827 4451 995 4524 3313133313
1020 4455 1108 4526 Aqui·

331 4542 446 4588 elensis.
523 4575 533 4592 ,

363 4593 608 4671 (3)Β3113333313.
631 4591 772 4650 01311311
793 4591 906 4662 113133,
940 4591 992 4650 sub
1009 4595 1110 4654 Veneti

321 4685 377 4744 quo
398 4684 434 4726 33
448 4661 845 4740 313313133311313311313331.

358 4685 400 4814 (311
416 4739 496 4795 Ciues
521 4735 692 4792 1333131333.
719 4732 887 4800 Tarvisium,
913 4733 1033 4813 1333131,
1058 4733 1110 4792 sub

321 4810 439 4870 Venetis
451 4821 506 4880 quo
527 4821 563 4863 ue
574 4811 602 4861 31
610 4803 799 4877 Aquileiensi;
815 4801 882 4860 urbs
896 4818 975 4859 1333
985 4805 1108 4876 3311331-

322 4883 399 4950 letis,
420 4893 483 4952 3333
506 4822 540 4934 3.
566 4879 649 4934 Petro
669 4873 859 4956 1133133331
876 4873 969 4943 affixo,
987 4873 1049 4948 ojus
1064 4891 1111 4932 no

323 4954 392 5010 mini
408 4949 571 5024 primarium
587 4945 723 5020 templum
736 4943 849 5000 dicavit.

358 5021 394 5096 (e)
417 5019 551 5078 Ostiensis
569 5015 698 5088 episcopi.
723 5014 859 5087 liugolmi
880 5012 1107 5086 1381331333·

312 5093 398 5152 ,mitis
413 5087 647 5162 anagniensem
663 5085 1107 5167 311333333113111,33331198,

323 5169 385 5238 3331
399 5159 556 5219 llonoriurn
572 5165 699 5214 nostrum
713 5153 841 5213 Ponniex
853 5155 928 5212 Max.
945 5155 1005 5225 133,
1019 5155 1111 5214 dictus

321 5229 697 5380 crffiofflxfflwm·
714 5293 935 5378 PetrumUZiaui,
948 5294 1048 5354 ducem
1064 5297 1108 5368 61,

320 5373 368 5446 qui
384 5378 497 5429 oreatus
514 5365 656 5426 13113333
675 5365 753 5436 1205,
770 5373 799 5427 31
816 5371 884 5422 vixit
900 5380 990 5438 usque
1006 5368 1041 5425 ad
1057 5383 1108 5424 au·

320 5439 552 5578 nuffdisfflt‘rium
564 5505 734 5564 servandum
743 5505 845 5564 dantur
854 5503 967 5564 obsides
978 5506 1028 5564 133
1034 5522 1108 5580 cap,

320 5579 455 5656 3331133
470 5577 652 5649 desumptum
672 5585 716 5634 331
732 5591 766 5634 ex
786 5576 875 5634 veleri
886 5575 949 5648 jure
965 5577 1106 5636 Romano·

320 5667 393 5724 333,
408 5662 464 5721 quo
479 5649 629 5722 pignorum
646 5646 708 5703 loco
724 5645 910 5715 habebantur,
929 5653 957 5702 31
972 5647 1000 5702 13
1010 5661 1107 5706 333313
1129 5729 1135 5746 .

1165 3349 1354 3426 hujusmodi
1371 3350 1555 3429 juramenti
1577 3349 1707 3412 deiectu
1727 3351 1878 3427 justitia,
1905 3367 1962 3413 oc-

1165 3445 1288 3507 cultata
1314 3446 1466 3520 33311313,
1491 3445 1698 3520 succumbat;
1729 3445 1811 3511 (1133.
1841 3464 1873 3508 v.
1915 3465 1959 3512 m.

1165 3543 1338 3620 quatenus,
1363 3543 1392 3604 si
1404 3543 1455 3605 est
1472 3544 1532 3616 ita,
1547 3545 1658 3621 partes
1672 3541 1715 3604 ad
1736 3545 1960 3620 praestandum

1165 3639 1354 3716 hujusmodi
1361 3641 1589 3718 jurameutum
1601 3655 1660 3718 per
1674 3655 1837 3702 censuras
1852 3643 1961 3704 eccle-

1165 3736 1329 3809 siasticas,
1345 3736 1568 3814 appellatione
1583 3737 1720 3810 remota,
1737 3737 1875 3814 cogatis.

1165 3907 1214 3949 cor
1253 3907 1284 3948 ra
1306 3891 1463 3950 saeviebant
1478 3892 1642 3961 creditores,
1662 3890 1737 3965 quod
1758 3892 1958 3950 (1331331113-

1165 3964 1208 4018 331
1221 3979 1239 4017 α
1253 3963 1405 4020 1331131331
1417 3963 1462 4032 60,
1472 3964 1582 4036 333.1.;
1594 3971 1622 4020 31
1635 3962 1799 4035 prohibetur
1812 3964 1840 4019 iu
1854 3977 1917 4037 cap.
1930 3966 1958 4033 2,

1165 4033 1197 4088 313
1207 4031 1352 4114 Pipncrit.
1366 4035 1414 4102 Vl,
1427 4040 1457 4089 31
1486 4035 1570 4106 ignus
1584 4032 1665 4092 detur
1676 4034 1739 4090 loco
1756 4032 1898 4102 obsidum,
1915 4035 1960 4090 lex

1166 4108 1210 4159 est
1223 4117 1397 4190 equissimo.
1414 4105 1449 4185 111
1463 4048 1523 4185 goe·
1531 4104 1557 4176 31
1581 4117 1634 4186 uus
1645 4102 1890 4186 333111133333313
1905 4119 1955 4160 vo·

1165 4173 1495 4237 caturnicensem
1517 4189 1545 4230 rn
1559 4119 1592 4230 ἦε
1637 4190 1670 4230 ns
1691 4175 1905 4243 lispncrsorum,
1928 4181 1959 4231 ut

1166 4242 1374 4324 1333333313νί
1393 4242 1429 4300 ud
1446 4243 1518 4301 11131.
1534 4244 1567 4301 de
1606 4243 1737 4371 1333311,
1753 4243 1804 4299 sed
1820 4257 1955 4316 asperum

1165 4320 1209 4369 331
1223 4313 1277 4368 msi
1293 4328 1344 4385 pro
1354 4328 1439 4372 33333
1455 4315 1548 4386 gravi,
1564 4321 1595 4370 ut
1626 4321 1708 4370 entur
1722 4313 1845 4382 obsides,
1862 4321 1891 4370 et
1905 4330 1954 4371 ra·

1166 4381 1226 4451 des,
1246 4397 1318 4454 quos
1338 4397 1484 4454 sponsores
1500 4384 1609 4441 Nonius
1631 4388 1723 4451 vocat,
1744 4391 1773 4441 31
1796 4386 1859 4441 loco
1880 4386 1956 4442 vadii

1165 4452 1353 4511 detineantur.
1373 4452 1405 4534 ld
1421 4455 1560 4536 ostasium
1578 4460 1669 4536 yocat·
1680 4453 1840 4512 Alexander
1859 4455 1911 4522 lll,
1927 4455 1957 4538 in

1165 4537 1281 4676 illati
1292 4525 1957 4677 sassinatelitteratissimi}

1165 4662 1955 4734 ribusobsrdesdorrsolitusscribitAtbeuaeuslrb.Xlll,

1165 4733 1284 4806 33318,
1298 4741 1393 4807 313313
1401 4733 1509 4818 'majori
1524 4737 1614 4807 pretio
1625 4735 1739 4806 habite,
1753 4750 1837 4874 zoam
1850 4749 1954 4804 mares,

1165 4803 1957 4959 1111111131..1111311111..111111

1165 4959 1290 5018 33133331
1304 4951 1334 5002 31
1347 4945 1474 5014 abbates,
1490 4945 1609 5003 clericos
1623 4952 1652 5002 31
1668 4945 1824 5003 monachos
1839 4945 1954 5004 obsides

1165 5016 1232 5074 dont
1248 5016 1283 5072 ad
1309 5016 1501 5084 securitatem,
1527 5022 1558 5072 31
1579 5017 1618 5073 311
1635 5016 1728 5087 plesse
1750 5016 1779 5072 in
1799 5014 1854 5074 boc
1878 5031 1954 5088 333,

1164 5101 1231 5144 nam
1247 5087 1271 5143 31
1285 5085 1381 5144 clerici
1394 5085 1575 5160 fidejussores
1590 5102 1654 5144 esse
1671 5101 1728 5145 non
1748 5092 1876 5160 possunt,
1890 5101 1953 5158 333

1165 5156 1191 5224 1,
1211 5158 1364 5230 cipando
1379 5157 1614 5230 fideJ'usso,multo
1634 5157 1729 5214 minus
1747 5163 1778 5214 31
1796 5156 1894 5226 vades,
1911 5159 1955 5214 vel

1165 5225 1279 5283 obsides
1291 5228 1399 5283 carceri
1412 5227 1580 5300 mancipari,
1596 5228 1640 5284 vel
1656 5227 1776 5284 detineri
1791 5225 1906 5284 debent.

1201 5295 1241 5370 (1)
1255 5299 1292 5356 Ge
1306 5297 1371 5353 titre
1382 5303 1424 5353 est
1436 5297 1462 5353 le
1474 5297 1522 5354 34⁰
1537 5296 1573 5354 de
1587 5297 1613 5355 13
1630 5297 1797 5368 0333113113
1809 5297 1916 5368 prima,
1927 5304 1955 5354 31

1163 5366 1191 5424 13
1208 5371 1236 5425 70
1249 5367 1286 5424 du
1300 5366 1350 5423 lis.
1364 5367 1390 5427 ll
1404 5367 1477 5424 dans
1487 5369 1528 5424 les
1542 5367 1650 5426 1113331.
1664 5367 1874 5440 (1313313333.

1200 5441 1228 5496 13
1262 5438 1360 5495 1113133
1388 5451 1404 5494 3
1425 5437 1584 5494 1131133313
1606 5438 1634 5496 13
1654 5439 1680 5496 ll
1699 5437 1889 5495 Decrctsllum
1908 5451 1952 5494 re·

1161 5506 1257 5581 133133
1272 5515 1327 5577 331,
1342 5505 1391 5565 ubi
1404 5506 1440 5564 de
1460 5507 1584 5582 judiciis,
1608 5515 1637 5566 et
1669 5509 1754 5565 omni
1774 5507 1952 5566 instruenda·

1164 5593 1228 5636 rum
1244 5579 1335 5636 litium
1359 5577 1457 5635 ordine
1475 5585 1503 5636 31
1518 5577 1607 5636 forma
1627 5579 1688 5652 agit
1709 5579 1757 5649 331
1776 5579 1951 5646 13333131,

1163 5651 1231 5708 3111
1248 5649 1411 5720 compilat,
1427 5647 1473 5705 lib.
1491 5651 1513 5719 l,
1531 5649 1716 5706 1333333331.
