4076 6420
46 270 119 330 789
365 291 367 298 ’
528 273 872 348 QUADRAGESIMAE
892 274 1100 340 DOMINIGA
1121 275 1300 349 QUARTA.
1673 275 1710 340 'tt

48 427 227 508 quinque
245 429 544 508 paueshordeacel
558 435 635 498 sunt
647 435 792 514 quinque
805 435 882 498 libri
937 435 1163 498 memorantur
1182 433 1296 507 iulsse,
1313 431 1392 512 qula
1405 432 1562 514 lacrumae
1582 449 1626 498 ex
1644 449 1732 512 qua·

47 527 214 604 Moysis
244 529 305 606 qui
319 529 395 591 ideo
416 530 571 594 dicuntur
592 532 781 607 hordeacei,
805 535 881 612 quia
937 547 1076 611 cumque
1098 547 1199 596 causa
1216 533 1256 595 16
1271 547 1409 610 corpore
1430 531 1617 601 eliciantur,
1634 547 1736 594 exas-

49 627 190 688 cortex
206 626 336 688 hordei
348 628 483 691 difficile
494 630 633 704 tollitur,
650 632 686 694 ut
699 632 740 693 ad
753 633 882 694 medul·
936 631 1054 707 perant
1085 631 1118 693 et
1152 630 1323 692 exsiccant
1354 644 1489 708 corpus,
1524 626 1735 708 animamque

48 721 130 784 lam
159 724 405 800 perveniatur.
431 726 514 798 Quia
536 727 622 790 sicut
639 729 800 792 hordeum
819 730 881 793 ha·
937 726 1096 790 alliciunt.

49 817 115 882 bet
124 821 298 883 exterius
310 822 440 899 paleam
452 825 485 886 61
495 825 661 898 corticem,
677 827 710 889 et
720 826 809 889 intus
822 828 880 890 ha·
975 826 1036 888 Vel
1048 824 1147 904 aliter
1169 844 1177 886 ε
1200 824 1346 902 quinque
1368 839 1471 902 panes
1491 824 1569 886 sunt
1589 822 1734 902 quinque

48 916 116 980 bet
131 918 344 993 medullam,
359 921 405 982 ita
427 921 571 999 quinque
586 922 662 984 libri
681 925 805 1002 Moysis
820 942 882 987 ex·
935 922 1024 984 modi
1058 921 1316 1000 praedicationis,
1352 921 1521 993 videlicet,
1558 919 1733 992 correctio,

49 1011 174 1074 terius
203 1013 337 1077 1161661
361 1015 505 1078 litteram
533 1018 565 1079 et
589 1019 757 1083 carnalem
786 1020 881 1082 intel·
936 1019 1136 1094 exhortatio,
1157 1020 1351 1092 consolatio,
1371 1018 1405 1081 et
1425 1018 1629 1096 promisssio.
1648 1019 1733 1080 Cor·
1854 986 1874 1061 ἶ

49 1108 208 1186 lectum,
229 1111 268 1173 et
283 1112 424 1176 interius
439 1112 562 1178 habeut
575 1114 696 1178 bonam
711 1116 882 1194 signiflca-
934 1116 1039 1180 rectio
1061 1117 1122 1190 est,
1145 1117 1277 1195 quando
1299 1115 1461 1194 'praelatus
1487 1113 1635 1178 subditos
1656 1130 1735 1176 suos

50 1206 217 1282 tionem,
254 1210 288 1272 et
313 1209 519 1287 spiritualem
542 1212 810 1290 intelligentiam,
840 1215 880 1276 de
935 1213 975 1276 de
990 1215 1136 1292 peccatis
1157 1216 1191 1278 et
1212 1213 1443 1290 iniquitatibus
1463 1228 1578 1275 eorum
1597 1210 1736 1289 corripit
1858 1198 1861 1208 ’

53 1320 128 1382 qua
162 1321 273 1368 mens
300 1307 448 1370 humana
466 1311 575 1386 potest
600 1310 723 1373 habere
751 1313 879 1390 pastum
935 1312 968 1375 et
985 1313 1107 1389 arguit,
1123 1313 1156 1374 et
1174 1314 1286 1375 monet
1304 1327 1362 1374 eos
1383 1311 1420 1374 ut
1438 1311 1631 1374 avertantur
1645 1325 1665 1372 a
1679 1308 1735 1372 via

50 1403 154 1476 vitae,
190 1403 283 1481 quia
308 1403 421 1470 littera
445 1407 577 1481 occidit,
609 1408 745 1486 spiritus
769 1410 879 1472 autem
935 1425 1007 1483 sua,
1023 1409 1119 1482 idest,
1136 1426 1157 1472 a
1176 1409 1339 1487 pravitate
1360 1409 1395 1472 et
1416 1407 1591 1485 iniquitate
1608 1423 1680 1480 sua,
1698 1405 1736 1470 ut

50 1499 236 1564 viviticat.
257 1503 327 1564 Duo
341 1503 450 1581 pisces
464 1505 542 1567 sunt
553 1505 630 1568 libri
644 1507 880 1585 prophetarum
934 1507 1059 1570 vivant.
1080 1507 1174 1571 Unde
1195 1506 1297 1570 Jacob
1321 1509 1410 1574 :oui
1434 1505 1590 1568 converit
1612 1504 1735 1580 fecerit

50 1598 89 1660 et
116 1597 357 1675 psalmorum,
382 1600 423 1662 16
446 1601 567 1680 quibus
590 1603 749 1666 Dominus
775 1605 824 1668 ait
844 1605 880 1667 in
932 1606 1168 1681 generatorem
1189 1607 1233 1666 ab
1255 1607 1466 1667 meneviae
1487 1618 1571 1674 sne,
1589 1601 1735 1664 66166111

53 1697 288 1772 Evangelio:
317 1701 541 1775 Quoscumque
568 1703 700 1776 scripto
727 1704 810 1765 serit
842 1707 880 1764 in
934 1705 1089 1764 animam
1110 1706 1225 1774 ejusa
1243 1700 1562 1774 monasteriensi
1578 1699 1738 1760 66611116-

52 1796 135 1868 icoc
151 1797 300 1868 Moysis
315 1794 349 1856 et
360 1796 538 1870 prophetis
558 1797 593 1860 et
602 1803 747 1873 66616616
760 1803 801 1862 de
824 1816 880 1862 ene
935 1801 1049 1860 dinem
1067 1799 1290 1874 peccatorum
1309 1797 1393 1878 (lac.
1412 1813 1444 1870 v,
1465 1795 1531 1876 20).
1551 1797 1591 1858 111
1609 1797 1734 1857 Hiero-

56 1887 162 1968 (Luc.
181 1906 289 1964 xxiv,
310 1891 375 1971 14).
401 1893 461 1956 Vel
483 1894 556 1955 duo·
570 1893 679 1973 pisces
704 1898 781 1958 sunt
801 1896 879 1959 libri
934 1911 1053 1973 nymns
1070 1912 1113 1956 a«
1136 1895 1171 1956 Si
1185 1895 1390 1957 converteris
1412 1893 1456 1956 ad
1479 1893 1655 1954 Dominum
1675 1907 1736 1968 per

55 1987 320 2064 prophetarum
341 1990 632 2069 agiographorum,
654 1993 750 2068 idest,
776 2009 878 2057 sanc·
934 1993 1043 2054 cordis
1065 1992 1298 2054 contritionem
1317 1991 1389 2070 ipse
1411 1989 1622 2052 convertetur
1639 1988 1681 2050 ad
1700 1989 1734 2050 te

55 2084 180 2146 tarum
213 2086 476 2163 scripturarum,
511 2088 682 2164 videlicet,
712 2093 772 2153 alii
801 2092 879 2154 libri
933 2105 993 2165 per
1005 2089 1122 2164 gratiae
1134 2087 1433 2150 infusionem.»De
1444 2085 1507 2148 hac
1518 2084 1734 2147 conversione

56 2182 196 2243 veteris
210 2183 420 2246 Testamenti
437 2185 494 2262 qui
512 2202 580 2248 non
595 2188 671 2250 sunt
689 2189 725 2250 in
741 2205 878 2252 numero
933 2186 1015 2249 dicit
1038 2186 1100 2248 lob
1124 2207 1132 2247 :
1154 2188 1193 2248 Si
1217 2185 1354 2248 uenerit
1377 2187 1422 2248 ad
1446 2199 1502 2246 nee
1526 2199 1597 2245 non
1616 2185 1734 2244 videbo

57 2279 330 2356 prophetarum.
347 2281 577 2344 strennuum
591 2285 676 2361 quod
692 2285 755 2346 duo
770 2286 878 2361 pisces
933 2298 1024 2352 eum,
1041 2283 1076 2344 et
1091 2285 1123 2344 si
1136 2282 1271 2354 abierit,
1288 2295 1358 2344 non
1371 2283 1560 2359 intempore
1582 2277 1668 2359 (iob.
1684 2294 1732 2352 1x,
1829 2278 1831 2286 ⁴

57 2373 129 2436 boc
141 2375 296 2454 implent
309 2379 509 2452 convivium,
526 2396 586 2458 per
598 2396 679 2458 quos
694 2381 878 2458 designan—
933 2378 998 2459 11).
1019 2379 1120 2452 Quasi
1139 2380 1229 2442 11661
1245 2401 1252 2440 :
1269 2380 1344 2442 Non
1364 2379 1482 2442 videbo
1509 2377 1618 2456 ipsum
1641 2391 1732 2453 pree-

58 2472 118 2534 tur
135 2471 210 2534 duo
234 2473 346 2537 dulcia
366 2474 505 2548 fercula,
530 2478 627 2551 idest,
653 2478 798 2540 studium
824 2479 878 2542 vel
933 2477 1072 2549 sentem,
1083 2477 1213 2553 quando
1223 2476 1368 2538 infundit
1377 2475 1461 2540 mihi
1471 2490 1565 2536 suam
1577 2473 1731 2550 gratiam,

59 2567 171 2632 lectio
188 2570 227 2631 et
241 2571 412 2633 meditatio
423 2573 615 2644 sanctarum
624 2576 875 2652 scripturarum.
932 2589 994 2634 nec
1015 2572 1165 2650 intelligo
1184 2574 1292 2651 ipsum
1308 2573 1572 2644 absentem,cum
1590 2569 1734 2646 gratiam

60 2666 165 2728 Unde
190 2667 325 2729 David=
346 2669 454 2734 tinum
480 2672 593 2732 dmcia
612 2673 768 2745 senciens
790 2675 879 2735 meis
932 2669 1107 2732 subtrahit.
1125 2672 1229 2743 Quam
1251 2669 1510 2732 misericorditer
1528 2666 1734 2730 convertitur

60 2767 208 2838 eloquia
234 2764 295 2824 tua
307 2779 414 2839 super
430 2771 497 2828 mel
511 2768 545 2828 et
558 2770 679 2843 focum
702 2772 757 2830 ori
778 2777 878 2832 meo!
931 2766 973 2829 ad
987 2782 1059 2840 nos,
1071 2767 1215 2830 ostendit
1228 2768 1388 2829 Dominus
1402 2783 1461 2844 per
1473 2766 1594 2829 Isaiam
1606 2787 1614 2826 ε
1625 2768 1735 2829 Num·

61 2857 138 2938 (Ps.
168 2858 354 2939 118‚103).
379 2863 458 2924 Haec
479 2864 588 2925 autem
615 2865 816 2942 significatio
841 2867 877 2928 in
931 2867 1012 2938 qun
1025 2865 1608 2939 obiiotscipotestmutierinsantem
1616 2877 1732 2934 66661,

65 2956 209 3018 tantum
227 2956 408 3033 probabilis
427 2959 460 3020 ct
471 2959 591 3022 idonea
603 2963 663 3034 est,
681 2963 767 3040 quod
791 2963 878 3026 sicut
930 2961 971 3022 nt
990 2975 1060 3022 non
1076 2963 1290 3023 misereatur
1307 2963 1378 3034 litio
1397 2963 1531 3024 centris
1549 2962 1624 3022 suit
1642 2960 1733 3022 Etsi

62 3053 219 3129 piscium
241 3054 309 3115 vita
323 3070 390 3117 non
405 3057 533 3119 estnisi
553 3057 589 3118 in
608 3074 705 3136 aqua,
720 3059 767 3122 ita
781 3061 878 3136 vigor
930 3058 1103 3120 1116611116
1116 3059 1236 3132 fuerit,
1252 3072 1315 3134 epo
1335 3058 1452 3120 eutem
1466 3071 1536 3120 noes
1551 3059 1734 3118 obliviscar

62 3151 172 3212 studii
200 3149 237 3212 et
254 3150 480 3214 meditationis
504 3156 645 3218 nonest
668 3157 733 3218 nisi
758 3157 795 3218 in
818 3173 877 3220 sa·
931 3153 1733 3235 16166161615).(16661116616161161611666

63 3248 211 3324 pientia,
228 3249 316 3312 sicut
329 3251 379 3312 est
393 3252 493 3313 etiam
508 3252 591 3314 illud
605 3253 773 3331 Apostoli:
796 3255 877 3318 One·
931 3267 1011 3314 casu
1033 3253 1140 3314 mater
1161 3250 1414 3314 oblivisceretur
1436 3251 1597 3314 infantem
1621 3267 1729 3323 suum,

63 3347 282 3420 6161666611,
306 3351 486 3423 disciplina
503 3353 541 3412 tn
554 3353 721 3426 presenti
737 3367 806 3412 non
821 3356 877 3413 ei·
930 3365 992 3410 nec
1012 3348 1228 3410 misereretur
1241 3349 1363 3424 ipsius,
1387 3363 1448 3422 ego
1467 3350 1580 3410 tamen
1601 3362 1733 3425 semper

63 3444 260 3506 deteresse
273 3448 391 3521 gandii
400 3449 460 3507 sed
471 3450 645 3520 moeroris,
662 3451 700 3509 in
714 3449 875 3522 staturum
930 3445 1112 3506 miserebor
1142 3445 1255 3507 vestri.
1280 3447 1348 3505 Imo
1368 3445 1442 3520 plus
1463 3443 1544 3506 lacit
1572 3437 1732 3506 Dominus

62 3542 188 3602 eutem
207 3542 365 3615 [rectaene
383 3542 649 3616 pacatissimum
671 3545 875 3608 exercitatis
929 3541 1051 3602 animae
1074 3539 1264 3618 peccatrici,
1287 3541 1365 3616 quia
1387 3540 1417 3601 si
1434 3539 1525 3603 videt
1546 3555 1620 3602 eam
1641 3540 1732 3602 nolle

63 3651 146 3700 eam
160 3639 445 3710 reddctjnstitioe
460 3637 575 3718 (Hebr.
590 3655 652 3714 xri,
669 3639 734 3720 11).
928 3637 1053 3699 reverti
1073 3637 1114 3699 61
1135 3637 1255 3714 ipsum,
1277 3637 1398 3700 clamat
1412 3638 1487 3715 post
1500 3637 1630 3713 tergum
1645 3640 1729 3714 ejus,

103 3734 169 3796 Vel
185 3734 308 3796 aliter:
323 3735 387 3798 list
402 3752 495 3811 puer
508 3753 599 3800 unus
618 3741 673 3800 hic
694 3741 753 3812 qni
775 3739 874 3802 nanee
930 3735 1016 3796 sicut
1038 3735 1090 3796 est
1109 3733 1191 3795 illud
1213 3735 1250 3795 in
1273 3734 1413 3796 canticis
1431 3755 1439 3794 ε
1455 3735 1655 3806 1166661666,
1671 3751 1732 3796 re-

65 3836 227 3906 quieque
250 3847 360 3907 paries
380 3837 587 3896 hordeaceos
610 3836 644 3898 et
666 3839 733 3898 cluo
747 3839 872 3910 pisces.
928 3833 1068 3893 vertere
1093 3833 1300 3904 sunamitis,
1329 3832 1522 3904 revertere,
1538 3832 1729 3904 revertere,

65 3929 135 3988 Hos
147 3945 258 4006 panes
269 3929 441 3992 moraliter
450 3931 666 4007 intelligimus
681 3931 871 4009 significare
928 3929 965 3990 ut
980 3929 1181 3990 intueamur
1204 3929 1238 3992 te
1260 3926 1368 4009 (Cant.
1389 3943 1437 4000 vr,
1461 3926 1525 4007 12).
1547 3927 1729 3989 sunamitis

66 4023 224 4089 fidelium
243 4026 409 4104 lacrymas
429 4028 601 4090 auctorem
615 4028 822 4090 invenientes
836 4029 872 4090 in
927 4024 1166 4101 interpretatur
1186 4026 1328 4102 captiva,
1346 4024 1379 4086 et
1396 4024 1563 4102 significat
1582 4024 1729 4085 animam

66 4122 342 4200 psalmographo,
361 4124 419 4200 qui
435 4125 485 4186 sic
507 4125 588 4188 dicit
605 4141 707 4203 panes
721 4139 795 4186 esse
816 4125 871 4188 la·
926 4121 1093 4184 61161616
1109 4123 1320 4198 captivatam,
1337 4122 1370 4184 et
1381 4121 1562 4198 relegatam
1576 4137 1637 4199 per
1647 4120 1729 4184 vitia

56 4234 202 4296 ,crymas
240 4242 248 4282 ε
280 4223 439 4284 Fuerunt
471 4225 557 4283 mibi
591 4227 754 4296 16666666
784 4238 872 4285 mete
926 4221 958 4282 et
972 4220 1119 4298 peccata,
1131 4220 1217 4282 sicut
1231 4220 1282 4282 est
1295 4218 1378 4281 illud
1391 4219 1729 4297 Gregorii:‹Reatus

64 4331 177 4390 pultes
207 4321 262 4379 die
289 4333 331 4380 ac
357 4319 454 4380 nocte
478 4317 547 4398 (Ps.
573 4320 622 4391 41,
653 4317 699 4398 4).
723 4319 872 4396 Quinque
926 4317 1032 4394 culpae
1058 4317 1141 4393 ligat
1167 4317 1321 4391 mentem,
1336 4333 1377 4379 ne
1401 4333 1538 4394 surgere
1559 4315 1665 4395 possit
1685 4315 1728 4378 ad

68 4428 174 4488 panes
190 4413 369 4476 hordeacei
385 4414 740 4494 suntquinquetontes
755 4417 870 4495 lacry-
926 4414 1169 4476 rectitudinem.
1197 4431 1216 4474 6
1244 4417 1283 4477 Ε1
1311 4415 1467 4476 Salomon
1490 4435 1498 4475 :
1523 4414 1728 4488 iniquitates

68 4525 213 4573 marum.
233 4513 362 4574 Primus
384 4511 457 4574 tons
477 4513 528 4574 est
551 4513 773 4576 consideratio
792 4530 872 4591 pec·
925 4528 998 4575 sace
1012 4511 1728 4586 666116666666116661666,611661166666·

69 4608 238 4682 catorum,
280 4610 445 4672 secundus
485 4609 687 4673 existimatio
727 4611 870 4688 propriae
925 4611 1085 4671 catorum
1122 4623 1268 4670 suornnn
1297 4611 1438 4682 gaisone
1476 4609 1729 4684 constringitur

69 4703 282 4782 fragilitatiS,
317 4707 435 4770 tertius
473 4707 643 4784 respectus
684 4723 868 4785 poenarum,
926 4706 1039 4786 (Prov.
1053 4723 1086 4779 v,
1101 4706 1167 4787 22).
1182 4705 1306 4768 Etideo
1323 4706 1442 4782 quater
1453 4705 1533 4767 dicit
1547 4705 1725 4768 Dominus:

70 4805 210 4878 quartus
240 4805 423 4881 gratiarum
453 4804 551 4877 actio,
582 4805 715 4881 quintus
748 4805 880 4868 divinae¹
926 4804 1203 4884 Revertere‚quia
1218 4803 1340 4864 misera
1355 4802 1466 4866 anima
1479 4802 1728 4879 quasiquadru·

69 4899 212 4962 visionis
235 4904 268 4964 et
290 4901 405 4978 gloriae
432 4901 558 4964 dilatio.
581 4905 628 4963 De
650 4901 739 4963 sonte
762 4903 869 4979 primo
926 4902 1005 4979 plici
1026 4902 1162 4980 peccato
1184 4900 1352 4978 elongavit
1375 4915 1411 4962 se
1434 4916 1454 4961 6
1478 4902 1556 4972 Deo,
1577 4900 1724 4976 peccato,

71 4995 213 5062 effluunt
227 4998 383 5077 lacrymae
399 4999 542 5075 doloris;
560 4999 600 5060 de
618 4999 707 5061 fonte
724 5000 870 5062 secundo
924 4998 1090 5068 videlicet,
1111 4997 1333 5074 cogitationis,
1351 4997 1538 5071 locutionis,
1554 4995 1725 5076 operatio-

71 5098 214 5173 propriae
232 5099 464 5161 aestimationis
480 5098 635 5177 lacrymae
648 5097 868 5176 confusionis3
924 5097 988 5170 nis,
1006 5097 1039 5160 et
1050 5095 1311 5160 consuetudinis.

1 5273 2 5278 ἵ
72 5189 112 5252 de
135 5193 235 5256 tertio
254 5195 344 5257 tonte
367 5196 537 5272 respectus
562 5212 736 5273 poenarum
760 5197 871 5274 lecry-
967 5194 1060 5256 Unde
1081 5194 1233 5270 legimus,
1258 5191 1344 5270 quod
1371 5192 1458 5254 sicut
1486 5192 1589 5255 tribus
1619 5191 1726 5254 modis

1 5355 3 5364 ,
71 5303 133 5352 mae
148 5293 292 5368 erroris;
319 5293 359 5354 de
385 5293 503 5371 quarto
523 5295 707 5370 gratiarum
729 5293 870 5356 actionis
924 5292 1164 5371 peccathomo,
1189 5289 1328 5364 scilicet,
1354 5291 1465 5364 corde,
1490 5291 1595 5352 creet
1610 5305 1722 5367 opere,

1 5386 3 5396 '
69 5386 313 5462 jucunditatis,·
339 5389 380 5452 de
410 5390 542 5467 quinto,
570 5391 670 5464 idest,
699 5391 869 5454 dilationis
923 5390 971 5452 116
986 5391 1102 5452 contra
1125 5388 1248 5466 triplex
1269 5388 1362 5450 virus
1384 5387 1512 5466 peccati
1535 5387 1657 5465 triplex
1680 5379 1734 5449 sit·

72 5483 186 5556 gloriae
201 5490 234 5551 et
248 5488 371 5552 divinae
392 5487 542 5561 visionis,
559 5488 698 5553 effluunt
712 5489 869 5567 lacrymas
923 5488 958 5550 et
982 5487 1167 5550 antidotum
1202 5486 1360 5548 salutare.
1400 5486 1522 5548 Contra
1553 5485 1724 5564 peccatum

1 5586 3 5645 1
75 5580 240 5648 desiderii.
266 5589 374 5650 Panes
398 5584 454 5648 isti
478 5585 551 5649 ideo
575 5572 664 5650 recte
692 5586 870 5651 hordeacei
918 5569 1047 5660 cordis,
1071 5584 1180 5650 cordis
1214 5582 1390 5660 contritior
1411 5587 1528 5648 contra
1551 5583 1723 5664 peccatum
