4076 6420
565 295 567 302 ’
595 281 801 346 nomiman
822 281 1038 352 Passionis
1059 283 1221 347 DOMINI.

53 437 193 502 ordine
206 439 387 520 temporis,
403 439 451 506 ita
469 440 619 505 Christus
640 441 703 504 suit
717 441 829 520 justus
848 441 882 504 et
975 442 1151 519 Sequitur:
1170 446 1211 506 Si
1229 441 1415 506 veritatem
1434 441 1518 516 dico,
1539 454 1647 518 guare
1665 456 1727 512 nos

53 535 283 612 patientiam
310 537 423 603 docuit
454 539 652 602 excellentia
680 539 877 603 sanctitatis.
933 553 1003 602 non
1020 541 1161 604 creditis
1177 541 1264 602 mint
1276 545 1290 604 t
1304 540 1451 611 Quatuor
1471 540 1548 601 suut
1570 556 1643 617 quae
1661 537 1726 602 im·

52 633 149 694 Abel
164 633 300 698 obtulit
314 651 436 712 agnum
450 637 522 699 sine
536 637 677 718 macula,
688 637 721 700 et
729 637 878 700 Christus
933 637 1078 713 pediunt,
1094 653 1137 698 ne
1151 637 1302 699 homines
1316 637 1452 698 credant
1470 637 1612 709 veritati,
1634 637 1666 699 et
1681 654 1724 700 ne

54 728 195 792 obtulit
208 747 278 808 pro
292 733 435 798 nobisin
449 749 548 796 cruce
567 749 687 812 corpus
702 749 799 796 suum
813 735 879 796 im·
932 735 1084 808 audiant,
1111 736 1207 808 idest,
1234 733 1423 810 intelligant
1448 734 1482 795 et
1504 748 1602 823 opere
1628 751 1722 796 com·-

53 827 287 890 maculatum
301 830 337 892 in
352 831 527 894 sacrificio.
545 832 731 894 Secundum
745 833 878 896 morali·
931 832 1043 908 pleant
1066 833 1204 894 verbum
1229 831 1298 904 Dei,
1325 831 1499 894 videlicet:
1528 830 1723 894 deliciarum

51 922 172 985 tatem
204 941 275 988 nos
303 926 459 990 debemus
488 928 610 992 afferre
644 929 726 992 duos
759 942 874 1006 agnos,
931 928 1119 1002 affluentia,
1151 928 1341 992 divitiarum
1372 927 1522 1000 fallacia,
1551 927 1721 990 saecularis

53 1035 173 1081 unum
190 1039 300 1085 mane
319 1024 352 1087 et
372 1025 512 1087 alterum
531 1040 680 1104 vespere,
700 1026 797 1099 idest,
814 1026 877 1088 du·
930 1042 1022 1099 cura,
1042 1027 1076 1090 et
1089 1025 1297 1104 peccatorum
1315 1025 1489 1088 multitudo
1508 1025 1560 1086 vel
1581 1023 1722 1088 malitia.

52 1118 193 1195 plicem
233 1121 482 1200 innocentiam
517 1137 615 1186 mane
652 1124 686 1186 et
718 1139 872 1202 vespere,
968 1123 1168 1186 Deliciarum
1195 1122 1367 1184 affluentia
1389 1119 1526 1200 impedit
1554 1121 1722 1186 homiuem

52 1215 150 1277 idest
159 1218 375 1294 quotidiam
388 1221 608 1298 prosperitate
620 1222 653 1284 et
662 1221 871 1285 adversitate.
929 1237 971 1284 ue
994 1220 1309 1298 intelligatnerbum
1331 1219 1403 1292 Dei,
1424 1219 1512 1296 quia,
1535 1218 1622 1280 sicut
1635 1219 1723 1282 dicit

96 1315 872 1394 iustitiamdebemusconsiderareinChristo,
927 1318 1172 1397 Hieronymusz
1197 1335 1216 1380 s
1237 1317 1375 1394 Pinguis
1397 1317 1514 1379 uenter
1534 1330 1601 1376 non
1614 1315 1722 1392 gignit

52 1411 142 1486 quia
151 1412 237 1488 ipse
248 1413 377 1475 nullum
386 1416 509 1477 malum
519 1417 654 1478 dimittit
661 1416 871 1494 impunitum,
927 1416 1060 1480 tenuem
1074 1431 1220 1488 sensum,
1234 1415 1267 1476 et
1280 1415 1378 1476 bomo
1392 1412 1519 1476 ventris
1535 1412 1624 1489 pleni
1646 1412 1721 1488 plus

53 1508 253 1571 etnullum
266 1509 389 1572 bonum
402 1511 692 1576 irremuneratum.
712 1513 804 1576 Unde
818 1513 871 1575 le·
927 1513 1022 1582 curat
1042 1513 1083 1576 de
1097 1511 1306 1590 adimplenda
1321 1511 1489 1588 voluptate
1504 1525 1573 1570 suae
1595 1509 1718 1581 carnis,
1799 1579 1806 1594 ,

51 1605 176 1680 gimus
188 1607 230 1666 in
246 1607 372 1683 Exodo,
389 1610 474 1688 quod
489 1610 648 1672 Dominus
666 1610 873 1688 praecedebat
926 1626 1025 1688 quam
1040 1610 1080 1672 de
1095 1608 1305 1686 adimplenda
1316 1606 1488 1670 voluntate
1506 1605 1577 1666 Dei.
1591 1621 1610 1663 s
1626 1604 1720 1665 Unde

51 1704 232 1779 populum
263 1707 367 1767 lsrael
399 1722 459 1785 per
485 1711 616 1771 noctem
647 1709 684 1770 in
717 1708 871 1770 columna
925 1709 1058 1785 Moyses
1079 1707 1114 1768 iu
1134 1704 1264 1768 cantico
1285 1701 1531 1765 Deuteronomii
1548 1703 1720 1777 :Pinguis

53 1798 165 1874 ignis,
190 1802 230 1864 et
248 1819 308 1878 per
324 1803 411 1865 diem
438 1805 475 1866 in
494 1806 647 1867 columna
667 1805 776 1866 nubis.
805 1808 871 1866 Per
923 1805 1106 1880 [natusest
1131 1803 1164 1866 et
1188 1801 1414 1873 incrassatus,
1438 1799 1473 1861 et
1494 1797 1668 1868 dilaniatus,
1684 1797 1718 1858 et

52 1898 200 1958 noctem
233 1898 452 1976 designantur
476 1901 601 1977 iniqui,
631 1901 664 1964 et
690 1917 750 1978 per
781 1900 868 1962 diem
923 1901 1104 1976 ceretnuu
1116 1905 1239 1972 Deum,
1255 1901 1314 1972 gut
1326 1898 1408 1972 fecit
1420 1911 1511 1968 eum,
1527 1895 1561 1957 et
1574 1894 1718 1956 recessit

47 1993 155 2068 justi.
180 1995 283 2058 Unde
309 1997 506 2074 Apostolusz
532 2001 664 2061 fluistis
684 2001 777 2062 enim
799 2001 867 2061 uii-
922 2002 1104 2062 cliomino
1112 1991 1454 2073 salutamsuotlteut.
1467 2007 1576 2064 xxm,
1588 1989 1654 2070 15).
1667 1991 1716 2054 na

53 2095 205 2164 quarmo
233 2095 395 2166 tenebrae,
410 2110 503 2157 nunc
522 2097 639 2159 autem
652 2100 715 2158 tum
735 2099 773 2158 tn
793 2098 867 2158 Do·
922 2095 1048 2158 iaciunt
1061 2094 1160 2156 bodie
1173 2092 1279 2154 multi.

52 2191 158 2249 mino
188 2187 292 2268 (pr.
312 2207 345 2263 r,
367 2188 413 2270 8),
429 2191 526 2264 idest,
553 2191 663 2254 mistis
687 2185 867 2270 ‘aliquando
961 2191 1158 2254 Diuitiarum
1172 2189 1307 2252 fallacia
1319 2187 1458 2264 impedit
1471 2185 1651 2254 bominem,
1671 2199 1715 2244 ne

56 2283 188 2362 iniqui,
207 2301 300 2348 nunc
313 2289 393 2350 estis
408 2288 502 2365 justi.
518 2289 677 2350 Columna
701 2288 867 2364 significat
921 2288 1083 2367 compleat
1096 2287 1232 2350 verbum
1246 2285 1318 2354 Dei,
1331 2285 1420 2361 quia,
1437 2282 1514 2343 dum
1535 2283 1633 2343 homo
1655 2296 1716 2342 su-

55 2381 252 2444 Christum.
269 2385 344 2461 lpse
363 2385 413 2446 est
431 2385 584 2447 columna
606 2385 693 2462 iguis
712 2400 772 2461 per
785 2400 866 2447 noo-
920 2385 1028 2462 perbit
1041 2399 1100 2462 pro
1115 2383 1241 2446 divitiis
1255 2381 1309 2446 vel
1323 2380 1460 2442 conlidit
1477 2379 1513 2440 in
1534 2379 1594 2450 eis,
1616 2392 1715 2438 rece-

53 2477 139 2552 tem,
165 2481 252 2557 quia
270 2481 432 2542 terribilis
449 2484 501 2545 est
515 2482 662 2558 injustis,
683 2484 717 2544 et
739 2481 789 2544 est
803 2495 864 2544 co·
920 2481 1150 2544 ditaDomiuo
1162 2495 1220 2542 cor
1230 2483 1313 2557 eJus,
1325 2479 1358 2540 et
1369 2477 1446 2539 inde
1458 2473 1601 2537 incurrit
1609 2488 1712 2549 grave

54 2575 178 2637 lumna
195 2577 296 2638 nubis
309 2593 369 2654 per
382 2577 479 2651 diem,
495 2577 592 2652 idest,
608 2578 715 2640 dulcis
729 2578 764 2641 et
776 2595 865 2640 ama·
919 2577 1100 2654 peccatum.
1121 2577 1214 2638 Unde
1235 2575 1362 2638 Davidz
1379 2573 1517 2636 Proditt
1539 2574 1639 2646 quast
1665 2584 1713 2631 em

52 2671 138 2734 bilis
150 2675 272 2750 justis.
917 2677 1017 2748 adipe
1038 2675 1203 2748 iniguitas
1221 2687 1343 2735 eorum
1361 2669 1430 2750 (Ps.
1455 2671 1506 2740 72,
1532 2666 1579 2747 7).
1601 2667 1711 2743 Adeps

95 2769 216 2831 Aliter
229 2771 429 2846 pernoctem
444 2771 607 2848 liguratur
620 2772 814 2845 adversitas,
831 2773 865 2836 et
917 2772 968 2833 est
979 2771 1138 2847 sagimen,
1164 2770 1197 2832 et
1215 2768 1381 2847 siguificat
1397 2765 1633 2830 abundantiam
1655 2763 1711 2825 di-

53 2882 116 2942 per
134 2867 233 2926 diem
248 2868 463 2943 prosperitas.
483 2869 633 2932 Christus
645 2871 695 2932 est
709 2870 861 2932 columna
915 2868 1083 2931 siliarum.
1095 2868 1199 2940 Quasi
1214 2883 1256 2928 ex
1268 2866 1365 2943 adipe
1379 2863 1528 2944 procedit
1538 2859 1709 2938 iniquitas,

53 2963 148 3038 ignis
166 2962 205 3022 in
222 2964 335 3039 nocte;
352 2964 429 3041 quia
443 2965 610 3028 illuminat
626 2967 660 3030 et
673 2967 862 3029 consolatur
916 2965 1046 3042 quando
1061 2965 1160 3027 bomo
1181 2962 1349 3026 conlidens
1364 2961 1405 3022 de
1428 2959 1554 3023 divitiis
1573 2957 1642 3018 suis
1657 2956 1712 3018 ta-

54 3073 130 3130 nos,
156 3074 204 3120 ne
228 3051 420 3122 deficiamus
444 3062 481 3122 in
503 3061 728 3126 tribulatione.
745 3063 785 3125 Et
804 3079 862 3126 co-
915 3063 961 3124 oit
974 3062 1107 3140 aliquod
1121 3058 1417 3138 grevepeccatum.

56 3154 176 3217 lumna
197 3155 297 3216 nubis
312 3156 347 3216 in
362 3156 427 3230 die,
443 3159 521 3235 qnia
536 3161 679 3236 protegit
698 3175 760 3223 nos
774 3162 808 3223 et
823 3161 862 3222 li·
955 3159 1132 3222 saecularis
1151 3173 1231 3220 cura
1255 3155 1391 3233 impedit
1412 3169 1454 3215 ne
1477 3153 1576 3214 bomo
1595 3149 1710 3214 audiat

54 3248 153 3312 barat
167 3251 214 3319 ab
223 3252 343 3314 ardore
358 3255 647 3330 nncuprscsnnae.
913 3255 1050 3318 verbum
1064 3257 1135 3328 Dei,
1151 3255 1241 3332 quia,
1268 3254 1345 3314 dum
1365 3267 1422 3313 cor
1444 3253 1517 3328 ejus
1537 3249 1578 3310 ad
1604 3248 1708 3310 multa

94 3348 218 3421 Aliter,
235 3349 437 3424 pernoctem
452 3350 860 3430 designaturpcenadam-
913 3352 1082 3424 dividitur,
1099 3367 1217 3428 parum
1235 3349 1359 3425 cogitat
1376 3348 1417 3410 de
1435 3349 1514 3410 Deo.
1532 3345 1625 3406 Unde
1641 3347 1710 3406 Do-

54 3444 228 3514 natorum‚
240 3461 299 3521 per
311 3445 397 3508 diem
405 3447 512 3521 gloria
516 3449 692 3524 justorum.
706 3451 857 3514 Christus
912 3450 1022 3510 minus
1036 3449 1071 3509 in
1091 3446 1292 3522 Evangelio:
1308 3444 1482 3506 Attendite
1496 3456 1539 3502 ne
1560 3455 1709 3516 graven-

55 3540 120 3601 erit
134 3541 303 3603 columma
317 3543 405 3618 iguis
419 3543 455 3604 in
477 3543 585 3613 nocte,
600 3546 680 3621 quia
695 3544 857 3609 comburit
912 3547 971 3608 tur
988 3549 1094 3608 corda
1111 3545 1231 3606 vestra
1253 3546 1290 3604 tn
1312 3544 1456 3613 crapula
1482 3538 1517 3600 et
1540 3535 1707 3598 ebrietate

28 3642 30 3646 ·
54 3635 191 3713 iniquos
207 3639 243 3699 in
258 3639 383 3700 aeterna
402 3639 625 3710 damnatione,
648 3641 782 3704 dicens:
803 3645 856 3706 lte
910 3643 944 3704 et
958 3645 1053 3704 curis
1064 3644 1166 3714 binius
1179 3639 1262 3701 oitae
1274 3639 1369 3716 (Luc.
1382 3651 1453 3707 m,
1465 3632 1532 3711 34).
1692 3631 1696 3636 ”

54 3735 231 3796 maledicti
244 3737 281 3796 tn
295 3740 410 3812 ignem
422 3738 604 3800 ceternum.
620 3739 691 3802 Erit
702 3739 856 3802 columna
949 3739 1165 3800 Peccatorum
1185 3734 1360 3798 multitudo
1387 3730 1525 3808 impedit
1544 3744 1587 3790 ne
1605 3727 1705 3789 bomo

54 3829 153 3890 nubis
187 3831 225 3892 in
260 3831 324 3904 die,
358 3834 437 3909 quia
460 3833 672 3910 refrigerabit
691 3837 797 3913 justos
819 3839 854 3900 iu
909 3835 1171 3898 audiatverbum
1183 3834 1253 3906 Dei,
1270 3832 1348 3909 quia
1363 3830 1440 3891 dum
1453 3825 1598 3907 peccatis
1616 3824 1706 3886 mul-

55 3926 182 3989 aeterua
209 3927 425 4003 beatitudine,
453 3930 588 3992 dicens:
610 3934 737 4007 Venite,
754 3937 855 3998 benc-
907 3933 951 3995 tis
966 3934 1135 4004 oneratur,
1153 3945 1284 4009 semper
1297 3929 1332 3990 in
1346 3925 1512 3989 deteriora
1533 3921 1702 3992 dilabitur,

54 4023 135 4084 dicti
148 4026 274 4087 Patris
287 4029 367 4098 met,
379 4028 548 4100 percipite
561 4039 719 4104 regnum.
907 4031 973 4091 nisi
998 4045 1058 4107 per
1085 4027 1312 4106 poenitentiam
1337 4023 1514 4086 relevetur.
1546 4019 1640 4082 Unde
1666 4016 1703 4078 in

94 4121 244 4184 Gratiam
255 4121 377 4184 Christi
388 4123 599 4186 considerare
609 4125 776 4200 debemus,
792 4144 854 4205 per
907 4127 992 4190 Osee
1004 4126 1185 4204 propbeta:
1200 4125 1353 4200 Propter
1366 4121 1621 4184 multitudinem
1638 4117 1703 4177 ini·

54 4229 153 4289 quam
175 4218 282 4294 gratis
305 4218 433 4281 dimisit
453 4219 548 4282 nobis
572 4222 684 4284 omnia
704 4225 850 4300 peccata.
906 4224 1179 4299 curtatncnoent
1192 4223 1447 4286 multitudinem
1460 4213 1702 4280 annaneane

56 4311 148 4375 Unde
174 4314 354 4376 zacharias
378 4317 559 4394 propbeta:
574 4323 686 4382 indie
711 4325 770 4383 iiic
783 4324 853 4386 erit
907 4321 1014 4401 (oseae
1029 4337 1077 4392 11,
1090 4319 1136 4401 7).

55 4408 130 4478 tons
148 4411 276 4485 patens
302 4415 419 4475 mmm
445 4417 559 4476 David
582 4419 621 4477 in
644 4417 852 4482 ablutionem
946 4420 1120 4497 Sequitur:
1136 4420 1199 4487 Qut
1214 4418 1265 4480 est
1279 4432 1327 4482 en
1345 4420 1427 4487 Deo,
1444 4415 1550 4498 verbu
1563 4410 1628 4472 Dei
1641 4423 1703 4470 au·

52 4509 274 4574 peccatorum
288 4507 400 4588 (zach.
417 4525 491 4583 nn,
510 4509 553 4589 t).
568 4514 655 4574 Fons
669 4515 787 4592 patens
801 4517 851 4580 est
904 4517 954 4578 dit
980 4514 1091 4595 (toan.
1104 4531 1177 4588 eru,
1193 4515 1259 4594 47).
1273 4512 1432 4575 Homines
1449 4499 1606 4570 dicuutur
1626 4519 1700 4567 esse

55 4598 215 4676 Chmstus,
236 4606 314 4680 quia
333 4605 456 4682 inipso
475 4609 527 4668 est
545 4609 652 4670 omnis
673 4611 792 4686 gratia,
817 4614 851 4676 et
904 4613 1210 4685 exDec,etaliiex
1226 4608 1370 4674 diabolo.
1385 4604 1617 4678 Aliidecoe10,
1640 4601 1700 4665 alii

56 4692 124 4769 ipse
139 4701 230 4776 patet
244 4700 396 4764 omnibus
409 4703 450 4763 ad
465 4705 733 4768 sevenieutibus.
756 4710 849 4772 Unde
903 4709 944 4772 de
958 4710 1091 4772 mundo.
1117 4712 1237 4772 Omnes
1259 4723 1339 4770 vero
1361 4703 1541 4768 secundum
1565 4715 1699 4762 carnem

55 4787 123 4865 ipse
146 4797 194 4858 ait
217 4795 252 4856 in
276 4799 456 4874 Evangelio
473 4804 591 4862 :Eum
608 4807 667 4876 qui
686 4806 782 4867 venit
805 4811 849 4868 ad
903 4805 1044 4870 dicimur
1058 4823 1133 4870 esse
1151 4807 1192 4870 de
1206 4807 1308 4868 terra.
1324 4807 1374 4866 Ex
1387 4805 1454 4884 Deo
1478 4798 1555 4862 suut
1569 4797 1626 4875 qui
1642 4796 1699 4858 ia·-

55 4898 109 4965 me
129 4907 199 4954 non
219 4897 355 4967 ejiciam
377 4899 474 4970 {bras
493 4894 602 4975 (toan.
621 4913 667 4972 vr,
694 4900 760 4981 37).
783 4903 848 4966 Iste
902 4904 994 4967 ciunt
1024 4905 1229 4967 voluntatem
1259 4901 1330 4964 Dei.
1362 4899 1456 4964 Unde
1483 4899 1630 4960 ioannes
1662 4892 1698 4954 in

56 4983 568 5068 estlonspatensdomuibarid,
584 4995 681 5069 idest,
698 4999 846 5062 Ecclesia
901 5002 1047 5078 Epistola
1075 5002 1260 5063 canonica:
1295 5003 1368 5062 Nos
1397 5011 1444 5059 ecc
1464 4999 1535 5057 Deo
1562 5006 1696 5055 sumus.

57 5078 173 5146 Christi
187 5085 221 5146 in
232 5087 401 5150 ablutione
413 5092 607 5167 peccatoris,
620 5094 697 5170 quia
710 5097 847 5160 mundat
900 5100 940 5161 Et
952 5099 1094 5160 iterum:
1114 5101 1178 5162 Vos
1196 5113 1244 5161 eu
1256 5101 1328 5159 Deo
1342 5097 1437 5167 estis,
1454 5095 1560 5166 sitinii.

56 5188 112 5237 nos
125 5185 309 5258 apeocatis.
325 5186 417 5248 Unde
427 5190 572 5250 ioannes
581 5190 618 5250 in
627 5193 842 5272 Apocalypsi:
939 5198 990 5258 Ex
1003 5195 1134 5258 diabolo
1156 5195 1243 5268 sunt,
1267 5194 1323 5274 qui
1342 5191 1470 5254 iaciunt
1491 5185 1696 5252 voluntatem

57 5273 116 5336 Qui
129 5281 249 5342 aternu
262 5299 325 5345 nos
340 5284 373 5344 et
385 5285 469 5346 iuvit
483 5301 545 5348 rios
561 5291 745 5362 arescatis
759 5307 843 5354 nos-
899 5292 1033 5356 diaboli.
1055 5293 1148 5358 Unde
1167 5292 1327 5356 Dominus
1347 5291 1380 5352 in
1396 5286 1576 5364 Evangelio
1595 5306 1603 5346 ι
1631 5287 1695 5346 Vos

58 5368 119 5432 tris
137 5378 172 5436 in
186 5383 356 5455 sanguine
369 5396 432 5442 suo
453 5379 567 5460 (npoc.
582 5397 606 5456 1,
627 5383 673 5464 5).
697 5388 737 5448 ltt
755 5388 843 5450 idem
898 5405 944 5453 en
957 5391 1063 5466 putre
1081 5395 1211 5454 diabolo
1226 5392 1320 5462 ostie,
1337 5389 1371 5452 et
1389 5386 1562 5450 desideria
1576 5382 1694 5458 patris

57 5464 88 5526 in
104 5471 244 5547 Epistola
259 5492 266 5532 ε
280 5480 428 5555 Sanguis
437 5482 521 5540 Jesu
533 5484 843 5550 FtttiDeimundat
896 5487 1006 5548 uestri
1034 5487 1138 5548 virttis
1165 5488 1281 5562 fucere
1307 5483 1418 5564 (toan.
1454 5496 1525 5552 vui,
1554 5475 1619 5556 44).
1644 5478 1692 5537 De

58 5578 113 5627 uos
126 5573 166 5631 ab
181 5577 274 5636 onim
289 5577 468 5650 iniquitate
488 5573 598 5656 (toan.
620 5595 679 5652 sn,
694 5579 760 5662 46).
896 5583 979 5646 coelo
992 5585 1071 5647 sumt
1085 5582 1142 5662 qui
1157 5583 1305 5646 coelestia
1320 5579 1472 5659 diligunt,
1496 5579 1529 5640 et
1542 5573 1691 5640 coelestia
