<?xml version="1.0" encoding="UTF-8"?>
<!DOCTYPE html PUBLIC "-//W3C//DTD XHTML 1.0 Transitional//EN"
    "http://www.w3.org/TR/xhtml1/DTD/xhtml1-transitional.dtd">
<html xmlns="http://www.w3.org/1999/xhtml" xml:lang="en" lang="en">
 <head>
  <title>
</title>
<meta http-equiv="Content-Type" content="text/html;charset=utf-8" />
  <meta name='ocr-system' content='tesseract 3.04.00' />
  <meta name='ocr-capabilities' content='ocr_page ocr_carea ocr_par ocr_line ocrx_word'/>
</head>
<body>
  <div class='ocr_page' id='page_1' title='image "./mediiaevibiblio05bottgoog_0449.png"; bbox 0 0 4076 6420; ppageno 0'>
   <div class='ocr_carea' id='block_1_1' title="bbox 325 271 2011 354">
    <p class='ocr_par' dir='ltr' id='par_1_1' title="bbox 325 271 2011 354">
     <span class='ocr_line' id='line_1_1' title="bbox 325 271 2011 354; baseline 0.002 -17"><span class='ocrx_word' id='word_1_1' title='bbox 325 271 386 338; x_wconf 75' lang='lat' dir='ltr'>&#39;atu</span> <span class='ocrx_word' id='word_1_2' title='bbox 473 347 477 354; x_wconf 31' lang='grc' dir='ltr'>Ι</span> <span class='ocrx_word' id='word_1_3' title='bbox 788 275 964 342; x_wconf 82' lang='lat' dir='ltr'>HONORII</span> <span class='ocrx_word' id='word_1_4' title='bbox 985 277 1032 340; x_wconf 91' lang='lat'>111</span> <span class='ocrx_word' id='word_1_5' title='bbox 1053 279 1200 354; x_wconf 69' lang='lat' dir='ltr'>OPERA,</span> <span class='ocrx_word' id='word_1_6' title='bbox 1217 305 1255 322; x_wconf 93' lang='lat'><em>—</em></span> <span class='ocrx_word' id='word_1_7' title='bbox 1271 277 1502 342; x_wconf 79' lang='lat' dir='ltr'><strong>SERMONES.</strong></span> <span class='ocrx_word' id='word_1_8' title='bbox 1920 273 1982 340; x_wconf 76' lang='lat' dir='ltr'>aad</span> <span class='ocrx_word' id='word_1_9' title='bbox 2010 279 2011 290; x_wconf 53' lang='lat'>³</span> 
     </span>
    </p>
   </div>
   <div class='ocr_carea' id='block_1_2' title="bbox 324 423 2014 1585">
    <p class='ocr_par' dir='ltr' id='par_1_2' title="bbox 324 423 2012 1292">
     <span class='ocr_line' id='line_1_2' title="bbox 327 423 1979 512; baseline 0 -15"><span class='ocrx_word' id='word_1_10' title='bbox 327 423 556 510; x_wconf 84' lang='lat' dir='ltr'>novissimum,</span> <span class='ocrx_word' id='word_1_11' title='bbox 583 435 617 498; x_wconf 92' lang='lat' dir='ltr'>et</span> <span class='ocrx_word' id='word_1_12' title='bbox 639 433 849 511; x_wconf 85' lang='lat' dir='ltr'>altissimum,</span> <span class='ocrx_word' id='word_1_13' title='bbox 871 435 932 500; x_wconf 91' lang='lat' dir='ltr'>oht</span> <span class='ocrx_word' id='word_1_14' title='bbox 962 437 1120 499; x_wconf 91' lang='lat' dir='ltr'>humilem</span> <span class='ocrx_word' id='word_1_15' title='bbox 1174 437 1224 500; x_wconf 88' lang='lat' dir='ltr'>Ne</span> <span class='ocrx_word' id='word_1_16' title='bbox 1245 435 1396 500; x_wconf 89' lang='lat' dir='ltr'>diabolus</span> <span class='ocrx_word' id='word_1_17' title='bbox 1415 435 1595 500; x_wconf 86' lang='lat' dir='ltr'>luterllclat</span> <span class='ocrx_word' id='word_1_18' title='bbox 1608 447 1680 509; x_wconf 86' lang='lat' dir='ltr'>nos,</span> <span class='ocrx_word' id='word_1_19' title='bbox 1697 432 1733 498; x_wconf 92' lang='lat' dir='ltr'>ln</span> <span class='ocrx_word' id='word_1_20' title='bbox 1752 433 1870 499; x_wconf 85' lang='lat' dir='ltr'>anima</span> <span class='ocrx_word' id='word_1_21' title='bbox 1886 437 1979 512; x_wconf 88' lang='lat' dir='ltr'>pati-</span> 
     </span>
     <span class='ocr_line' id='line_1_3' title="bbox 327 512 2012 612; baseline 0 -18"><span class='ocrx_word' id='word_1_22' title='bbox 327 535 361 596; x_wconf 92' lang='lat' dir='ltr'>et</span> <span class='ocrx_word' id='word_1_23' title='bbox 376 531 560 606; x_wconf 82' lang='lat' dir='ltr'><strong>sublimem,</strong></span> <span class='ocrx_word' id='word_1_24' title='bbox 577 533 637 594; x_wconf 84' lang='lat' dir='ltr'>oht</span> <span class='ocrx_word' id='word_1_25' title='bbox 662 533 874 611; x_wconf 90' lang='lat' dir='ltr'>opprobrium</span> <span class='ocrx_word' id='word_1_26' title='bbox 893 534 1064 598; x_wconf 91' lang='lat' dir='ltr'>hominum</span> <span class='ocrx_word' id='word_1_27' title='bbox 1088 536 1121 598; x_wconf 92' lang='lat' dir='ltr'>et</span> <span class='ocrx_word' id='word_1_28' title='bbox 1172 535 1228 596; x_wconf 90' lang='lat' dir='ltr'>tur</span> <span class='ocrx_word' id='word_1_29' title='bbox 1240 536 1273 597; x_wconf 90' lang='lat' dir='ltr'>et</span> <span class='ocrx_word' id='word_1_30' title='bbox 1287 549 1436 612; x_wconf 88' lang='lat' dir='ltr'>corpore.</span> <span class='ocrx_word' id='word_1_31' title='bbox 1448 536 1518 596; x_wconf 88' lang='lat' dir='ltr'>Hac</span> <span class='ocrx_word' id='word_1_32' title='bbox 1533 532 1644 610; x_wconf 83' lang='lat' dir='ltr'>itaque</span> <span class='ocrx_word' id='word_1_33' title='bbox 1659 532 1912 609; x_wconf 84' lang='lat' dir='ltr'>significatione</span> <span class='ocrx_word' id='word_1_34' title='bbox 1928 551 1979 594; x_wconf 88' lang='lat' dir='ltr'>sa-</span> <span class='ocrx_word' id='word_1_35' title='bbox 2011 512 2012 584; x_wconf 72' lang='grc'>1</span> 
     </span>
     <span class='ocr_line' id='line_1_4' title="bbox 327 629 1977 707; baseline 0.001 -17"><span class='ocrx_word' id='word_1_36' title='bbox 327 629 434 707; x_wconf 87' lang='lat' dir='ltr'>gloria</span> <span class='ocrx_word' id='word_1_37' title='bbox 465 631 675 706; x_wconf 79' lang='lat' dir='ltr'>angelorum!</span> <span class='ocrx_word' id='word_1_38' title='bbox 708 633 813 694; x_wconf 90' lang='lat' dir='ltr'>Nemo</span> <span class='ocrx_word' id='word_1_39' title='bbox 846 633 908 693; x_wconf 91' lang='lat' dir='ltr'>illo</span> <span class='ocrx_word' id='word_1_40' title='bbox 934 632 1118 702; x_wconf 79' lang='lat' dir='ltr'>sublimior,</span> <span class='ocrx_word' id='word_1_41' title='bbox 1173 632 1358 694; x_wconf 90' lang='lat' dir='ltr'>maritanus</span> <span class='ocrx_word' id='word_1_42' title='bbox 1381 632 1432 694; x_wconf 89' lang='lat' dir='ltr'>est</span> <span class='ocrx_word' id='word_1_43' title='bbox 1460 631 1615 697; x_wconf 78' lang='lat' dir='ltr'><strong>Salvator</strong></span> <span class='ocrx_word' id='word_1_44' title='bbox 1636 631 1759 692; x_wconf 82' lang='lat' dir='ltr'>noster.</span> <span class='ocrx_word' id='word_1_45' title='bbox 1787 630 1855 692; x_wconf 89' lang='lat' dir='ltr'>Sed</span> <span class='ocrx_word' id='word_1_46' title='bbox 1887 631 1977 693; x_wconf 89' lang='lat' dir='ltr'>hanc</span> 
     </span>
     <span class='ocr_line' id='line_1_5' title="bbox 326 725 1976 806; baseline 0.001 -18"><span class='ocrx_word' id='word_1_47' title='bbox 326 743 424 789; x_wconf 90' lang='lat' dir='ltr'>nemo</span> <span class='ocrx_word' id='word_1_48' title='bbox 451 725 620 788; x_wconf 87' lang='lat' dir='ltr'>humilior.</span> <span class='ocrx_word' id='word_1_49' title='bbox 633 729 786 806; x_wconf 82' lang='lat' dir='ltr'>Denique</span> <span class='ocrx_word' id='word_1_50' title='bbox 807 729 913 806; x_wconf 89' lang='lat' dir='ltr'>sputis</span> <span class='ocrx_word' id='word_1_51' title='bbox 927 729 1033 791; x_wconf 87' lang='lat' dir='ltr'>illitus</span> <span class='ocrx_word' id='word_1_52' title='bbox 1056 731 1116 802; x_wconf 89' lang='lat' dir='ltr'>est,</span> <span class='ocrx_word' id='word_1_53' title='bbox 1173 729 1362 806; x_wconf 75' lang='lat' dir='ltr'>opinionem</span> <span class='ocrx_word' id='word_1_54' title='bbox 1377 727 1471 805; x_wconf 91' lang='lat' dir='ltr'>impii</span> <span class='ocrx_word' id='word_1_55' title='bbox 1484 727 1592 791; x_wconf 87' lang='lat' dir='ltr'>Judaei</span> <span class='ocrx_word' id='word_1_56' title='bbox 1608 727 1649 788; x_wconf 90' lang='lat' dir='ltr'>de</span> <span class='ocrx_word' id='word_1_57' title='bbox 1663 727 1795 789; x_wconf 86' lang='lat' dir='ltr'>Christo</span> <span class='ocrx_word' id='word_1_58' title='bbox 1819 743 1893 790; x_wconf 88' lang='lat' dir='ltr'>non</span> <span class='ocrx_word' id='word_1_59' title='bbox 1910 727 1976 789; x_wconf 91' lang='lat' dir='ltr'>ha-</span> 
     </span>
     <span class='ocr_line' id='line_1_6' title="bbox 326 823 1976 903; baseline 0.001 -17"><span class='ocrx_word' id='word_1_60' title='bbox 326 825 360 887; x_wconf 87' lang='lat' dir='ltr'>et</span> <span class='ocrx_word' id='word_1_61' title='bbox 382 823 567 903; x_wconf 81' lang='lat' dir='ltr'>opprobriis</span> <span class='ocrx_word' id='word_1_62' title='bbox 589 825 755 888; x_wconf 89' lang='lat' dir='ltr'>saturatus</span> <span class='ocrx_word' id='word_1_63' title='bbox 775 828 836 900; x_wconf 88' lang='lat' dir='ltr'>est,</span> <span class='ocrx_word' id='word_1_64' title='bbox 865 829 971 889; x_wconf 90' lang='lat' dir='ltr'>morte</span> <span class='ocrx_word' id='word_1_65' title='bbox 993 827 1120 903; x_wconf 90' lang='lat' dir='ltr'>turpis-</span> <span class='ocrx_word' id='word_1_66' title='bbox 1172 825 1303 900; x_wconf 87' lang='lat' dir='ltr'>behant,</span> <span class='ocrx_word' id='word_1_67' title='bbox 1329 827 1362 889; x_wconf 89' lang='lat' dir='ltr'>et</span> <span class='ocrx_word' id='word_1_68' title='bbox 1386 825 1460 890; x_wconf 90' lang='lat' dir='ltr'>ideo</span> <span class='ocrx_word' id='word_1_69' title='bbox 1486 825 1651 890; x_wconf 72' lang='lat' dir='ltr'>vocabant</span> <span class='ocrx_word' id='word_1_70' title='bbox 1675 841 1751 888; x_wconf 91' lang='lat' dir='ltr'>eum</span> <span class='ocrx_word' id='word_1_71' title='bbox 1779 827 1976 903; x_wconf 80' lang='lat' dir='ltr'>respective</span> 
     </span>
     <span class='ocr_line' id='line_1_7' title="bbox 325 921 1974 1000; baseline 0.001 -18"><span class='ocrx_word' id='word_1_72' title='bbox 325 922 410 982; x_wconf 91' lang='lat' dir='ltr'>sima</span> <span class='ocrx_word' id='word_1_73' title='bbox 436 921 681 985; x_wconf 87' lang='lat' dir='ltr'>comdemnatus</span> <span class='ocrx_word' id='word_1_74' title='bbox 696 925 756 997; x_wconf 88' lang='lat' dir='ltr'>est,</span> <span class='ocrx_word' id='word_1_75' title='bbox 774 939 848 986; x_wconf 93' lang='lat' dir='ltr'>cum</span> <span class='ocrx_word' id='word_1_76' title='bbox 868 925 1038 986; x_wconf 88' lang='lat' dir='ltr'>sceleratis</span> <span class='ocrx_word' id='word_1_77' title='bbox 1063 939 1119 986; x_wconf 90' lang='lat' dir='ltr'>re·</span> <span class='ocrx_word' id='word_1_78' title='bbox 1173 925 1422 997; x_wconf 88' lang='lat' dir='ltr'>samaritanum,</span> <span class='ocrx_word' id='word_1_79' title='bbox 1445 923 1540 1000; x_wconf 85' lang='lat' dir='ltr'><strong>quasi</strong></span> <span class='ocrx_word' id='word_1_80' title='bbox 1554 921 1655 984; x_wconf 79' lang='lat' dir='ltr'>rilem</span> <span class='ocrx_word' id='word_1_81' title='bbox 1677 923 1710 984; x_wconf 91' lang='lat' dir='ltr'>et</span> <span class='ocrx_word' id='word_1_82' title='bbox 1729 923 1974 999; x_wconf 79' lang='lat' dir='ltr'>alienigenam,</span> 
     </span>
     <span class='ocr_line' id='line_1_8' title="bbox 324 1016 1975 1097; baseline -0.001 -17"><span class='ocrx_word' id='word_1_83' title='bbox 324 1017 458 1097; x_wconf 89' lang='lat' dir='ltr'>putatus</span> <span class='ocrx_word' id='word_1_84' title='bbox 488 1020 549 1081; x_wconf 89' lang='lat' dir='ltr'>est.</span> <span class='ocrx_word' id='word_1_85' title='bbox 570 1021 720 1082; x_wconf 93' lang='lat' dir='ltr'>Nihilne</span> <span class='ocrx_word' id='word_1_86' title='bbox 746 1021 938 1084; x_wconf 89' lang='lat' dir='ltr'>moerebitur</span> <span class='ocrx_word' id='word_1_87' title='bbox 964 1022 1017 1084; x_wconf 84' lang='lat' dir='ltr'>vel</span> <span class='ocrx_word' id='word_1_88' title='bbox 1053 1022 1119 1084; x_wconf 87' lang='lat' dir='ltr'>ista</span> <span class='ocrx_word' id='word_1_89' title='bbox 1172 1035 1212 1081; x_wconf 88' lang='lat' dir='ltr'>eo</span> <span class='ocrx_word' id='word_1_90' title='bbox 1227 1019 1313 1097; x_wconf 88' lang='lat' dir='ltr'>quod</span> <span class='ocrx_word' id='word_1_91' title='bbox 1328 1017 1577 1080; x_wconf 86' lang='lat' dir='ltr'>Samaritanide</span> <span class='ocrx_word' id='word_1_92' title='bbox 1591 1016 1841 1079; x_wconf 90' lang='lat' dir='ltr'>cohabitatione</span> <span class='ocrx_word' id='word_1_93' title='bbox 1852 1019 1975 1080; x_wconf 86' lang='lat' dir='ltr'>Judae-</span> 
     </span>
     <span class='ocr_line' id='line_1_9' title="bbox 324 1114 1976 1196; baseline -0.001 -19"><span class='ocrx_word' id='word_1_94' title='bbox 324 1115 506 1190; x_wconf 86' lang='lat' dir='ltr'>humilitas,</span> <span class='ocrx_word' id='word_1_95' title='bbox 516 1133 588 1195; x_wconf 87' lang='lat' dir='ltr'>quae</span> <span class='ocrx_word' id='word_1_96' title='bbox 600 1117 796 1182; x_wconf 88' lang='lat' dir='ltr'>hunchabet</span> <span class='ocrx_word' id='word_1_97' title='bbox 810 1120 954 1194; x_wconf 89' lang='lat' dir='ltr'>modum,</span> <span class='ocrx_word' id='word_1_98' title='bbox 965 1135 1039 1196; x_wconf 82' lang='lat' dir='ltr'>quae</span> <span class='ocrx_word' id='word_1_99' title='bbox 1049 1119 1118 1182; x_wconf 86' lang='lat' dir='ltr'>tam</span> <span class='ocrx_word' id='word_1_100' title='bbox 1172 1131 1267 1178; x_wconf 92' lang='lat' dir='ltr'>orum</span> <span class='ocrx_word' id='word_1_101' title='bbox 1295 1116 1328 1177; x_wconf 90' lang='lat' dir='ltr'>et</span> <span class='ocrx_word' id='word_1_102' title='bbox 1347 1115 1445 1192; x_wconf 85' lang='lat' dir='ltr'>gente</span> <span class='ocrx_word' id='word_1_103' title='bbox 1465 1131 1533 1176; x_wconf 90' lang='lat' dir='ltr'>nou</span> <span class='ocrx_word' id='word_1_104' title='bbox 1556 1115 1662 1187; x_wconf 88' lang='lat' dir='ltr'>erant,</span> <span class='ocrx_word' id='word_1_105' title='bbox 1687 1117 1720 1176; x_wconf 87' lang='lat' dir='ltr'>et</span> <span class='ocrx_word' id='word_1_106' title='bbox 1735 1115 1778 1176; x_wconf 89' lang='lat' dir='ltr'>ad</span> <span class='ocrx_word' id='word_1_107' title='bbox 1804 1114 1887 1177; x_wconf 91' lang='lat' dir='ltr'>illos</span> <span class='ocrx_word' id='word_1_108' title='bbox 1908 1131 1976 1176; x_wconf 90' lang='lat' dir='ltr'>non</span> 
     </span>
     <span class='ocr_line' id='line_1_10' title="bbox 324 1211 1978 1292; baseline -0.001 -16"><span class='ocrx_word' id='word_1_109' title='bbox 324 1213 376 1276; x_wconf 89' lang='lat' dir='ltr'>est</span> <span class='ocrx_word' id='word_1_110' title='bbox 387 1214 475 1276; x_wconf 88' lang='lat' dir='ltr'>ultra</span> <span class='ocrx_word' id='word_1_111' title='bbox 491 1215 643 1276; x_wconf 87' lang='lat' dir='ltr'>modumt</span> <span class='ocrx_word' id='word_1_112' title='bbox 1171 1213 1391 1292; x_wconf 82' lang='lat' dir='ltr'>pertinebant</span> <span class='ocrx_word' id='word_1_113' title='bbox 1418 1213 1578 1275; x_wconf 87' lang='lat' dir='ltr'>Similiter</span> <span class='ocrx_word' id='word_1_114' title='bbox 1591 1212 1625 1274; x_wconf 91' lang='lat' dir='ltr'>et</span> <span class='ocrx_word' id='word_1_115' title='bbox 1645 1213 1704 1273; x_wconf 88' lang='lat' dir='ltr'>illa</span> <span class='ocrx_word' id='word_1_116' title='bbox 1718 1211 1843 1275; x_wconf 89' lang='lat' dir='ltr'>mulier</span> <span class='ocrx_word' id='word_1_117' title='bbox 1858 1227 1978 1274; x_wconf 90' lang='lat' dir='ltr'>sama-</span> 
     </span>
    </p>

    <p class='ocr_par' dir='ltr' id='par_1_3' title="bbox 324 1295 2014 1585">
     <span class='ocr_line' id='line_1_11' title="bbox 365 1295 2014 1390; baseline -0.001 -19"><span class='ocrx_word' id='word_1_118' title='bbox 365 1309 457 1373; x_wconf 88' lang='lat' dir='ltr'>Sicut</span> <span class='ocrx_word' id='word_1_119' title='bbox 472 1311 522 1374; x_wconf 88' lang='lat' dir='ltr'>est</span> <span class='ocrx_word' id='word_1_120' title='bbox 535 1313 694 1390; x_wconf 87' lang='lat' dir='ltr'>patientia</span> <span class='ocrx_word' id='word_1_121' title='bbox 710 1311 902 1390; x_wconf 90' lang='lat' dir='ltr'>singularis,</span> <span class='ocrx_word' id='word_1_122' title='bbox 922 1313 972 1376; x_wconf 91' lang='lat' dir='ltr'>slc</span> <span class='ocrx_word' id='word_1_123' title='bbox 994 1313 1027 1375; x_wconf 91' lang='lat' dir='ltr'>et</span> <span class='ocrx_word' id='word_1_124' title='bbox 1049 1311 1117 1375; x_wconf 86' lang='lat' dir='ltr'>hu·</span> <span class='ocrx_word' id='word_1_125' title='bbox 1172 1311 1292 1385; x_wconf 65' lang='lat' dir='ltr'>ritana</span> <span class='ocrx_word' id='word_1_126' title='bbox 1315 1325 1389 1388; x_wconf 88' lang='lat' dir='ltr'>quae</span> <span class='ocrx_word' id='word_1_127' title='bbox 1419 1310 1467 1373; x_wconf 88' lang='lat' dir='ltr'>ait</span> <span class='ocrx_word' id='word_1_128' title='bbox 1498 1309 1637 1372; x_wconf 90' lang='lat' dir='ltr'>Domino</span> <span class='ocrx_word' id='word_1_129' title='bbox 1669 1325 1791 1388; x_wconf 88' lang='lat' dir='ltr'>aquam</span> <span class='ocrx_word' id='word_1_130' title='bbox 1821 1310 1974 1388; x_wconf 73' lang='lat' dir='ltr'>petentis</span> <span class='ocrx_word' id='word_1_131' title='bbox 2013 1295 2014 1304; x_wconf 67' lang='grc'>’</span> 
     </span>
     <span class='ocr_line' id='line_1_12' title="bbox 324 1407 1979 1489; baseline 0 -20"><span class='ocrx_word' id='word_1_132' title='bbox 324 1407 448 1470; x_wconf 89' lang='lat' dir='ltr'>militas</span> <span class='ocrx_word' id='word_1_133' title='bbox 463 1408 689 1487; x_wconf 84' lang='lat' dir='ltr'>admirabilis3</span> <span class='ocrx_word' id='word_1_134' title='bbox 708 1413 848 1488; x_wconf 86' lang='lat' dir='ltr'>utraque</span> <span class='ocrx_word' id='word_1_135' title='bbox 869 1411 941 1472; x_wconf 91' lang='lat' dir='ltr'>sine</span> <span class='ocrx_word' id='word_1_136' title='bbox 952 1411 1115 1489; x_wconf 86' lang='lat' dir='ltr'>exemplo.</span> <span class='ocrx_word' id='word_1_137' title='bbox 1173 1409 1352 1480; x_wconf 77' lang='lat' dir='ltr'><em>Quomodo,</em></span> <span class='ocrx_word' id='word_1_138' title='bbox 1372 1409 1411 1470; x_wconf 83' lang='lat' dir='ltr'>tu</span> <span class='ocrx_word' id='word_1_139' title='bbox 1432 1409 1574 1469; x_wconf 67' lang='lat' dir='ltr'>Iudaeus</span> <span class='ocrx_word' id='word_1_140' title='bbox 1598 1421 1705 1481; x_wconf 79' lang='lat' dir='ltr'>quum</span> <span class='ocrx_word' id='word_1_141' title='bbox 1717 1409 1778 1479; x_wconf 81' lang='lat' dir='ltr'>sis,</span> <span class='ocrx_word' id='word_1_142' title='bbox 1799 1421 1824 1468; x_wconf 90' lang='lat' dir='ltr'>a</span> <span class='ocrx_word' id='word_1_143' title='bbox 1843 1423 1907 1469; x_wconf 82' lang='lat' dir='ltr'>me</span> <span class='ocrx_word' id='word_1_144' title='bbox 1925 1411 1979 1469; x_wconf 81' lang='lat' dir='ltr'>ht·</span> 
     </span>
     <span class='ocr_line' id='line_1_13' title="bbox 325 1505 1977 1585; baseline -0.002 -17"><span class='ocrx_word' id='word_1_145' title='bbox 325 1506 506 1583; x_wconf 83' lang='lat' dir='ltr'><strong>Utramque</strong></span> <span class='ocrx_word' id='word_1_146' title='bbox 520 1507 631 1570; x_wconf 89' lang='lat' dir='ltr'>tamen</span> <span class='ocrx_word' id='word_1_147' title='bbox 646 1508 821 1584; x_wconf 88' lang='lat' dir='ltr'>magnifice</span> <span class='ocrx_word' id='word_1_148' title='bbox 833 1523 935 1571; x_wconf 88' lang='lat' dir='ltr'>causa</span> <span class='ocrx_word' id='word_1_149' title='bbox 947 1507 1020 1585; x_wconf 89' lang='lat' dir='ltr'>ipsa</span> <span class='ocrx_word' id='word_1_150' title='bbox 1032 1523 1118 1570; x_wconf 86' lang='lat' dir='ltr'>com·</span> <span class='ocrx_word' id='word_1_151' title='bbox 1172 1509 1251 1568; x_wconf 82' lang='lat' dir='ltr'>bere</span> <span class='ocrx_word' id='word_1_152' title='bbox 1260 1507 1387 1578; x_wconf 78' lang='lat' dir='ltr'>posca,</span> <span class='ocrx_word' id='word_1_153' title='bbox 1400 1519 1477 1578; x_wconf 78' lang='lat' dir='ltr'>pecca</span> <span class='ocrx_word' id='word_1_154' title='bbox 1489 1517 1569 1567; x_wconf 81' lang='lat' dir='ltr'>sum</span> <span class='ocrx_word' id='word_1_155' title='bbox 1582 1506 1710 1566; x_wconf 76' lang='lat' dir='ltr'>mcdter</span> <span class='ocrx_word' id='word_1_156' title='bbox 1720 1505 1977 1566; x_wconf 63' lang='lat' dir='ltr'>sonwmtanar</span> 
     </span>
    </p>
   </div>
   <div class='ocr_carea' id='block_1_3' title="bbox 203 1593 1975 1681">
    <p class='ocr_par' dir='ltr' id='par_1_4' title="bbox 203 1593 1975 1681">
     <span class='ocr_line' id='line_1_14' title="bbox 203 1593 1975 1681; baseline -0.001 -19"><span class='ocrx_word' id='word_1_157' title='bbox 203 1593 206 1605; x_wconf 90' lang='lat'>&#39;</span> <span class='ocrx_word' id='word_1_158' title='bbox 323 1603 475 1674; x_wconf 76' lang='lat' dir='ltr'>mandat,</span> <span class='ocrx_word' id='word_1_159' title='bbox 506 1603 662 1664; x_wconf 90' lang='lat' dir='ltr'>nimirum</span> <span class='ocrx_word' id='word_1_160' title='bbox 690 1605 837 1666; x_wconf 79' lang='lat' dir='ltr'>charitas</span> <span class='ocrx_word' id='word_1_161' title='bbox 867 1606 928 1668; x_wconf 89' lang='lat' dir='ltr'>est.</span> <span class='ocrx_word' id='word_1_162' title='bbox 964 1607 1119 1681; x_wconf 83' lang='lat' dir='ltr'>Propter</span> <span class='ocrx_word' id='word_1_163' title='bbox 1170 1607 1251 1666; x_wconf 86' lang='lat' dir='ltr'>Non</span> <span class='ocrx_word' id='word_1_164' title='bbox 1277 1605 1371 1665; x_wconf 79' lang='lat' dir='ltr'>enim</span> <span class='ocrx_word' id='word_1_165' title='bbox 1393 1601 1581 1664; x_wconf 80' lang='lat' dir='ltr'>coutuntur</span> <span class='ocrx_word' id='word_1_166' title='bbox 1599 1603 1712 1662; x_wconf 77' lang='lat' dir='ltr'>Juooet</span> <span class='ocrx_word' id='word_1_167' title='bbox 1731 1601 1975 1663; x_wconf 74' lang='lat' dir='ltr'>Sunzarttonts</span> 
     </span>
    </p>
   </div>
   <div class='ocr_carea' id='block_1_4' title="bbox 264 1696 1974 2651">
    <p class='ocr_par' dir='ltr' id='par_1_5' title="bbox 264 1696 1974 2651">
     <span class='ocr_line' id='line_1_15' title="bbox 323 1696 1974 1778; baseline 0 -20"><span class='ocrx_word' id='word_1_168' title='bbox 323 1700 470 1760; x_wconf 76' lang='lat' dir='ltr'>nimiam</span> <span class='ocrx_word' id='word_1_169' title='bbox 488 1701 693 1761; x_wconf 69' lang='lat' dir='ltr'>clamatam</span> <span class='ocrx_word' id='word_1_170' title='bbox 712 1717 780 1775; x_wconf 78' lang='lat' dir='ltr'>pua</span> <span class='ocrx_word' id='word_1_171' title='bbox 800 1702 922 1764; x_wconf 68' lang='lat' dir='ltr'>cubit</span> <span class='ocrx_word' id='word_1_172' title='bbox 942 1717 1004 1764; x_wconf 79' lang='lat' dir='ltr'>nos</span> <span class='ocrx_word' id='word_1_173' title='bbox 1025 1707 1117 1765; x_wconf 81' lang='lat' dir='ltr'>Deus</span> <span class='ocrx_word' id='word_1_174' title='bbox 1172 1696 1282 1777; x_wconf 88' lang='lat' dir='ltr'>(Joan.</span> <span class='ocrx_word' id='word_1_175' title='bbox 1310 1713 1356 1771; x_wconf 79' lang='lat' dir='ltr'>rr,</span> <span class='ocrx_word' id='word_1_176' title='bbox 1376 1697 1423 1778; x_wconf 81' lang='grc'>9).</span> <span class='ocrx_word' id='word_1_177' title='bbox 1447 1701 1498 1760; x_wconf 76' lang='lat' dir='ltr'>lix</span> <span class='ocrx_word' id='word_1_178' title='bbox 1518 1713 1583 1776; x_wconf 88' lang='lat' dir='ltr'>quo</span> <span class='ocrx_word' id='word_1_179' title='bbox 1605 1696 1704 1759; x_wconf 80' lang='lat' dir='ltr'>facile</span> <span class='ocrx_word' id='word_1_180' title='bbox 1724 1696 1872 1771; x_wconf 85' lang='lat' dir='ltr'>ridetur,</span> <span class='ocrx_word' id='word_1_181' title='bbox 1892 1698 1974 1774; x_wconf 85' lang='lat' dir='ltr'>quia</span> 
     </span>
     <span class='ocr_line' id='line_1_16' title="bbox 324 1793 1974 1876; baseline 0 -20"><span class='ocrx_word' id='word_1_182' title='bbox 324 1793 422 1875; x_wconf 80' lang='lat' dir='ltr'>(Eph.</span> <span class='ocrx_word' id='word_1_183' title='bbox 439 1810 475 1867; x_wconf 92' lang='grc'>11,</span> <span class='ocrx_word' id='word_1_184' title='bbox 489 1793 534 1876; x_wconf 85' lang='grc'>4).</span> <span class='ocrx_word' id='word_1_185' title='bbox 548 1797 591 1857; x_wconf 91' lang='lat' dir='ltr'>Ut</span> <span class='ocrx_word' id='word_1_186' title='bbox 602 1811 734 1857; x_wconf 86' lang='lat' dir='ltr'>servum</span> <span class='ocrx_word' id='word_1_187' title='bbox 744 1796 932 1870; x_wconf 78' lang='lat' dir='ltr'>redimeret,</span> <span class='ocrx_word' id='word_1_188' title='bbox 947 1815 1008 1860; x_wconf 88' lang='lat' dir='ltr'>nec</span> <span class='ocrx_word' id='word_1_189' title='bbox 1018 1798 1118 1860; x_wconf 87' lang='lat' dir='ltr'>Pater</span> <span class='ocrx_word' id='word_1_190' title='bbox 1171 1811 1232 1872; x_wconf 92' lang='lat' dir='ltr'>per</span> <span class='ocrx_word' id='word_1_191' title='bbox 1242 1796 1443 1873; x_wconf 86' lang='lat' dir='ltr'>vituperium</span> <span class='ocrx_word' id='word_1_192' title='bbox 1459 1795 1651 1873; x_wconf 87' lang='lat' dir='ltr'>objecerunt</span> <span class='ocrx_word' id='word_1_193' title='bbox 1664 1794 1772 1857; x_wconf 86' lang='lat' dir='ltr'>Judaei</span> <span class='ocrx_word' id='word_1_194' title='bbox 1786 1816 1794 1854; x_wconf 91' lang='lat'><strong>:</strong></span> <span class='ocrx_word' id='word_1_195' title='bbox 1809 1795 1894 1872; x_wconf 87' lang='lat' dir='ltr'>quia</span> <span class='ocrx_word' id='word_1_196' title='bbox 1912 1811 1974 1856; x_wconf 87' lang='lat' dir='ltr'>sa·</span> 
     </span>
     <span class='ocr_line' id='line_1_17' title="bbox 323 1891 1970 1970; baseline -0.001 -16"><span class='ocrx_word' id='word_1_197' title='bbox 323 1892 420 1964; x_wconf 86' lang='lat' dir='ltr'>Filio,</span> <span class='ocrx_word' id='word_1_198' title='bbox 446 1907 507 1954; x_wconf 86' lang='lat' dir='ltr'>nec</span> <span class='ocrx_word' id='word_1_199' title='bbox 533 1891 597 1954; x_wconf 88' lang='lat' dir='ltr'>sibi</span> <span class='ocrx_word' id='word_1_200' title='bbox 624 1893 729 1954; x_wconf 84' lang='lat' dir='ltr'>Filius</span> <span class='ocrx_word' id='word_1_201' title='bbox 754 1893 826 1970; x_wconf 88' lang='lat' dir='ltr'>ipse</span> <span class='ocrx_word' id='word_1_202' title='bbox 848 1893 1006 1970; x_wconf 89' lang='lat' dir='ltr'>pepercit.</span> <span class='ocrx_word' id='word_1_203' title='bbox 1031 1898 1117 1959; x_wconf 84' lang='lat' dir='ltr'>Vere</span> <span class='ocrx_word' id='word_1_204' title='bbox 1171 1893 1356 1954; x_wconf 83' lang='lat' dir='ltr'>maritanas</span> <span class='ocrx_word' id='word_1_205' title='bbox 1378 1909 1414 1954; x_wconf 92' lang='lat' dir='ltr'>es</span> <span class='ocrx_word' id='word_1_206' title='bbox 1436 1892 1483 1964; x_wconf 93' lang='lat' dir='ltr'>tu,</span> <span class='ocrx_word' id='word_1_207' title='bbox 1511 1892 1597 1954; x_wconf 88' lang='lat' dir='ltr'>sicut</span> <span class='ocrx_word' id='word_1_208' title='bbox 1619 1891 1653 1953; x_wconf 91' lang='lat' dir='ltr'>et</span> <span class='ocrx_word' id='word_1_209' title='bbox 1670 1906 1731 1967; x_wconf 89' lang='lat' dir='ltr'>per</span> <span class='ocrx_word' id='word_1_210' title='bbox 1750 1891 1970 1968; x_wconf 83' lang='lat' dir='ltr'>vituperium,</span> 
     </span>
     <span class='ocr_line' id='line_1_18' title="bbox 322 1988 1974 2066; baseline 0 -16"><span class='ocrx_word' id='word_1_211' title='bbox 322 1988 438 2062; x_wconf 87' lang='lat' dir='ltr'>nimia,</span> <span class='ocrx_word' id='word_1_212' title='bbox 455 1991 533 2066; x_wconf 87' lang='lat' dir='ltr'>quia</span> <span class='ocrx_word' id='word_1_213' title='bbox 552 1990 585 2052; x_wconf 89' lang='lat' dir='ltr'>et</span> <span class='ocrx_word' id='word_1_214' title='bbox 604 1989 660 2050; x_wconf 92' lang='lat' dir='ltr'>hic</span> <span class='ocrx_word' id='word_1_215' title='bbox 674 2005 863 2050; x_wconf 86' lang='lat' dir='ltr'>mensuram</span> <span class='ocrx_word' id='word_1_216' title='bbox 876 1991 1018 2064; x_wconf 85' lang='lat' dir='ltr'>excedit,</span> <span class='ocrx_word' id='word_1_217' title='bbox 1040 2008 1116 2054; x_wconf 91' lang='lat' dir='ltr'>mo·</span> <span class='ocrx_word' id='word_1_218' title='bbox 1171 1989 1371 2052; x_wconf 85' lang='lat' dir='ltr'>daemonium</span> <span class='ocrx_word' id='word_1_219' title='bbox 1385 1989 1501 2050; x_wconf 89' lang='lat' dir='ltr'>habes.</span> <span class='ocrx_word' id='word_1_220' title='bbox 1516 1990 1603 2050; x_wconf 88' lang='lat' dir='ltr'>Nam</span> <span class='ocrx_word' id='word_1_221' title='bbox 1615 1988 1644 2048; x_wconf 94' lang='lat' dir='ltr'>si</span> <span class='ocrx_word' id='word_1_222' title='bbox 1662 1988 1908 2050; x_wconf 86' lang='lat' dir='ltr'>samaritanum</span> <span class='ocrx_word' id='word_1_223' title='bbox 1919 2005 1974 2050; x_wconf 84' lang='lat' dir='ltr'>ro-</span> 
     </span>
     <span class='ocr_line' id='line_1_19' title="bbox 323 2085 1971 2165; baseline -0.001 -17"><span class='ocrx_word' id='word_1_224' title='bbox 323 2085 401 2148; x_wconf 90' lang='lat' dir='ltr'>dum</span> <span class='ocrx_word' id='word_1_225' title='bbox 425 2085 570 2164; x_wconf 89' lang='lat' dir='ltr'>superat,</span> <span class='ocrx_word' id='word_1_226' title='bbox 586 2085 684 2164; x_wconf 87' lang='lat' dir='ltr'>plane</span> <span class='ocrx_word' id='word_1_227' title='bbox 708 2087 957 2165; x_wconf 91' lang='lat' dir='ltr'>supereminens</span> <span class='ocrx_word' id='word_1_228' title='bbox 977 2090 1118 2152; x_wconf 86' lang='lat' dir='ltr'>unirer-</span> <span class='ocrx_word' id='word_1_229' title='bbox 1170 2086 1303 2148; x_wconf 82' lang='lat' dir='ltr'>cassant</span> <span class='ocrx_word' id='word_1_230' title='bbox 1329 2086 1556 2162; x_wconf 83' lang='lat' dir='ltr'>significantes</span> <span class='ocrx_word' id='word_1_231' title='bbox 1590 2100 1666 2147; x_wconf 87' lang='lat' dir='ltr'>eum</span> <span class='ocrx_word' id='word_1_232' title='bbox 1698 2099 1773 2147; x_wconf 87' lang='lat' dir='ltr'>essa</span> <span class='ocrx_word' id='word_1_233' title='bbox 1795 2086 1971 2147; x_wconf 79' lang='lat' dir='ltr'>custodem</span> 
     </span>
     <span class='ocr_line' id='line_1_20' title="bbox 326 2181 1968 2260; baseline 0 -16"><span class='ocrx_word' id='word_1_234' title='bbox 326 2185 385 2244; x_wconf 89' lang='lat' dir='ltr'>sis.</span> <span class='ocrx_word' id='word_1_235' title='bbox 422 2188 596 2259; x_wconf 68' lang='lat' dir='ltr'>Majorem</span> <span class='ocrx_word' id='word_1_236' title='bbox 633 2187 727 2246; x_wconf 74' lang='lat' dir='ltr'>oraim</span> <span class='ocrx_word' id='word_1_237' title='bbox 765 2187 973 2248; x_wconf 75' lang='lat' dir='ltr'>oborttatem</span> <span class='ocrx_word' id='word_1_238' title='bbox 1015 2201 1116 2250; x_wconf 78' lang='lat' dir='ltr'>aeneo</span> <span class='ocrx_word' id='word_1_239' title='bbox 1167 2183 1263 2260; x_wconf 81' lang='lat' dir='ltr'>Juxta</span> <span class='ocrx_word' id='word_1_240' title='bbox 1281 2183 1425 2244; x_wconf 89' lang='lat' dir='ltr'>nominis</span> <span class='ocrx_word' id='word_1_241' title='bbox 1444 2181 1761 2259; x_wconf 89' lang='lat' dir='ltr'>interpretationem,</span> <span class='ocrx_word' id='word_1_242' title='bbox 1783 2197 1862 2242; x_wconf 90' lang='lat' dir='ltr'>eum</span> <span class='ocrx_word' id='word_1_243' title='bbox 1887 2199 1968 2258; x_wconf 91' lang='lat' dir='ltr'>pro-</span> 
     </span>
     <span class='ocr_line' id='line_1_21' title="bbox 264 2267 1971 2358; baseline -0.002 -14"><span class='ocrx_word' id='word_1_244' title='bbox 264 2267 269 2272; x_wconf 66' lang='grc'>’</span> <span class='ocrx_word' id='word_1_245' title='bbox 322 2282 423 2344; x_wconf 75' lang='lat' dir='ltr'>habet</span> <span class='ocrx_word' id='word_1_246' title='bbox 448 2281 488 2342; x_wconf 84' lang='lat' dir='ltr'>ut</span> <span class='ocrx_word' id='word_1_247' title='bbox 514 2283 669 2344; x_wconf 84' lang='lat' dir='ltr'>antmam</span> <span class='ocrx_word' id='word_1_248' title='bbox 693 2297 795 2344; x_wconf 82' lang='lat' dir='ltr'>suom</span> <span class='ocrx_word' id='word_1_249' title='bbox 815 2284 922 2358; x_wconf 85' lang='lat' dir='ltr'>ponat</span> <span class='ocrx_word' id='word_1_250' title='bbox 948 2287 1026 2358; x_wconf 78' lang='lat' dir='ltr'>puts</span> <span class='ocrx_word' id='word_1_251' title='bbox 1047 2299 1117 2358; x_wconf 82' lang='lat' dir='ltr'>pro</span> <span class='ocrx_word' id='word_1_252' title='bbox 1170 2280 1256 2341; x_wconf 81' lang='lat' dir='ltr'>fecto</span> <span class='ocrx_word' id='word_1_253' title='bbox 1278 2279 1471 2342; x_wconf 86' lang='lat' dir='ltr'>laudassent</span> <span class='ocrx_word' id='word_1_254' title='bbox 1484 2295 1582 2357; x_wconf 79' lang='lat' dir='ltr'>qurem</span> <span class='ocrx_word' id='word_1_255' title='bbox 1606 2277 1760 2340; x_wconf 92' lang='lat' dir='ltr'>omnibus</span> <span class='ocrx_word' id='word_1_256' title='bbox 1776 2279 1888 2340; x_wconf 88' lang='lat' dir='ltr'>modis</span> <span class='ocrx_word' id='word_1_257' title='bbox 1911 2279 1971 2340; x_wconf 90' lang='lat' dir='ltr'>de-</span> 
     </span>
     <span class='ocr_line' id='line_1_22' title="bbox 322 2375 1970 2459; baseline -0.001 -19"><span class='ocrx_word' id='word_1_258' title='bbox 322 2379 444 2440; x_wconf 77' lang='lat' dir='ltr'>amaa</span> <span class='ocrx_word' id='word_1_259' title='bbox 455 2379 529 2439; x_wconf 75' lang='lat' dir='ltr'>sats</span> <span class='ocrx_word' id='word_1_260' title='bbox 542 2375 651 2456; x_wconf 87' lang='lat' dir='ltr'>(Joan.</span> <span class='ocrx_word' id='word_1_261' title='bbox 662 2392 720 2448; x_wconf 85' lang='lat' dir='ltr'>xv,</span> <span class='ocrx_word' id='word_1_262' title='bbox 734 2377 799 2459; x_wconf 85' lang='lat'>13).</span> <span class='ocrx_word' id='word_1_263' title='bbox 814 2380 975 2459; x_wconf 69' lang='lat' dir='ltr'>Maiorem</span> <span class='ocrx_word' id='word_1_264' title='bbox 987 2380 1114 2453; x_wconf 88' lang='lat' dir='ltr'>habuit,</span> <span class='ocrx_word' id='word_1_265' title='bbox 1170 2377 1312 2453; x_wconf 84' lang='lat' dir='ltr'>primore</span> <span class='ocrx_word' id='word_1_266' title='bbox 1331 2375 1536 2452; x_wconf 76' lang='lat' dir='ltr'>satagebant.</span> <span class='ocrx_word' id='word_1_267' title='bbox 1555 2377 1716 2440; x_wconf 85' lang='lat' dir='ltr'>Similiter</span> <span class='ocrx_word' id='word_1_268' title='bbox 1735 2379 1776 2440; x_wconf 89' lang='lat' dir='ltr'>de</span> <span class='ocrx_word' id='word_1_269' title='bbox 1790 2375 1851 2439; x_wconf 91' lang='lat' dir='ltr'>illo</span> <span class='ocrx_word' id='word_1_270' title='bbox 1870 2392 1970 2454; x_wconf 81' lang='lat' dir='ltr'>quem</span> 
     </span>
     <span class='ocr_line' id='line_1_23' title="bbox 324 2472 1968 2558; baseline 0.005 -20"><span class='ocrx_word' id='word_1_271' title='bbox 324 2477 382 2555; x_wconf 84' lang='lat' dir='ltr'>qui</span> <span class='ocrx_word' id='word_1_272' title='bbox 405 2492 466 2554; x_wconf 92' lang='lat' dir='ltr'>pro</span> <span class='ocrx_word' id='word_1_273' title='bbox 486 2478 631 2541; x_wconf 89' lang='lat' dir='ltr'>inimicis</span> <span class='ocrx_word' id='word_1_274' title='bbox 659 2481 780 2557; x_wconf 90' lang='lat' dir='ltr'>posuit.</span> <span class='ocrx_word' id='word_1_275' title='bbox 808 2481 901 2543; x_wconf 90' lang='lat' dir='ltr'>Unde</span> <span class='ocrx_word' id='word_1_276' title='bbox 918 2481 1114 2558; x_wconf 75' lang='lat' dir='ltr'>Apostolusr</span> <span class='ocrx_word' id='word_1_277' title='bbox 1171 2473 1318 2534; x_wconf 73' lang='grc'><strong>11110111</strong></span> <span class='ocrx_word' id='word_1_278' title='bbox 1329 2472 1591 2550; x_wconf 58' lang='grc'><strong>0110111111,</strong></span> <span class='ocrx_word' id='word_1_279' title='bbox 1602 2475 1635 2538; x_wconf 67' lang='lat' dir='ltr'>ei</span> <span class='ocrx_word' id='word_1_280' title='bbox 1645 2475 1878 2537; x_wconf 67' lang='lat' dir='ltr'>Samaritanus</span> <span class='ocrx_word' id='word_1_281' title='bbox 1894 2490 1968 2536; x_wconf 79' lang='grc'><strong>11111</strong></span> 
     </span>
     <span class='ocr_line' id='line_1_24' title="bbox 323 2569 1969 2651; baseline 0.005 -26"><span class='ocrx_word' id='word_1_282' title='bbox 323 2575 435 2642; x_wconf 74' lang='lat' dir='ltr'>ouum</span> <span class='ocrx_word' id='word_1_283' title='bbox 454 2578 564 2638; x_wconf 64' lang='lat' dir='ltr'>adnuo</span> <span class='ocrx_word' id='word_1_284' title='bbox 584 2578 717 2639; x_wconf 63' lang='lat' dir='ltr'>animm</span> <span class='ocrx_word' id='word_1_285' title='bbox 731 2591 894 2651; x_wconf 62' lang='lat' dir='ltr'>egemus,</span> <span class='ocrx_word' id='word_1_286' title='bbox 910 2581 1115 2642; x_wconf 67' lang='lat' dir='ltr'>recomma-</span> <span class='ocrx_word' id='word_1_287' title='bbox 1169 2584 1210 2631; x_wconf 88' lang='lat' dir='ltr'>eo</span> <span class='ocrx_word' id='word_1_288' title='bbox 1242 2569 1320 2632; x_wconf 86' lang='lat' dir='ltr'>lecit</span> <span class='ocrx_word' id='word_1_289' title='bbox 1353 2569 1628 2645; x_wconf 86' lang='lat' dir='ltr'>misericordiam,</span> <span class='ocrx_word' id='word_1_290' title='bbox 1665 2573 1753 2634; x_wconf 90' lang='lat' dir='ltr'>sicut</span> <span class='ocrx_word' id='word_1_291' title='bbox 1784 2572 1911 2647; x_wconf 87' lang='lat' dir='ltr'>legitur</span> <span class='ocrx_word' id='word_1_292' title='bbox 1933 2573 1969 2634; x_wconf 89' lang='lat' dir='ltr'>in</span> 
     </span>
    </p>
   </div>
   <div class='ocr_carea' id='block_1_5' title="bbox 321 2665 1967 2850">
    <p class='ocr_par' dir='ltr' id='par_1_6' title="bbox 321 2665 1967 2850">
     <span class='ocr_line' id='line_1_25' title="bbox 322 2665 1966 2754; baseline 0 -25"><span class='ocrx_word' id='word_1_293' title='bbox 322 2671 374 2733; x_wconf 84' lang='lat' dir='ltr'>ott</span> <span class='ocrx_word' id='word_1_294' title='bbox 384 2687 448 2734; x_wconf 80' lang='lat' dir='ltr'>nos</span> <span class='ocrx_word' id='word_1_295' title='bbox 461 2675 555 2736; x_wconf 75' lang='lat' dir='ltr'>Deus</span> <span class='ocrx_word' id='word_1_296' title='bbox 565 2687 632 2750; x_wconf 78' lang='lat' dir='ltr'>per</span> <span class='ocrx_word' id='word_1_297' title='bbox 646 2673 796 2737; x_wconf 74' lang='lat' dir='ltr'>mortem</span> <span class='ocrx_word' id='word_1_298' title='bbox 813 2677 894 2737; x_wconf 73' lang='grc'><strong>111111</strong></span> <span class='ocrx_word' id='word_1_299' title='bbox 908 2678 984 2749; x_wconf 67' lang='lat' dir='ltr'>ejus</span> <span class='ocrx_word' id='word_1_300' title='bbox 996 2673 1026 2754; x_wconf 91' lang='lat'>(1</span> <span class='ocrx_word' id='word_1_301' title='bbox 1040 2677 1114 2738; x_wconf 76' lang='lat' dir='ltr'>Cor.</span> <span class='ocrx_word' id='word_1_302' title='bbox 1170 2665 1371 2742; x_wconf 79' lang='lat' dir='ltr'>Evangelior</span> <span class='ocrx_word' id='word_1_303' title='bbox 1397 2668 1626 2731; x_wconf 85' lang='lat' dir='ltr'>Samaritanus</span> <span class='ocrx_word' id='word_1_304' title='bbox 1643 2668 1821 2730; x_wconf 85' lang='lat' dir='ltr'>inltmdens</span> <span class='ocrx_word' id='word_1_305' title='bbox 1844 2668 1966 2743; x_wconf 91' lang='lat' dir='ltr'>oleum,</span> 
     </span>
     <span class='ocr_line' id='line_1_26' title="bbox 321 2763 1967 2850; baseline -0.002 -20"><span class='ocrx_word' id='word_1_306' title='bbox 321 2781 379 2841; x_wconf 82' lang='lat' dir='ltr'>vn,</span> <span class='ocrx_word' id='word_1_307' title='bbox 404 2767 468 2850; x_wconf 94' lang='grc'><strong>11).</strong></span> <span class='ocrx_word' id='word_1_308' title='bbox 493 2766 651 2841; x_wconf 84' lang='lat' dir='ltr'>Quaenam</span> <span class='ocrx_word' id='word_1_309' title='bbox 677 2787 756 2848; x_wconf 89' lang='lat' dir='ltr'>ergo</span> <span class='ocrx_word' id='word_1_310' title='bbox 781 2771 947 2834; x_wconf 80' lang='lat' dir='ltr'>videbitur</span> <span class='ocrx_word' id='word_1_311' title='bbox 970 2772 1037 2834; x_wconf 80' lang='lat' dir='ltr'>alia</span> <span class='ocrx_word' id='word_1_312' title='bbox 1062 2772 1116 2834; x_wconf 77' lang='lat' dir='ltr'>vel</span> <span class='ocrx_word' id='word_1_313' title='bbox 1171 2764 1203 2824; x_wconf 89' lang='lat' dir='ltr'>et</span> <span class='ocrx_word' id='word_1_314' title='bbox 1223 2764 1349 2838; x_wconf 82' lang='lat' dir='ltr'>vinam,</span> <span class='ocrx_word' id='word_1_315' title='bbox 1363 2763 1396 2826; x_wconf 92' lang='lat' dir='ltr'>et</span> <span class='ocrx_word' id='word_1_316' title='bbox 1410 2763 1652 2828; x_wconf 85' lang='lat' dir='ltr'>commendavit</span> <span class='ocrx_word' id='word_1_317' title='bbox 1670 2781 1744 2827; x_wconf 92' lang='lat' dir='ltr'>cum</span> <span class='ocrx_word' id='word_1_318' title='bbox 1768 2765 1967 2828; x_wconf 85' lang='lat' dir='ltr'>stabulario.</span> 
     </span>
    </p>
   </div>
   <div class='ocr_carea' id='block_1_6' title="bbox 315 2859 1970 5658">
    <p class='ocr_par' dir='ltr' id='par_1_7' title="bbox 315 2859 1970 5658">
     <span class='ocr_line' id='line_1_27' title="bbox 323 2859 1969 2941; baseline 0.01 -16"><span class='ocrx_word' id='word_1_319' title='bbox 323 2864 891 2941; x_wconf 69' lang='grc' dir='ltr'><strong>11111191919111,1911ο19111111111</strong></span> <span class='ocrx_word' id='word_1_320' title='bbox 910 2869 1118 2930; x_wconf 90' lang='lat' dir='ltr'>huicchari-</span> <span class='ocrx_word' id='word_1_321' title='bbox 1171 2859 1358 2922; x_wconf 70' lang='lat' dir='ltr'>Secundum</span> <span class='ocrx_word' id='word_1_322' title='bbox 1379 2859 1466 2922; x_wconf 75' lang='grc'><strong>1111</strong></span> <span class='ocrx_word' id='word_1_323' title='bbox 1485 2861 1740 2938; x_wconf 87' lang='lat' dir='ltr'>intelligentiam</span> <span class='ocrx_word' id='word_1_324' title='bbox 1764 2877 1833 2924; x_wconf 78' lang='grc'>101</span> <span class='ocrx_word' id='word_1_325' title='bbox 1860 2863 1969 2939; x_wconf 64' lang='grc'>11011111</span> 
     </span>
     <span class='ocr_line' id='line_1_28' title="bbox 322 2957 1968 3042; baseline -0.001 -22"><span class='ocrx_word' id='word_1_326' title='bbox 322 2961 436 3024; x_wconf 87' lang='lat' dir='ltr'>ritatit</span> <span class='ocrx_word' id='word_1_327' title='bbox 456 2965 523 3024; x_wconf 87' lang='lat' dir='ltr'>Vix</span> <span class='ocrx_word' id='word_1_328' title='bbox 543 2980 603 3040; x_wconf 83' lang='lat' dir='ltr'>pro</span> <span class='ocrx_word' id='word_1_329' title='bbox 617 2966 710 3042; x_wconf 82' lang='lat' dir='ltr'>justo</span> <span class='ocrx_word' id='word_1_330' title='bbox 726 2966 801 3042; x_wconf 81' lang='lat' dir='ltr'>quis</span> <span class='ocrx_word' id='word_1_331' title='bbox 820 2965 969 3039; x_wconf 81' lang='lat' dir='ltr'>moritur,</span> <span class='ocrx_word' id='word_1_332' title='bbox 985 2963 1041 3027; x_wconf 75' lang='lat' dir='ltr'>hio</span> <span class='ocrx_word' id='word_1_333' title='bbox 1055 2981 1115 3042; x_wconf 77' lang='lat' dir='ltr'>pm</span> <span class='ocrx_word' id='word_1_334' title='bbox 1169 2957 1329 3018; x_wconf 90' lang='lat' dir='ltr'>Dominus</span> <span class='ocrx_word' id='word_1_335' title='bbox 1362 2957 1492 3019; x_wconf 74' lang='lat' dir='ltr'>dicerer</span> <span class='ocrx_word' id='word_1_336' title='bbox 1527 2959 1757 3020; x_wconf 85' lang='lat' dir='ltr'>Samaritanus</span> <span class='ocrx_word' id='word_1_337' title='bbox 1787 2973 1856 3020; x_wconf 92' lang='lat' dir='ltr'>non</span> <span class='ocrx_word' id='word_1_338' title='bbox 1878 2975 1968 3032; x_wconf 86' lang='lat' dir='ltr'>sum,</span> 
     </span>
     <span class='ocr_line' id='line_1_29' title="bbox 322 3054 1564 3138; baseline 0.006 -21"><span class='ocrx_word' id='word_1_339' title='bbox 322 3057 455 3133; x_wconf 89' lang='lat' dir='ltr'>injustis</span> <span class='ocrx_word' id='word_1_340' title='bbox 480 3063 630 3120; x_wconf 91' lang='lat' dir='ltr'>mortuus</span> <span class='ocrx_word' id='word_1_341' title='bbox 653 3061 720 3134; x_wconf 85' lang='lat' dir='ltr'>est3</span> <span class='ocrx_word' id='word_1_342' title='bbox 749 3061 879 3137; x_wconf 89' lang='lat' dir='ltr'>patiens</span> <span class='ocrx_word' id='word_1_343' title='bbox 899 3062 1033 3138; x_wconf 88' lang='lat' dir='ltr'>propter</span> <span class='ocrx_word' id='word_1_344' title='bbox 1052 3062 1114 3122; x_wconf 89' lang='lat' dir='ltr'>de·</span> <span class='ocrx_word' id='word_1_345' title='bbox 1170 3054 1265 3126; x_wconf 72' lang='grc'><strong>111111,</strong></span> <span class='ocrx_word' id='word_1_346' title='bbox 1275 3054 1386 3117; x_wconf 77' lang='grc'><strong>111101</strong></span> <span class='ocrx_word' id='word_1_347' title='bbox 1398 3071 1465 3116; x_wconf 92' lang='lat' dir='ltr'>non</span> <span class='ocrx_word' id='word_1_348' title='bbox 1479 3071 1564 3117; x_wconf 78' lang='lat' dir='ltr'>sum·</span> 
     </span>
     <span class='ocr_line' id='line_1_30' title="bbox 322 3150 1966 3234; baseline 0.006 -21"><span class='ocrx_word' id='word_1_349' title='bbox 322 3152 401 3216; x_wconf 89' lang='lat' dir='ltr'>licta</span> <span class='ocrx_word' id='word_1_350' title='bbox 426 3155 551 3222; x_wconf 89' lang='lat' dir='ltr'>nostra,</span> <span class='ocrx_word' id='word_1_351' title='bbox 573 3155 679 3229; x_wconf 87' lang='lat' dir='ltr'>gratis</span> <span class='ocrx_word' id='word_1_352' title='bbox 701 3157 888 3233; x_wconf 81' lang='lat' dir='ltr'>justificans</span> <span class='ocrx_word' id='word_1_353' title='bbox 911 3159 1113 3234; x_wconf 77' lang='lat' dir='ltr'>peccatores,</span> <span class='ocrx_word' id='word_1_354' title='bbox 1210 3150 1395 3223; x_wconf 75' lang='grc'><strong>01011110</strong></span> <span class='ocrx_word' id='word_1_355' title='bbox 1417 3152 1804 3214; x_wconf 74' lang='grc' dir='ltr'><strong>1111Ι11111111ἱ111101</strong></span> <span class='ocrx_word' id='word_1_356' title='bbox 1830 3151 1966 3216; x_wconf 74' lang='lat' dir='ltr'>hab00=</span> 
     </span>
     <span class='ocr_line' id='line_1_31' title="bbox 322 3247 1966 3330; baseline 0.007 -20"><span class='ocrx_word' id='word_1_357' title='bbox 322 3265 436 3311; x_wconf 80' lang='lat' dir='ltr'>servos</span> <span class='ocrx_word' id='word_1_358' title='bbox 463 3249 589 3314; x_wconf 82' lang='lat' dir='ltr'>iaciens</span> <span class='ocrx_word' id='word_1_359' title='bbox 615 3251 755 3325; x_wconf 84' lang='lat' dir='ltr'>iratres,</span> <span class='ocrx_word' id='word_1_360' title='bbox 780 3253 926 3330; x_wconf 86' lang='lat' dir='ltr'>captivos</span> <span class='ocrx_word' id='word_1_361' title='bbox 951 3252 1113 3328; x_wconf 85' lang='lat' dir='ltr'>haeredes,</span> <span class='ocrx_word' id='word_1_362' title='bbox 1169 3247 1210 3309; x_wconf 88' lang='lat' dir='ltr'>ad</span> <span class='ocrx_word' id='word_1_363' title='bbox 1233 3263 1348 3309; x_wconf 89' lang='lat' dir='ltr'>eorum</span> <span class='ocrx_word' id='word_1_364' title='bbox 1370 3248 1487 3312; x_wconf 90' lang='lat' dir='ltr'>retulit</span> <span class='ocrx_word' id='word_1_365' title='bbox 1513 3265 1664 3322; x_wconf 74' lang='lat' dir='ltr'>sensum,</span> <span class='ocrx_word' id='word_1_366' title='bbox 1689 3250 1746 3328; x_wconf 75' lang='lat' dir='ltr'>qui</span> <span class='ocrx_word' id='word_1_367' title='bbox 1764 3250 1911 3326; x_wconf 74' lang='grc'><strong>11111111</strong></span> <span class='ocrx_word' id='word_1_368' title='bbox 1935 3251 1966 3312; x_wconf 72' lang='lat' dir='ltr'>ei</span> 
     </span>
     <span class='ocr_line' id='line_1_32' title="bbox 321 3345 1966 3426; baseline -0.001 -17"><span class='ocrx_word' id='word_1_369' title='bbox 321 3346 437 3409; x_wconf 85' lang='lat' dir='ltr'>exules</span> <span class='ocrx_word' id='word_1_370' title='bbox 452 3362 558 3424; x_wconf 89' lang='lat' dir='ltr'>reges.</span> <span class='ocrx_word' id='word_1_371' title='bbox 571 3349 677 3425; x_wconf 89' lang='lat' dir='ltr'>Digna</span> <span class='ocrx_word' id='word_1_372' title='bbox 686 3364 765 3426; x_wconf 89' lang='lat' dir='ltr'>orgo</span> <span class='ocrx_word' id='word_1_373' title='bbox 779 3350 925 3414; x_wconf 89' lang='lat' dir='ltr'>charitas</span> <span class='ocrx_word' id='word_1_374' title='bbox 937 3352 1005 3413; x_wconf 88' lang='lat' dir='ltr'>tam</span> <span class='ocrx_word' id='word_1_375' title='bbox 1019 3352 1117 3414; x_wconf 86' lang='lat' dir='ltr'>inaes-</span> <span class='ocrx_word' id='word_1_376' title='bbox 1169 3345 1307 3421; x_wconf 86' lang='lat' dir='ltr'>maligni</span> <span class='ocrx_word' id='word_1_377' title='bbox 1320 3346 1457 3422; x_wconf 81' lang='lat' dir='ltr'>spiritus</span> <span class='ocrx_word' id='word_1_378' title='bbox 1471 3347 1643 3408; x_wconf 82' lang='lat' dir='ltr'>infamiam</span> <span class='ocrx_word' id='word_1_379' title='bbox 1662 3345 1888 3423; x_wconf 88' lang='lat' dir='ltr'>imponebant,</span> <span class='ocrx_word' id='word_1_380' title='bbox 1913 3348 1966 3407; x_wconf 91' lang='lat' dir='ltr'>si-</span> 
     </span>
     <span class='ocr_line' id='line_1_33' title="bbox 321 3441 1963 3525; baseline 0.002 -23"><span class='ocrx_word' id='word_1_381' title='bbox 321 3441 490 3515; x_wconf 89' lang='lat' dir='ltr'>timabilis,</span> <span class='ocrx_word' id='word_1_382' title='bbox 518 3443 689 3506; x_wconf 89' lang='lat' dir='ltr'>humilitas</span> <span class='ocrx_word' id='word_1_383' title='bbox 711 3445 778 3506; x_wconf 89' lang='lat' dir='ltr'>tam</span> <span class='ocrx_word' id='word_1_384' title='bbox 806 3445 1024 3521; x_wconf 87' lang='lat' dir='ltr'>admirabilis,</span> <span class='ocrx_word' id='word_1_385' title='bbox 1054 3464 1116 3525; x_wconf 86' lang='lat' dir='ltr'>pa·</span> <span class='ocrx_word' id='word_1_386' title='bbox 1169 3443 1403 3519; x_wconf 87' lang='lat' dir='ltr'>cutlegiturin</span> <span class='ocrx_word' id='word_1_387' title='bbox 1416 3443 1617 3521; x_wconf 83' lang='lat' dir='ltr'>Evangelio:</span> <span class='ocrx_word' id='word_1_388' title='bbox 1641 3443 1803 3505; x_wconf 81' lang='lat' dir='ltr'>Pharisaei</span> <span class='ocrx_word' id='word_1_389' title='bbox 1822 3445 1856 3506; x_wconf 90' lang='lat' dir='ltr'>et</span> <span class='ocrx_word' id='word_1_390' title='bbox 1872 3445 1963 3506; x_wconf 88' lang='lat' dir='ltr'>scri-</span> 
     </span>
     <span class='ocr_line' id='line_1_34' title="bbox 322 3537 1964 3618; baseline 0.002 -18"><span class='ocrx_word' id='word_1_391' title='bbox 322 3537 439 3601; x_wconf 89' lang='lat' dir='ltr'>tientia</span> <span class='ocrx_word' id='word_1_392' title='bbox 449 3540 516 3602; x_wconf 86' lang='lat' dir='ltr'>tam</span> <span class='ocrx_word' id='word_1_393' title='bbox 527 3540 777 3618; x_wconf 89' lang='lat' dir='ltr'>insuperabilisl</span> <span class='ocrx_word' id='word_1_394' title='bbox 790 3545 828 3604; x_wconf 92' lang='lat' dir='ltr'>ln</span> <span class='ocrx_word' id='word_1_395' title='bbox 838 3543 892 3604; x_wconf 91' lang='lat' dir='ltr'>his</span> <span class='ocrx_word' id='word_1_396' title='bbox 902 3543 1116 3606; x_wconf 92' lang='lat' dir='ltr'>omnibusos-</span> <span class='ocrx_word' id='word_1_397' title='bbox 1168 3539 1219 3602; x_wconf 82' lang='lat' dir='ltr'>bae</span> <span class='ocrx_word' id='word_1_398' title='bbox 1244 3538 1511 3618; x_wconf 87' lang='lat' dir='ltr'>blasphemantes</span> <span class='ocrx_word' id='word_1_399' title='bbox 1534 3541 1649 3604; x_wconf 87' lang='lat' dir='ltr'>contra</span> <span class='ocrx_word' id='word_1_400' title='bbox 1670 3541 1846 3602; x_wconf 91' lang='lat' dir='ltr'>Dominum</span> <span class='ocrx_word' id='word_1_401' title='bbox 1865 3541 1964 3603; x_wconf 84' lang='lat' dir='ltr'>dioe-</span> 
     </span>
     <span class='ocr_line' id='line_1_35' title="bbox 319 3633 1963 3715; baseline 0.002 -19"><span class='ocrx_word' id='word_1_402' title='bbox 319 3633 425 3698; x_wconf 87' lang='lat' dir='ltr'>teudit</span> <span class='ocrx_word' id='word_1_403' title='bbox 453 3637 658 3713; x_wconf 87' lang='lat' dir='ltr'>patientiam,</span> <span class='ocrx_word' id='word_1_404' title='bbox 680 3653 778 3715; x_wconf 87' lang='lat' dir='ltr'>quam</span> <span class='ocrx_word' id='word_1_405' title='bbox 798 3639 886 3700; x_wconf 88' lang='lat' dir='ltr'>circa</span> <span class='ocrx_word' id='word_1_406' title='bbox 904 3655 964 3701; x_wconf 92' lang='lat' dir='ltr'>nos</span> <span class='ocrx_word' id='word_1_407' title='bbox 986 3639 1112 3714; x_wconf 89' lang='lat' dir='ltr'>habuit,</span> <span class='ocrx_word' id='word_1_408' title='bbox 1168 3637 1248 3699; x_wconf 87' lang='lat' dir='ltr'>bant</span> <span class='ocrx_word' id='word_1_409' title='bbox 1261 3637 1370 3714; x_wconf 92' lang='lat' dir='ltr'>ipsum</span> <span class='ocrx_word' id='word_1_410' title='bbox 1384 3653 1452 3700; x_wconf 91' lang='lat' dir='ltr'>uon</span> <span class='ocrx_word' id='word_1_411' title='bbox 1463 3637 1610 3715; x_wconf 87' lang='lat' dir='ltr'>potentia</span> <span class='ocrx_word' id='word_1_412' title='bbox 1623 3637 1890 3699; x_wconf 72' lang='lat' dir='ltr'>suadirinitatis</span> <span class='ocrx_word' id='word_1_413' title='bbox 1905 3639 1963 3700; x_wconf 88' lang='lat' dir='ltr'>sed</span> 
     </span>
     <span class='ocr_line' id='line_1_36' title="bbox 320 3733 1968 3812; baseline 0.002 -18"><span class='ocrx_word' id='word_1_414' title='bbox 320 3733 354 3794; x_wconf 87' lang='lat' dir='ltr'>et</span> <span class='ocrx_word' id='word_1_415' title='bbox 372 3733 446 3794; x_wconf 92' lang='lat' dir='ltr'>ideo</span> <span class='ocrx_word' id='word_1_416' title='bbox 462 3733 528 3796; x_wconf 89' lang='lat' dir='ltr'>ista</span> <span class='ocrx_word' id='word_1_417' title='bbox 550 3734 661 3796; x_wconf 90' lang='lat' dir='ltr'>omnia</span> <span class='ocrx_word' id='word_1_418' title='bbox 676 3737 752 3797; x_wconf 90' lang='lat' dir='ltr'>sunt</span> <span class='ocrx_word' id='word_1_419' title='bbox 770 3735 891 3798; x_wconf 87' lang='lat' dir='ltr'>divinae</span> <span class='ocrx_word' id='word_1_420' title='bbox 917 3737 1112 3800; x_wconf 78' lang='lat' dir='ltr'>clementia.</span> <span class='ocrx_word' id='word_1_421' title='bbox 1168 3735 1204 3796; x_wconf 92' lang='lat' dir='ltr'>in</span> <span class='ocrx_word' id='word_1_422' title='bbox 1224 3734 1406 3798; x_wconf 87' lang='lat' dir='ltr'>Beelzebub</span> <span class='ocrx_word' id='word_1_423' title='bbox 1426 3736 1571 3808; x_wconf 91' lang='lat' dir='ltr'>nomine,</span> <span class='ocrx_word' id='word_1_424' title='bbox 1583 3734 1753 3812; x_wconf 86' lang='lat' dir='ltr'>principis</span> <span class='ocrx_word' id='word_1_425' title='bbox 1776 3733 1968 3797; x_wconf 87' lang='lat' dir='ltr'>daemonio-</span> 
     </span>
     <span class='ocr_line' id='line_1_37' title="bbox 360 3830 1966 3910; baseline 0.001 -18"><span class='ocrx_word' id='word_1_426' title='bbox 360 3830 455 3892; x_wconf 88' lang='lat' dir='ltr'>Unde</span> <span class='ocrx_word' id='word_1_427' title='bbox 469 3831 570 3893; x_wconf 89' lang='lat' dir='ltr'>etiam</span> <span class='ocrx_word' id='word_1_428' title='bbox 586 3833 622 3893; x_wconf 92' lang='lat' dir='ltr'>in</span> <span class='ocrx_word' id='word_1_429' title='bbox 637 3833 700 3894; x_wconf 93' lang='lat' dir='ltr'>hoo</span> <span class='ocrx_word' id='word_1_430' title='bbox 713 3835 904 3910; x_wconf 78' lang='lat' dir='ltr'>Evangelio,</span> <span class='ocrx_word' id='word_1_431' title='bbox 921 3850 995 3896; x_wconf 92' lang='lat' dir='ltr'>cum</span> <span class='ocrx_word' id='word_1_432' title='bbox 1008 3835 1115 3896; x_wconf 80' lang='lat' dir='ltr'>dixis-</span> <span class='ocrx_word' id='word_1_433' title='bbox 1168 3848 1252 3905; x_wconf 90' lang='lat' dir='ltr'>rum,</span> <span class='ocrx_word' id='word_1_434' title='bbox 1270 3847 1388 3894; x_wconf 88' lang='lat' dir='ltr'>curare</span> <span class='ocrx_word' id='word_1_435' title='bbox 1408 3831 1586 3908; x_wconf 81' lang='lat' dir='ltr'>languores</span> <span class='ocrx_word' id='word_1_436' title='bbox 1601 3833 1635 3894; x_wconf 88' lang='grc'>91</span> <span class='ocrx_word' id='word_1_437' title='bbox 1646 3833 1769 3909; x_wconf 88' lang='lat' dir='ltr'>ejicere</span> <span class='ocrx_word' id='word_1_438' title='bbox 1786 3831 1966 3894; x_wconf 70' lang='lat' dir='ltr'>damonia.</span> 
     </span>
     <span class='ocr_line' id='line_1_38' title="bbox 319 3927 1967 4008; baseline 0.002 -20"><span class='ocrx_word' id='word_1_439' title='bbox 319 3929 394 3988; x_wconf 90' lang='lat' dir='ltr'>sent</span> <span class='ocrx_word' id='word_1_440' title='bbox 406 3927 534 3992; x_wconf 88' lang='lat' dir='ltr'>Judaei:</span> <span class='ocrx_word' id='word_1_441' title='bbox 554 3933 678 3992; x_wconf 81' lang='lat' dir='ltr'>Nonne</span> <span class='ocrx_word' id='word_1_442' title='bbox 694 3932 776 3992; x_wconf 81' lang='lat' dir='ltr'>hene</span> <span class='ocrx_word' id='word_1_443' title='bbox 795 3933 941 3993; x_wconf 73' lang='grc'><strong>1111111111</strong></span> <span class='ocrx_word' id='word_1_444' title='bbox 960 3936 1115 4007; x_wconf 68' lang='lat' dir='ltr'>nosceta</span> <span class='ocrx_word' id='word_1_445' title='bbox 1169 3929 1244 4002; x_wconf 87' lang='lat' dir='ltr'>Sed,</span> <span class='ocrx_word' id='word_1_446' title='bbox 1268 3929 1299 3990; x_wconf 90' lang='lat' dir='ltr'>si</span> <span class='ocrx_word' id='word_1_447' title='bbox 1321 3929 1363 3990; x_wconf 90' lang='lat' dir='ltr'>ad</span> <span class='ocrx_word' id='word_1_448' title='bbox 1383 3928 1564 4006; x_wconf 88' lang='lat' dir='ltr'>potentiam</span> <span class='ocrx_word' id='word_1_449' title='bbox 1586 3928 1619 3991; x_wconf 92' lang='lat' dir='ltr'>et</span> <span class='ocrx_word' id='word_1_450' title='bbox 1637 3928 1847 4008; x_wconf 85' lang='lat' dir='ltr'>majestatem</span> <span class='ocrx_word' id='word_1_451' title='bbox 1868 3945 1967 3992; x_wconf 90' lang='lat' dir='ltr'>suam</span> 
     </span>
     <span class='ocr_line' id='line_1_39' title="bbox 319 4025 1969 4104; baseline 0.002 -19"><span class='ocrx_word' id='word_1_452' title='bbox 319 4026 559 4087; x_wconf 79' lang='lat' dir='ltr'>samaritanus</span> <span class='ocrx_word' id='word_1_453' title='bbox 584 4041 622 4090; x_wconf 83' lang='lat' dir='ltr'>es</span> <span class='ocrx_word' id='word_1_454' title='bbox 637 4027 685 4100; x_wconf 84' lang='lat' dir='ltr'>tu,</span> <span class='ocrx_word' id='word_1_455' title='bbox 710 4028 969 4090; x_wconf 73' lang='lat' dir='ltr'>oruamentum</span> <span class='ocrx_word' id='word_1_456' title='bbox 988 4031 1115 4092; x_wconf 81' lang='lat' dir='ltr'>habeat</span> <span class='ocrx_word' id='word_1_457' title='bbox 1168 4025 1326 4088; x_wconf 88' lang='lat' dir='ltr'>Dominus</span> <span class='ocrx_word' id='word_1_458' title='bbox 1337 4026 1515 4088; x_wconf 90' lang='lat' dir='ltr'>creationis</span> <span class='ocrx_word' id='word_1_459' title='bbox 1523 4025 1650 4087; x_wconf 79' lang='lat' dir='ltr'>reterre</span> <span class='ocrx_word' id='word_1_460' title='bbox 1661 4026 1835 4098; x_wconf 82' lang='lat' dir='ltr'>voluisset,</span> <span class='ocrx_word' id='word_1_461' title='bbox 1848 4027 1969 4104; x_wconf 85' lang='lat' dir='ltr'>utiquo</span> 
     </span>
     <span class='ocr_line' id='line_1_40' title="bbox 320 4119 1969 4200; baseline 0.004 -22"><span class='ocrx_word' id='word_1_462' title='bbox 320 4119 467 4190; x_wconf 86' lang='lat' dir='ltr'>Quadam</span> <span class='ocrx_word' id='word_1_463' title='bbox 487 4122 616 4183; x_wconf 90' lang='lat' dir='ltr'>ratione</span> <span class='ocrx_word' id='word_1_464' title='bbox 628 4123 788 4184; x_wconf 92' lang='lat' dir='ltr'>Dominus</span> <span class='ocrx_word' id='word_1_465' title='bbox 812 4124 1035 4185; x_wconf 87' lang='lat' dir='ltr'>samaritanus</span> <span class='ocrx_word' id='word_1_466' title='bbox 1050 4125 1111 4200; x_wconf 90' lang='lat' dir='ltr'>est,</span> <span class='ocrx_word' id='word_1_467' title='bbox 1167 4138 1235 4185; x_wconf 92' lang='lat' dir='ltr'>non</span> <span class='ocrx_word' id='word_1_468' title='bbox 1258 4123 1365 4186; x_wconf 84' lang='lat' dir='ltr'>solum</span> <span class='ocrx_word' id='word_1_469' title='bbox 1386 4123 1560 4196; x_wconf 84' lang='lat' dir='ltr'>daemonia,</span> <span class='ocrx_word' id='word_1_470' title='bbox 1582 4121 1641 4184; x_wconf 85' lang='lat' dir='ltr'>sed</span> <span class='ocrx_word' id='word_1_471' title='bbox 1668 4137 1800 4184; x_wconf 89' lang='lat' dir='ltr'>omnem</span> <span class='ocrx_word' id='word_1_472' title='bbox 1825 4125 1969 4185; x_wconf 90' lang='lat' dir='ltr'>omnino</span> 
     </span>
     <span class='ocr_line' id='line_1_41' title="bbox 318 4217 1966 4297; baseline 0.004 -21"><span class='ocrx_word' id='word_1_473' title='bbox 318 4217 353 4277; x_wconf 87' lang='lat' dir='ltr'>et</span> <span class='ocrx_word' id='word_1_474' title='bbox 367 4217 508 4294; x_wconf 89' lang='lat' dir='ltr'>quadam</span> <span class='ocrx_word' id='word_1_475' title='bbox 520 4218 650 4280; x_wconf 89' lang='lat' dir='ltr'>ratione</span> <span class='ocrx_word' id='word_1_476' title='bbox 665 4221 801 4280; x_wconf 85' lang='lat' dir='ltr'>Creator</span> <span class='ocrx_word' id='word_1_477' title='bbox 815 4219 962 4282; x_wconf 89' lang='lat' dir='ltr'>omnium</span> <span class='ocrx_word' id='word_1_478' title='bbox 981 4223 1114 4284; x_wconf 89' lang='lat' dir='ltr'>creatu·</span> <span class='ocrx_word' id='word_1_479' title='bbox 1168 4221 1354 4284; x_wconf 89' lang='lat' dir='ltr'>creaturam</span> <span class='ocrx_word' id='word_1_480' title='bbox 1378 4235 1415 4281; x_wconf 91' lang='lat' dir='ltr'>se</span> <span class='ocrx_word' id='word_1_481' title='bbox 1438 4219 1609 4297; x_wconf 87' lang='lat' dir='ltr'>possidere</span> <span class='ocrx_word' id='word_1_482' title='bbox 1634 4220 1667 4282; x_wconf 91' lang='lat' dir='ltr'>et</span> <span class='ocrx_word' id='word_1_483' title='bbox 1691 4218 1826 4293; x_wconf 89' lang='lat' dir='ltr'>habere,</span> <span class='ocrx_word' id='word_1_484' title='bbox 1844 4235 1966 4283; x_wconf 80' lang='lat' dir='ltr'>rerum</span> 
     </span>
     <span class='ocr_line' id='line_1_42' title="bbox 318 4313 1964 4394; baseline 0.005 -21"><span class='ocrx_word' id='word_1_485' title='bbox 318 4325 432 4373; x_wconf 89' lang='lat' dir='ltr'>rarum</span> <span class='ocrx_word' id='word_1_486' title='bbox 458 4313 656 4375; x_wconf 86' lang='lat' dir='ltr'>daemonium</span> <span class='ocrx_word' id='word_1_487' title='bbox 685 4314 784 4377; x_wconf 87' lang='lat' dir='ltr'>habet</span> <span class='ocrx_word' id='word_1_488' title='bbox 809 4317 842 4379; x_wconf 91' lang='lat' dir='ltr'>et</span> <span class='ocrx_word' id='word_1_489' title='bbox 865 4316 1012 4393; x_wconf 90' lang='lat' dir='ltr'>possidet</span> <span class='ocrx_word' id='word_1_490' title='bbox 1028 4319 1114 4383; x_wconf 90' lang='lat' dir='ltr'>sicut</span> <span class='ocrx_word' id='word_1_491' title='bbox 1167 4319 1316 4380; x_wconf 85' lang='lat' dir='ltr'>dixisset.</span> <span class='ocrx_word' id='word_1_492' title='bbox 1344 4321 1572 4390; x_wconf 74' lang='lat' dir='ltr'>Daemonium,</span> <span class='ocrx_word' id='word_1_493' title='bbox 1601 4317 1719 4394; x_wconf 87' lang='lat' dir='ltr'>inquit,</span> <span class='ocrx_word' id='word_1_494' title='bbox 1748 4333 1819 4379; x_wconf 80' lang='lat' dir='ltr'>non</span> <span class='ocrx_word' id='word_1_495' title='bbox 1844 4321 1964 4391; x_wconf 83' lang='lat' dir='ltr'>babeo,</span> 
     </span>
     <span class='ocr_line' id='line_1_43' title="bbox 319 4409 1964 4493; baseline 0.005 -25"><span class='ocrx_word' id='word_1_496' title='bbox 319 4423 434 4492; x_wconf 89' lang='lat' dir='ltr'>omnes</span> <span class='ocrx_word' id='word_1_497' title='bbox 448 4409 533 4472; x_wconf 90' lang='lat' dir='ltr'>allas</span> <span class='ocrx_word' id='word_1_498' title='bbox 548 4413 729 4472; x_wconf 89' lang='lat' dir='ltr'>creaturas.</span> <span class='ocrx_word' id='word_1_499' title='bbox 750 4412 813 4473; x_wconf 84' lang='lat' dir='ltr'>Sed</span> <span class='ocrx_word' id='word_1_500' title='bbox 835 4413 1015 4476; x_wconf 89' lang='lat' dir='ltr'>secundum</span> <span class='ocrx_word' id='word_1_501' title='bbox 1029 4432 1112 4493; x_wconf 89' lang='lat' dir='ltr'>pra·</span> <span class='ocrx_word' id='word_1_502' title='bbox 1167 4415 1224 4476; x_wconf 90' lang='lat' dir='ltr'>sed</span> <span class='ocrx_word' id='word_1_503' title='bbox 1237 4415 1347 4478; x_wconf 88' lang='lat' dir='ltr'>omnia</span> <span class='ocrx_word' id='word_1_504' title='bbox 1360 4414 1524 4476; x_wconf 76' lang='lat' dir='ltr'>damonia</span> <span class='ocrx_word' id='word_1_505' title='bbox 1537 4414 1572 4474; x_wconf 94' lang='lat' dir='ltr'>in</span> <span class='ocrx_word' id='word_1_506' title='bbox 1582 4414 1745 4490; x_wconf 87' lang='lat' dir='ltr'>potestate</span> <span class='ocrx_word' id='word_1_507' title='bbox 1755 4429 1830 4476; x_wconf 88' lang='lat' dir='ltr'>mea</span> <span class='ocrx_word' id='word_1_508' title='bbox 1840 4414 1964 4477; x_wconf 86' lang='lat' dir='ltr'>habeo.</span> 
     </span>
     <span class='ocr_line' id='line_1_44' title="bbox 318 4506 1965 4588; baseline 0.005 -22"><span class='ocrx_word' id='word_1_509' title='bbox 318 4519 395 4566; x_wconf 83' lang='lat' dir='ltr'>vam</span> <span class='ocrx_word' id='word_1_510' title='bbox 421 4506 639 4570; x_wconf 86' lang='lat' dir='ltr'>intentionem</span> <span class='ocrx_word' id='word_1_511' title='bbox 662 4508 853 4572; x_wconf 85' lang='lat' dir='ltr'>Judaeorum</span> <span class='ocrx_word' id='word_1_512' title='bbox 879 4525 939 4574; x_wconf 93' lang='lat' dir='ltr'>nec</span> <span class='ocrx_word' id='word_1_513' title='bbox 966 4514 1112 4574; x_wconf 88' lang='lat' dir='ltr'>samari·</span> <span class='ocrx_word' id='word_1_514' title='bbox 1166 4511 1305 4576; x_wconf 84' lang='lat' dir='ltr'>Tantam</span> <span class='ocrx_word' id='word_1_515' title='bbox 1320 4511 1769 4588; x_wconf 76' lang='lat' dir='ltr'>contumeliametinluriam</span> <span class='ocrx_word' id='word_1_516' title='bbox 1782 4511 1965 4574; x_wconf 81' lang='lat' dir='ltr'>rer-borum</span> 
     </span>
     <span class='ocr_line' id='line_1_45' title="bbox 317 4602 1967 4690; baseline 0.005 -26"><span class='ocrx_word' id='word_1_517' title='bbox 317 4602 417 4664; x_wconf 91' lang='lat' dir='ltr'>tanus</span> <span class='ocrx_word' id='word_1_518' title='bbox 438 4605 499 4676; x_wconf 90' lang='lat' dir='ltr'>est,</span> <span class='ocrx_word' id='word_1_519' title='bbox 526 4620 588 4667; x_wconf 91' lang='lat' dir='ltr'>nec</span> <span class='ocrx_word' id='word_1_520' title='bbox 612 4605 811 4669; x_wconf 87' lang='lat' dir='ltr'>daemonium</span> <span class='ocrx_word' id='word_1_521' title='bbox 829 4606 940 4670; x_wconf 87' lang='lat' dir='ltr'>habet.</span> <span class='ocrx_word' id='word_1_522' title='bbox 964 4611 1114 4672; x_wconf 84' lang='lat' dir='ltr'>Samari·</span> <span class='ocrx_word' id='word_1_523' title='bbox 1166 4609 1331 4690; x_wconf 87' lang='lat' dir='ltr'>patienter</span> <span class='ocrx_word' id='word_1_524' title='bbox 1344 4609 1512 4671; x_wconf 85' lang='lat' dir='ltr'>sustinens</span> <span class='ocrx_word' id='word_1_525' title='bbox 1527 4607 1700 4685; x_wconf 88' lang='lat' dir='ltr'>respoudit</span> <span class='ocrx_word' id='word_1_526' title='bbox 1712 4607 1761 4668; x_wconf 89' lang='lat' dir='ltr'>eis</span> <span class='ocrx_word' id='word_1_527' title='bbox 1776 4629 1784 4668; x_wconf 90' lang='lat'><strong>:</strong></span> <span class='ocrx_word' id='word_1_528' title='bbox 1800 4611 1875 4684; x_wconf 76' lang='lat' dir='ltr'>Epo</span> <span class='ocrx_word' id='word_1_529' title='bbox 1891 4612 1967 4672; x_wconf 77' lang='lat' dir='ltr'>dau-</span> 
     </span>
     <span class='ocr_line' id='line_1_46' title="bbox 316 4699 1965 4779; baseline 0.003 -16"><span class='ocrx_word' id='word_1_530' title='bbox 316 4699 414 4763; x_wconf 90' lang='lat' dir='ltr'>tanns</span> <span class='ocrx_word' id='word_1_531' title='bbox 449 4701 581 4779; x_wconf 88' lang='lat' dir='ltr'>quidem</span> <span class='ocrx_word' id='word_1_532' title='bbox 613 4703 772 4765; x_wconf 90' lang='lat' dir='ltr'>Dominus</span> <span class='ocrx_word' id='word_1_533' title='bbox 802 4704 870 4779; x_wconf 88' lang='lat' dir='ltr'>est,</span> <span class='ocrx_word' id='word_1_534' title='bbox 902 4706 987 4769; x_wconf 84' lang='lat' dir='ltr'>teste</span> <span class='ocrx_word' id='word_1_535' title='bbox 1015 4706 1113 4772; x_wconf 86' lang='lat' dir='ltr'>beato</span> <span class='ocrx_word' id='word_1_536' title='bbox 1165 4708 1401 4770; x_wconf 79' lang='lat' dir='ltr'>montumnon</span> <span class='ocrx_word' id='word_1_537' title='bbox 1415 4709 1531 4776; x_wconf 83' lang='lat' dir='ltr'>babeo,</span> <span class='ocrx_word' id='word_1_538' title='bbox 1543 4705 1800 4778; x_wconf 71' lang='grc'><strong>111101911119</strong></span> <span class='ocrx_word' id='word_1_539' title='bbox 1813 4705 1965 4768; x_wconf 76' lang='lat' dir='ltr'>Patrem</span> 
     </span>
     <span class='ocr_line' id='line_1_47' title="bbox 318 4799 1964 4882; baseline 0.004 -21"><span class='ocrx_word' id='word_1_540' title='bbox 318 4799 494 4875; x_wconf 78' lang='lat' dir='ltr'>Gregorio,</span> <span class='ocrx_word' id='word_1_541' title='bbox 519 4799 596 4877; x_wconf 86' lang='lat' dir='ltr'>quia</span> <span class='ocrx_word' id='word_1_542' title='bbox 622 4801 846 4864; x_wconf 88' lang='lat' dir='ltr'>samaritanus</span> <span class='ocrx_word' id='word_1_543' title='bbox 875 4802 1113 4881; x_wconf 85' lang='lat' dir='ltr'>iuterpretatur</span> <span class='ocrx_word' id='word_1_544' title='bbox 1165 4817 1293 4876; x_wconf 83' lang='lat' dir='ltr'>mcum,</span> <span class='ocrx_word' id='word_1_545' title='bbox 1306 4802 1340 4866; x_wconf 83' lang='lat' dir='ltr'>ct</span> <span class='ocrx_word' id='word_1_546' title='bbox 1354 4817 1415 4864; x_wconf 82' lang='lat' dir='ltr'>vos</span> <span class='ocrx_word' id='word_1_547' title='bbox 1438 4801 1672 4864; x_wconf 76' lang='lat' dir='ltr'>inhonorastis</span> <span class='ocrx_word' id='word_1_548' title='bbox 1685 4799 1864 4882; x_wconf 61' lang='lat' dir='ltr'>medoen.</span> <span class='ocrx_word' id='word_1_549' title='bbox 1885 4817 1964 4876; x_wconf 81' lang='lat' dir='ltr'>vm,</span> 
     </span>
     <span class='ocr_line' id='line_1_48' title="bbox 318 4897 1231 4980; baseline 0.002 -22"><span class='ocrx_word' id='word_1_550' title='bbox 318 4897 440 4958; x_wconf 88' lang='lat' dir='ltr'>custos.</span> <span class='ocrx_word' id='word_1_551' title='bbox 465 4897 505 4960; x_wconf 85' lang='lat' dir='ltr'>Et</span> <span class='ocrx_word' id='word_1_552' title='bbox 525 4898 598 4975; x_wconf 90' lang='lat' dir='ltr'>ipse</span> <span class='ocrx_word' id='word_1_553' title='bbox 623 4899 675 4961; x_wconf 90' lang='lat' dir='ltr'>est</span> <span class='ocrx_word' id='word_1_554' title='bbox 693 4913 794 4960; x_wconf 86' lang='lat' dir='ltr'>verus</span> <span class='ocrx_word' id='word_1_555' title='bbox 816 4901 937 4972; x_wconf 89' lang='lat' dir='ltr'>custos,</span> <span class='ocrx_word' id='word_1_556' title='bbox 962 4904 1022 4975; x_wconf 76' lang='lat' dir='ltr'>qui</span> <span class='ocrx_word' id='word_1_557' title='bbox 1043 4903 1113 4964; x_wconf 72' lang='lat' dir='ltr'>uae</span> <span class='ocrx_word' id='word_1_558' title='bbox 1165 4897 1231 4980; x_wconf 81' lang='grc'><strong>19).</strong></span> 
     </span>
     <span class='ocr_line' id='line_1_49' title="bbox 315 4991 1970 5074; baseline 0.001 -17"><span class='ocrx_word' id='word_1_559' title='bbox 315 4995 518 5057; x_wconf 77' lang='lat' dir='ltr'>custodierit</span> <span class='ocrx_word' id='word_1_560' title='bbox 539 4995 725 5068; x_wconf 66' lang='lat' dir='ltr'>cavitatem,</span> <span class='ocrx_word' id='word_1_561' title='bbox 753 5000 791 5057; x_wconf 83' lang='lat' dir='ltr'>tn</span> <span class='ocrx_word' id='word_1_562' title='bbox 815 5011 946 5059; x_wconf 81' lang='lat' dir='ltr'>vonum</span> <span class='ocrx_word' id='word_1_563' title='bbox 967 4999 1112 5074; x_wconf 68' lang='grc'><strong>1111111111</strong></span> <span class='ocrx_word' id='word_1_564' title='bbox 1205 4999 1299 5060; x_wconf 84' lang='lat' dir='ltr'>Hanc</span> <span class='ocrx_word' id='word_1_565' title='bbox 1324 4994 1518 5074; x_wconf 82' lang='lat' dir='ltr'>patientiam</span> <span class='ocrx_word' id='word_1_566' title='bbox 1543 4991 1729 5057; x_wconf 84' lang='lat' dir='ltr'>mirabatur</span> <span class='ocrx_word' id='word_1_567' title='bbox 1748 4993 1857 5056; x_wconf 87' lang='lat' dir='ltr'>Isaias</span> <span class='ocrx_word' id='word_1_568' title='bbox 1876 4991 1970 5074; x_wconf 85' lang='lat' dir='ltr'>pro-¹</span> 
     </span>
     <span class='ocr_line' id='line_1_50' title="bbox 315 5091 1966 5173; baseline 0.002 -20"><span class='ocrx_word' id='word_1_569' title='bbox 315 5095 374 5167; x_wconf 78' lang='lat' dir='ltr'>qut</span> <span class='ocrx_word' id='word_1_570' title='bbox 385 5091 581 5154; x_wconf 68' lang='lat' dir='ltr'>caecarunt</span> <span class='ocrx_word' id='word_1_571' title='bbox 595 5105 683 5154; x_wconf 86' lang='lat' dir='ltr'>eom.</span> <span class='ocrx_word' id='word_1_572' title='bbox 707 5094 781 5170; x_wconf 87' lang='lat' dir='ltr'>lpse</span> <span class='ocrx_word' id='word_1_573' title='bbox 795 5095 884 5154; x_wconf 92' lang='lat' dir='ltr'>Deus</span> <span class='ocrx_word' id='word_1_574' title='bbox 896 5094 1040 5158; x_wconf 92' lang='lat' dir='ltr'>custodit</span> <span class='ocrx_word' id='word_1_575' title='bbox 1054 5095 1110 5156; x_wconf 92' lang='lat' dir='ltr'>iu·</span> <span class='ocrx_word' id='word_1_576' title='bbox 1165 5094 1264 5173; x_wconf 88' lang='lat' dir='ltr'>pheta</span> <span class='ocrx_word' id='word_1_577' title='bbox 1279 5109 1353 5155; x_wconf 90' lang='lat' dir='ltr'>cum</span> <span class='ocrx_word' id='word_1_578' title='bbox 1371 5092 1518 5156; x_wconf 86' lang='lat' dir='ltr'>diceret:</span> <span class='ocrx_word' id='word_1_579' title='bbox 1539 5091 1635 5155; x_wconf 76' lang='lat' dir='ltr'>Siout</span> <span class='ocrx_word' id='word_1_580' title='bbox 1656 5094 1731 5156; x_wconf 83' lang='lat' dir='ltr'>oots</span> <span class='ocrx_word' id='word_1_581' title='bbox 1748 5095 1795 5154; x_wconf 86' lang='lat' dir='ltr'>ad</span> <span class='ocrx_word' id='word_1_582' title='bbox 1813 5097 1966 5157; x_wconf 72' lang='grc'><strong>0991110-</strong></span> 
     </span>
     <span class='ocr_line' id='line_1_51' title="bbox 316 5188 1962 5266; baseline 0.001 -15"><span class='ocrx_word' id='word_1_583' title='bbox 316 5190 452 5252; x_wconf 89' lang='lat' dir='ltr'>troitum</span> <span class='ocrx_word' id='word_1_584' title='bbox 467 5189 616 5250; x_wconf 90' lang='lat' dir='ltr'>nostrum</span> <span class='ocrx_word' id='word_1_585' title='bbox 631 5189 664 5250; x_wconf 88' lang='lat' dir='ltr'>et</span> <span class='ocrx_word' id='word_1_586' title='bbox 678 5188 804 5251; x_wconf 79' lang='lat' dir='ltr'>exitum</span> <span class='ocrx_word' id='word_1_587' title='bbox 824 5191 975 5252; x_wconf 89' lang='lat' dir='ltr'>nostrum</span> <span class='ocrx_word' id='word_1_588' title='bbox 989 5208 1034 5253; x_wconf 82' lang='lat' dir='ltr'>ex</span> <span class='ocrx_word' id='word_1_589' title='bbox 1046 5194 1111 5257; x_wconf 90' lang='lat' dir='ltr'>hoo</span> <span class='ocrx_word' id='word_1_590' title='bbox 1165 5207 1246 5254; x_wconf 78' lang='lat' dir='ltr'>acm</span> <span class='ocrx_word' id='word_1_591' title='bbox 1256 5191 1378 5252; x_wconf 75' lang='lat' dir='ltr'>ductus</span> <span class='ocrx_word' id='word_1_592' title='bbox 1387 5190 1451 5262; x_wconf 82' lang='lat' dir='ltr'>est,</span> <span class='ocrx_word' id='word_1_593' title='bbox 1468 5191 1504 5251; x_wconf 84' lang='lat' dir='ltr'>ct</span> <span class='ocrx_word' id='word_1_594' title='bbox 1518 5189 1609 5252; x_wconf 77' lang='lat' dir='ltr'>sieut</span> <span class='ocrx_word' id='word_1_595' title='bbox 1621 5203 1735 5266; x_wconf 71' lang='lat' dir='ltr'>agnus</span> <span class='ocrx_word' id='word_1_596' title='bbox 1744 5203 1866 5252; x_wconf 68' lang='lat' dir='ltr'>emam</span> <span class='ocrx_word' id='word_1_597' title='bbox 1879 5191 1962 5253; x_wconf 83' lang='lat' dir='ltr'>ton-</span> 
     </span>
     <span class='ocr_line' id='line_1_52' title="bbox 316 5285 1964 5364; baseline 0.001 -16"><span class='ocrx_word' id='word_1_598' title='bbox 316 5303 406 5349; x_wconf 87' lang='lat' dir='ltr'>nunc</span> <span class='ocrx_word' id='word_1_599' title='bbox 425 5288 459 5350; x_wconf 89' lang='lat' dir='ltr'>et</span> <span class='ocrx_word' id='word_1_600' title='bbox 475 5301 580 5364; x_wconf 86' lang='lat' dir='ltr'>usque</span> <span class='ocrx_word' id='word_1_601' title='bbox 601 5285 830 5354; x_wconf 80' lang='lat' dir='ltr'>iusaeculum.</span> <span class='ocrx_word' id='word_1_602' title='bbox 857 5287 950 5349; x_wconf 91' lang='lat' dir='ltr'>Unde</span> <span class='ocrx_word' id='word_1_603' title='bbox 985 5289 1109 5352; x_wconf 81' lang='lat' dir='ltr'>lsaias:</span> <span class='ocrx_word' id='word_1_604' title='bbox 1164 5287 1265 5350; x_wconf 78' lang='lat' dir='ltr'>dente</span> <span class='ocrx_word' id='word_1_605' title='bbox 1278 5301 1315 5350; x_wconf 85' lang='lat' dir='ltr'>se</span> <span class='ocrx_word' id='word_1_606' title='bbox 1325 5286 1503 5357; x_wconf 72' lang='lat' dir='ltr'>canumet,</span> <span class='ocrx_word' id='word_1_607' title='bbox 1519 5285 1638 5348; x_wconf 78' lang='lat' dir='ltr'>elnon</span> <span class='ocrx_word' id='word_1_608' title='bbox 1652 5288 1964 5360; x_wconf 76' lang='lat' dir='ltr'>aperuttosstmm</span> 
     </span>
     <span class='ocr_line' id='line_1_53' title="bbox 317 5381 1966 5464; baseline 0 -17"><span class='ocrx_word' id='word_1_609' title='bbox 317 5385 438 5447; x_wconf 67' lang='lat' dir='ltr'>clectos</span> <span class='ocrx_word' id='word_1_610' title='bbox 456 5387 538 5458; x_wconf 73' lang='lat' dir='ltr'>quid</span> <span class='ocrx_word' id='word_1_611' title='bbox 555 5387 597 5446; x_wconf 83' lang='lat' dir='ltr'>do</span> <span class='ocrx_word' id='word_1_612' title='bbox 616 5385 737 5446; x_wconf 80' lang='lat' dir='ltr'>nectet</span> <span class='ocrx_word' id='word_1_613' title='bbox 758 5383 908 5446; x_wconf 86' lang='lat' dir='ltr'>Christus</span> <span class='ocrx_word' id='word_1_614' title='bbox 929 5385 980 5447; x_wconf 88' lang='lat' dir='ltr'>est</span> <span class='ocrx_word' id='word_1_615' title='bbox 1000 5387 1111 5451; x_wconf 84' lang='lat' dir='ltr'>custos</span> <span class='ocrx_word' id='word_1_616' title='bbox 1166 5382 1302 5464; x_wconf 74' lang='lat' dir='ltr'>(lauru,</span> <span class='ocrx_word' id='word_1_617' title='bbox 1313 5381 1798 5462; x_wconf 84' lang='lat' dir='ltr'>7).Hanctantampatientiam</span> <span class='ocrx_word' id='word_1_618' title='bbox 1808 5383 1966 5447; x_wconf 84' lang='lat' dir='ltr'>Christus</span> 
     </span>
     <span class='ocr_line' id='line_1_54' title="bbox 316 5478 1966 5559; baseline 0.001 -17"><span class='ocrx_word' id='word_1_619' title='bbox 316 5482 439 5553; x_wconf 88' lang='lat' dir='ltr'>noster,</span> <span class='ocrx_word' id='word_1_620' title='bbox 462 5481 518 5559; x_wconf 87' lang='lat' dir='ltr'>qui</span> <span class='ocrx_word' id='word_1_621' title='bbox 540 5480 683 5544; x_wconf 91' lang='lat' dir='ltr'>custodit</span> <span class='ocrx_word' id='word_1_622' title='bbox 705 5497 765 5543; x_wconf 92' lang='lat' dir='ltr'>nos</span> <span class='ocrx_word' id='word_1_623' title='bbox 780 5480 815 5542; x_wconf 94' lang='lat' dir='ltr'>in</span> <span class='ocrx_word' id='word_1_624' title='bbox 830 5481 927 5544; x_wconf 85' lang='lat' dir='ltr'>nocte</span> <span class='ocrx_word' id='word_1_625' title='bbox 948 5483 1110 5546; x_wconf 89' lang='lat' dir='ltr'>malarum</span> <span class='ocrx_word' id='word_1_626' title='bbox 1164 5481 1198 5544; x_wconf 92' lang='lat' dir='ltr'>et</span> <span class='ocrx_word' id='word_1_627' title='bbox 1220 5479 1360 5542; x_wconf 90' lang='lat' dir='ltr'>dicendo</span> <span class='ocrx_word' id='word_1_628' title='bbox 1381 5479 1592 5555; x_wconf 83' lang='lat' dir='ltr'>signincavit,</span> <span class='ocrx_word' id='word_1_629' title='bbox 1613 5479 1647 5540; x_wconf 90' lang='lat' dir='ltr'>et</span> <span class='ocrx_word' id='word_1_630' title='bbox 1667 5478 1823 5555; x_wconf 90' lang='lat' dir='ltr'>patiendo</span> <span class='ocrx_word' id='word_1_631' title='bbox 1847 5497 1966 5544; x_wconf 88' lang='lat' dir='ltr'>mons-</span> 
     </span>
     <span class='ocr_line' id='line_1_55' title="bbox 317 5575 1965 5658; baseline 0.004 -20"><span class='ocrx_word' id='word_1_632' title='bbox 317 5576 566 5652; x_wconf 85' lang='lat' dir='ltr'>oogitationum,</span> <span class='ocrx_word' id='word_1_633' title='bbox 581 5579 614 5642; x_wconf 90' lang='lat' dir='ltr'>et</span> <span class='ocrx_word' id='word_1_634' title='bbox 624 5577 659 5640; x_wconf 94' lang='lat' dir='ltr'>in</span> <span class='ocrx_word' id='word_1_635' title='bbox 673 5580 768 5642; x_wconf 90' lang='lat' dir='ltr'>nocte</span> <span class='ocrx_word' id='word_1_636' title='bbox 783 5578 945 5642; x_wconf 89' lang='lat' dir='ltr'>malorum</span> <span class='ocrx_word' id='word_1_637' title='bbox 960 5595 1107 5658; x_wconf 88' lang='lat' dir='ltr'>operum.</span> <span class='ocrx_word' id='word_1_638' title='bbox 1164 5577 1275 5651; x_wconf 77' lang='grc'><strong>111111,</strong></span> <span class='ocrx_word' id='word_1_639' title='bbox 1293 5576 1371 5657; x_wconf 84' lang='lat' dir='ltr'>quia</span> <span class='ocrx_word' id='word_1_640' title='bbox 1383 5576 1471 5639; x_wconf 89' lang='lat' dir='ltr'>sicut</span> <span class='ocrx_word' id='word_1_641' title='bbox 1483 5575 1564 5639; x_wconf 81' lang='lat' dir='ltr'>thel</span> <span class='ocrx_word' id='word_1_642' title='bbox 1579 5575 1642 5639; x_wconf 81' lang='lat' dir='ltr'>fuit</span> <span class='ocrx_word' id='word_1_643' title='bbox 1656 5576 1767 5653; x_wconf 87' lang='lat' dir='ltr'>justus</span> <span class='ocrx_word' id='word_1_644' title='bbox 1782 5577 1817 5640; x_wconf 87' lang='lat' dir='ltr'>et</span> <span class='ocrx_word' id='word_1_645' title='bbox 1831 5579 1965 5655; x_wconf 86' lang='lat' dir='ltr'>patiens</span> 
     </span>
    </p>
   </div>
   <div class='ocr_carea' id='block_1_7' title="bbox 0 0 2042 6420">
    <p class='ocr_par' dir='ltr' id='par_1_8' title="bbox 0 0 2042 6420">
     <span class='ocr_line' id='line_1_56' title="bbox 0 0 2042 6420; baseline 0 3"><span class='ocrx_word' id='word_1_646' title='bbox 0 0 2042 6420; x_wconf 95' lang='lat' dir='ltr'> </span> 
     </span>
    </p>
   </div>
  </div>
 </body>
</html>
