4106 6422
88 359 143 421 49

91 541 248 618 populo
271 541 312 602 ad
337 523 734 619 0001001011(1),01111011
757 541 924 601 orationes

94 639 304 707 solemnes,
321 639 406 700 sicut
429 638 464 697 in
480 637 573 697 sexta
587 636 682 698 feria.
696 638 755 698 His
771 637 923 713 expletis,

95 736 278 797 osculato
302 735 399 797 altari
423 735 600 810 egreditur.
627 735 816 812 Presbyteri
843 749 924 797 vero

96 833 248 894 urbani
275 833 506 902 ecclesiarum,
533 831 778 910 suburbanique
804 847 922 892 rerer-

97 931 242 992 tuntur
264 929 305 991 ad
327 929 439 991 titulos
464 946 552 991 snos.
567 931 680 991 Ethoc
702 930 818 991 ordine
839 929 923 990 feria

99 1029 217 1090 sexta
230 1027 429 1105 compleant,
444 1029 585 1090 scientes
598 1028 683 1104 quod
697 1026 753 1088 ubi
769 1025 925 1089 Pontifex

99 1141 175 1201 pro
206 1125 451 1198 seintermitit,
479 1125 525 1186 ibi
541 1125 634 1186 illum
655 1124 921 1186 commemorent.

150 1225 211 1283 22.
229 1223 351 1285 Postea
363 1239 442 1284 vero
463 1223 545 1285 hora
558 1224 674 1285 octava
693 1223 924 1298 ingrediuntur

102 1321 154 1381 ad
163 1321 311 1382 missam
320 1336 411 1382 more
424 1321 532 1397 solit03
542 1322 683 1398 ideoque
693 1321 745 1381 hae
756 1320 923 1382 orationes

102 1417 223 1481 hodie
237 1419 458 1488 celebrantur,
473 1420 551 1494 quia
572 1420 608 1478 in
622 1419 686 1479 hac
701 1417 785 1478 seria
807 1416 924 1493 quarta

104 1514 303 1575 consilium
336 1515 487 1576 fecerunt
519 1515 643 1582 ludaei,
671 1515 707 1575 ut
737 1513 924 1574 occiderent

105 1611 305 1672 Christum:
318 1613 419 1688 Cujus
435 1612 502 1671 diei
515 1612 616 1671 missa
629 1612 710 1672 duas
723 1611 881 1671 lectiones
892 1611 924 1671 et

106 1709 184 1768 duo
210 1708 426 1785 responsoria
448 1725 523 1770 01111
545 1709 703 1769 Passieno
725 1707 833 1775 habet,
850 1723 922 1783 qnae

107 1806 193 1866 sine
210 1805 412 1866 salutatione
427 1805 670 1880 pronuntiatur.
688 1807 752 1865 Per
765 1805 832 1865 tres
849 1821 923 1865 con-

106 1902 249 1970 tinuos,
274 1901 330 1978 qui
352 1902 546 1977 sequnntur,
563 1900 644 1968 dies,
664 1901 696 1961 id
722 1901 772 1962 est
793 1902 920 1977 quinta,

110 1999 231 2067 sexta,
249 1999 281 2058 et
303 1999 441 2074 septima
463 1997 558 2065 feria,
583 1997 771 2059 triduanam
790 1999 921 2060 Domini

111 2095 332 2171 sepulturam
354 2094 569 2156 celebramus.
590 2099 707 2158 Gloria
731 2096 834 2156 Patri
855 2113 921 2157 non

111 2192 249 2253 dicitur
265 2207 455 2270 :campanae
472 2193 580 2254 silent.

163 2362 224 2420 XI.
249 2363 335 2428 Onici
349 2364 507 2425 doriiinns
521 2367 748 2438 repausarem
763 2366 882 2426 debeat

364 2464 400 2520 in
414 2464 518 2522 Coena
530 2465 677 2523 Domini.

159 2593 211 2650 23.
223 2592 321 2652 Faria
333 2593 446 2669 quinta
460 2595 494 2655 in
505 2596 605 2655 Coena
615 2595 746 2655 Domini
753 2595 921 2656 descendit

117 2685 279 2748 dominus
292 2691 383 2766 Papa
396 2690 437 2751 ad
460 2691 634 2752 ecclesiam
651 2692 764 2752 Sancti
782 2693 920 2754 ioannis

118 2785 359 2847 Lateranensis
388 2804 462 2847 curn
487 2788 584 2848 111110
612 2789 683 2848 sine
709 2787 813 2859 frisie,
838 2789 920 2849 hora

119 2883 219 2942 sexta
238 2905 245 2941 ε
262 2883 294 2943 01
308 2882 395 2944 10010
411 2885 560 2944 010110110
582 2886 657 2946 0110
673 2901 797 2955 cruces,
814 2886 921 2962 pergit

120 2979 164 3039 ad
180 2979 397 3040 secretarium
417 2981 457 3040 ad
471 2982 645 3042 ecclesiam
660 2983 771 3044 Sancti
786 2984 919 3044 Thomae

122 3092 199 3136 cum
214 3075 389 3153 episcopis,
405 3077 640 3146 cardinalibus,
656 3080 687 3139 et
704 3078 779 3139 aliis
793 3079 921 3140 ordini-

121 3173 200 3232 bus:
215 3173 326 3250 ibique
340 3173 449 3235 cantat
463 3176 602 3236 Nonam.
617 3176 741 3237 Deinde
760 3193 838 3238 vero
861 3179 918 3239 in-

124 3269 196 3330 duit
210 3287 245 3332 se
258 3287 361 3347 usque
376 3271 417 3332 ad
433 3271 654 3342 dalmaticam,
671 3275 703 3335 et
723 3275 865 3338 induunt
883 3292 918 3339 sa

125 3367 255 3428 diaconi
289 3369 474 3430 cardinales
505 3371 705 3443 dalmaticis,
735 3372 918 3449 presbyteri

125 3465 265 3540 planetis
287 3466 319 3528 et
339 3467 458 3528 mitris.
478 3469 569 3528 Tunc
590 3469 833 3546 praesentantur
855 3471 918 3531 do-

126 3562 214 3624 mino
228 3567 337 3641 Papae.
354 3565 530 3626 Sciendum
543 3567 593 3627 est
606 3567 690 3642 quod
704 3567 849 3642 acolythi
867 3567 920 3626 de-

126 3659 203 3720 bent
225 3662 372 3738 recipere
394 3662 433 3721 de
457 3663 555 3722 altari
580 3663 684 3722 sancti
710 3662 799 3721 Petri
820 3677 919 3721 unam

128 3757 323 3837 aquaritiam
335 3755 382 3835 (2)
400 3757 475 3825 olei,
486 3758 517 3818 et
532 3757 680 3826 fanones,
694 3759 725 3819 et
740 3759 916 3835 ampullas:

129 3854 161 3914 et
181 3853 381 3914 camerarius
403 3853 498 3915 debet
519 3855 586 3914 tres
615 3853 768 3915 denarios
790 3857 915 3934 pensat'

129 3950 274 4011 balsami.
300 3951 526 4011 presentatur
546 3955 654 4029 major
674 3953 820 4028 ampulla
844 3970 917 4015 cnm

131 4048 199 4109 oleo
222 4065 240 4109 a
261 4048 372 4125 priore
392 4047 543 4118 diacono,
563 4048 595 4110 01
607 4050 771 4111 residente
792 4051 917 4128 ipsein

132 4146 204 4206 sede
224 4161 294 4214 sua,
310 4145 410 4206 mittit
423 4145 607 4206 balsamum
622 4147 657 4206 in
672 4147 744 4224 ipsa
759 4149 917 4225 ampulla,

133 4245 164 4304 et
182 4243 292 4304 miscet
314 4233 499 4303 balsamum
528 4243 600 4304 oleo
626 4261 699 4305 cum
722 4245 917 4322 quibusdam

134 4340 306 4417 palmarum
320 4341 529 4401 ramusculis.
545 4342 756 4402 Postmodum
771 4361 850 4404 vero
863 4361 919 4406 re-

134 4438 256 4515 ponitur
268 4437 413 4516 ampulla
427 4454 526 4514 super
536 4437 640 4500 altare
652 4441 915 4502 sanctiThomae:

136 4551 193 4613 quo
213 4533 306 4604 facto,
326 4533 435 4598 induit
455 4552 490 4596 se
506 4535 658 4596 dominus
671 4538 825 4599 Pontifex
845 4539 919 4616 pla-

137 4633 233 4693 netam
252 4633 284 4693 et
307 4633 438 4694 mitram
461 4632 721 4710 aurifrixiatam
744 4637 917 4713 pergitque

137 4730 173 4790 ad
187 4731 324 4799 missam,
339 4729 608 4807 praecedentibus
621 4734 744 4808 septem
762 4735 866 4795 cereis
882 4735 916 4795 in

138 4827 245 4905 septem
268 4827 475 4889 candelabris
496 4845 569 4889 cum
592 4831 814 4906 processione,
831 4832 917 4894 sicut

139 4925 293 4988 consuevit
306 4926 341 4986 in
354 4923 481 4987 festivis
497 4925 572 4987 aliis
587 4926 713 4988 diebus.

173 5023 916 5100 athotanuumveroquodfaculasetcandela-

138 5122 189 5182 bra
197 5121 281 5182 curia
292 5119 387 5182 debet
397 5121 487 5182 dare.
496 5122 663 5192 lutroitus,
672 5127 788 5186 Gloria
798 5127 913 5196 Petri,

137 5221 226 5293 Kprie
237 5221 373 5288 eleison,
384 5221 500 5280 Gloria
512 5223 914 5295 10000011111100,011110

137 5316 192 5377 ista
203 5313 360 5375 dicuntur.
377 5315 451 5374 Non
464 5315 575 5376 dicant
590 5317 784 5393 symbolum.
798 5321 846 5382 lta
857 5322 915 5382 ha·

138 5413 217 5474 betur
229 5411 261 5472 in
276 5411 360 5472 libro
373 5425 467 5488 papae
480 5408 528 5490 (o)
545 5414 678 5477 Gelasii.
696 5417 757 5478 Sed
781 5435 840 5480 nos
862 5419 914 5480 di·-

171 5557 204 5630 (11
220 5559 558 5618 saint-leandebatran.

172 5632 267 5706 (11101
291 5631 451 5703 aquaricia,
476 5647 528 5712 uas
552 5635 627 5714 Ι11011
652 5638 738 5694 estin
761 5655 813 5697 usu
837 5642 911 5715 apud

141 5705 410 5772 110100-1010100,
425 5702 522 5772 fascia,
536 5704 620 5775 liupr.

757 360 866 423 0110
889 353 1106 420 aoxianus.
1187 371 1224 428 y

1735 363 1774 422 w
1793 453 1796 458 .

980 537 1085 598 cimus
1118 536 1301 614 symbolum
1330 537 1463 614 propter
1491 538 1772 602 consecrationem

980 634 1178 694 chrismatis.
1187 638 1306 697 Pacem
1321 634 1408 697 infer
1420 651 1455 696 se
1470 650 1536 696 non
1550 635 1644 696 dent:
1659 651 1773 696 serre-

978 731 1087 810 tnrde
1102 732 1220 794 oblatis
1234 754 1240 792 :
1253 735 1389 810 sangnis
1402 733 1532 810 penitus
1546 733 1770 796 consumatur.

980 833 1124 890 Irenaeus
1142 853 1149 890 :
1166 831 1289 892 «Absit
1303 832 1339 892 ut
1353 831 1558 892 dissonantia
1579 831 1665 901 festi,
1682 834 1772 894 cari-

981 928 1056 990 tatis
1080 928 1113 989 et
1134 929 1270 991 unitatis
1295 930 1547 992 consonantiam
1572 932 1771 1007 corrumpat.

979 1026 1095 1086 Omnia
1111 1027 1206 1102 signa
1219 1027 1410 1103 productius
1433 1028 1529 1089 solito
1551 1029 1724 1105 pulsentur
1737 1030 1772 1088 in

979 1123 1194 1185 classicum.»
1209 1126 1367 1187 cantatur
1381 1129 1542 1188 Gloriairi
1551 1130 1695 1188 excelsis
1703 1130 1774 1199 Deo

979 1221 1050 1281 sine
1065 1222 1224 1298 symbolo,
1239 1223 1337 1299 atque
1352 1223 1481 1283 dicatur
1492 1226 1610 1298 Apnns
1622 1227 1686 1284 Dei
1703 1223 1774 1284 abs-

979 1335 1042 1396 que
1055 1319 1178 1381 osculo.
1189 1320 1267 1380 Post
1279 1320 1548 1396 praedicationem
1558 1335 1637 1381 raro
1649 1321 1773 1381 domini

979 1419 1077 1492 Papae
1093 1416 1224 1478 diaconi
1239 1417 1425 1478 cardinales
1439 1417 1550 1478 lerant
1566 1434 1713 1478 mensam
1733 1418 1773 1478 de

979 1513 1088 1582 altari,
1105 1514 1137 1575 et
1158 1515 1279 1575 nudato
1304 1515 1402 1574 altari
1423 1515 1549 1590 ponunt
1563 1531 1636 1574 earn
1655 1515 1690 1574 in
1715 1531 1772 1576 se-

979 1612 1067 1671 creto
1098 1611 1170 1671 1000
1197 1634 1203 1670 :
1230 1613 1262 1672 et
1284 1612 1440 1673 extractis
1466 1611 1593 1672 duabus
1617 1612 1771 1688 ampullis

978 1724 1052 1768 cum
1076 1708 1238 1782 sanguine
1255 1711 1287 1768 et
1310 1723 1396 1785 aqna
1421 1709 1553 1780 Christi,
1579 1710 1774 1785 cooperiunt

977 1806 1084 1882 ipsum
1100 1806 1204 1866 altare
1218 1806 1331 1875 linteo,
1343 1807 1376 1867 01
1386 1807 1459 1883 post
1473 1807 1608 1868 missam
1623 1823 1683 1884 per
1695 1822 1773 1884 qua-

976 1903 1052 1964 tuor
1080 1889 1219 1979 angulos
1238 1904 1320 1964 illud
1336 1905 1514 1980 sigillatur.
1542 1907 1771 1978 Quumautem

977 2001 1126 2077 praefatio
1148 2003 1334 2074 inchoatur,
1361 2003 1485 2064 vadunt
1509 2003 1640 2064 diaconi
1663 2003 1774 2062 cardi-

977 2099 1069 2160 nales
1085 2117 1159 2161 cnm
1175 2101 1385 2162 subdiaconis
1401 2102 1434 2161 et
1448 2101 1610 2176 acolythis
1625 2115 1684 2176 pro
1700 2116 1773 2159 arn-

976 2197 1075 2274 pullis
1097 2197 1275 2259 afferemlis
1291 2199 1332 2258 ad
1353 2197 1624 2265 benedicendum,
1641 2212 1771 2273 praece-

977 2295 1073 2356 dente
1096 2311 1229 2356 crucem
1253 2294 1421 2356 thuribulo
1447 2296 1479 2356 et
1497 2295 1624 2355 duobus
1647 2296 1768 2370 cereis3

976 2393 1152 2470 antequam
1177 2394 1306 2455 dicatur
1333 2399 1407 2454 Per
1428 2409 1528 2466 quain
1549 2397 1620 2454 lacre
1641 2396 1768 2463 ornatio,

975 2491 1127 2551 dominus
1139 2491 1293 2552 Pontifex
1304 2491 1469 2553 benedicit
1484 2491 1592 2552 oleum
1606 2506 1665 2566 pro
1681 2489 1771 2548 infir-

975 2588 1050 2663 miS,
1071 2589 1156 2650 sicut
1177 2589 1212 2649 in
1230 2589 1351 2650 Ordine
1376 2588 1572 2649 continetur.
1593 2588 1771 2664 Postquam

975 2701 1053 2746 vero
1065 2686 1197 2754 dixerit,
1212 2691 1293 2746 Parc
1305 2687 1771 2760 9011101011010100100010-

974 2799 1063 2854 01110,
1088 2782 1308 2844 communicat
1331 2783 1421 2843 solus
1443 2781 1597 2844 Pontifex
1619 2784 1695 2843 ante
1714 2783 1769 2842 al·
1791 2813 1795 2820 ·

976 2882 1057 2949 tare,
1075 2881 1106 2941 et
1121 2877 1279 2942 diacanns
1296 2881 1469 2942 confirmat
1483 2897 1558 2942 eum
1574 2897 1648 2941 curn
1666 2881 1769 2940 calice

974 2977 1033 3037 illa
1049 2978 1273 3038 tantummodo
1289 2977 1352 3038 die.
1370 2977 1494 3038 Deinde
1518 2977 1610 3052 ponit
1633 2976 1770 3038 calicem

975 3089 1073 3152 super
1088 3075 1203 3145 altare,
1221 3075 1253 3135 et
1265 3075 1418 3151 patenam
1429 3075 1525 3151 juxta
1541 3089 1627 3142 eum,
1644 3075 1677 3134 et
1691 3090 1772 3134 con-

974 3173 1066 3234 tinuo
1081 3172 1227 3249 cooperit
1242 3173 1418 3249 utrumque
1439 3173 1479 3232 de
1495 3172 1633 3232 sindone
1648 3171 1768 3232 munda
1865 3177 1870 3186 '

974 3271 1047 3348 post
1070 3271 1241 3348 corporale
1264 3287 1447 3347 expansum
1472 3293 1479 3330 :
1503 3270 1678 3346 statimque
1705 3270 1769 3330 duo

974 3367 1118 3443 acolythi
1133 3369 1245 3430 tenent
1259 3367 1421 3444 ampullas
1437 3367 1603 3428 1111011100
1617 3383 1691 3427 cum
1705 3368 1771 3426 sin-

975 3465 1058 3526 done
1083 3465 1157 3526 alba
1175 3455 1281 3526 serica
1303 3467 1338 3526 in
1358 3466 1492 3526 sinistro
1508 3465 1655 3536 brachio,
1672 3466 1719 3525 ita
1735 3465 1771 3525 ut

974 3561 1080 3622 rideri
1106 3563 1233 3637 possint
1245 3580 1263 3622 a
1277 3563 1384 3622 medio
1404 3585 1410 3621 :
1428 3564 1460 3622 et
1477 3563 1613 3622 ueniens
1628 3579 1714 3620 arnus
1730 3561 1769 3620 de

975 3657 1168 3716 diaconibus
1184 3659 1304 3732 accipit
1319 3674 1418 3716 unam
1434 3659 1613 3732 ampullam
1637 3657 1677 3716 de
1698 3657 1772 3717 bal-

975 3771 1066 3815 samo
1081 3755 1230 3822 mixtam,
1241 3755 1272 3814 et
1283 3755 1391 3830 portat
1404 3754 1653 3828 archidiacono;
1673 3754 1771 3815 etille

974 3851 1079 3913 defert
1099 3852 1252 3912 Pontifici
1277 3853 1353 3912 ante
1368 3851 1484 3914 altare.
1501 3855 1592 3912 Tunc
1616 3851 1770 3912 Pontifex
1868 3842 1872 3851 “

973 3950 1155 4026 respiciens
1169 3949 1768 4017 011011011011,1110001101010110011-

973 4047 1097 4124 pullam
1111 4047 1187 4107 ante
1203 4047 1310 4124 ipsum
1324 4047 1358 4106 in
1374 4047 1508 4108 sinistro
1522 4046 1658 4107 brachio
1673 4047 1771 4108 invo-

973 4145 1075 4207 lutam
1092 4145 1241 4213 sindone,
1254 4145 1345 4205 halat
1357 4147 1407 4206 ter
1421 4145 1456 4204 in
1472 4145 1662 4221 ampullam,
1677 4145 1771 4206 utin-

972 4244 1037 4305 tret
1059 4244 1094 4304 in
1114 4243 1396 4304 consecrationem
1412 4242 1611 4304 chrismatis.
1630 4244 1669 4305 at
1690 4243 1770 4306 dicit

973 4343 1105 4403 excelsa
1120 4358 1211 4413 uoce,
1226 4344 1374 4402 Srirsnnt
1392 4344 1513 4414 corda·
1537 4341 1767 4418 respondetur,

972 4444 1147 4502 Habonius
1168 4443 1212 4500 orl
1232 4441 1429 4500 Dominum..
1452 4441 1593 4501 Grotius
1609 4455 1766 4516 uncinata,

973 4527 1033 4598 etc.
1060 4537 1146 4598 sicut
1173 4537 1209 4597 in
1231 4538 1352 4598 Ordine
1376 4537 1574 4598 continetur.
1600 4537 1767 4615 Completa

972 4635 1211 4703 benedictione,
1227 4635 1392 4696 benedicit
1414 4635 1593 4712 ampullam
1609 4634 1685 4706 olei,
1705 4636 1766 4694 de-

972 4735 1072 4796 latam
1090 4733 1205 4794 ordine
1221 4749 1284 4810 qno
1301 4749 1401 4808 supra
1418 4755 1425 4791 :
1442 4732 1475 4793 et
1498 4731 1652 4792 similiter
1676 4731 1768 4792 halat

970 4832 1005 4893 in
1019 4833 1136 4908 ipsam,
1153 4831 1211 4891 sed
1227 4831 1343 4904 tacite;
1366 4830 1399 4890 et
1413 4830 1503 4896 dicit,
1517 4831 1686 4890 Dentibus
1704 4845 1767 4890 no-

971 4933 1109 4992 discunt.
1124 4928 1248 4996 Oratio,
1264 4932 1356 4988 Dens
1377 4928 1682 4997 incrementorum,
1704 4927 1765 4986 etc.

971 5031 1074 5089 Porro
1103 5025 1263 5103 ampulla,
1294 5041 1367 5102 quae
1396 5041 1471 5085 cum
1497 5024 1675 5086 chrismate
1703 5023 1764 5092 est,

970 5125 1080 5187 statim
1093 5125 1130 5186 ut
1143 5123 1315 5184 benedicta
1330 5121 1442 5192 fuerit,
1458 5121 1678 5199 cooperiatur,
1695 5119 1731 5181 ut
1746 5137 1765 5180 a

970 5223 1101 5286 nemine
1116 5222 1268 5284 rideatur
1285 5243 1291 5281 :
1309 5221 1364 5284 sed
1385 5221 1524 5281 diacono
1545 5217 1766 5288 1010110110-

969 5323 1078 5382 minus
1094 5325 1184 5397 Papa
1200 5320 1322 5382 salutat
1336 5319 1461 5389 0011,01
1476 5317 1567 5384 dicit,
1583 5319 1655 5378 alec
1669 5332 1765 5378 saite·

969 5421 1042 5483 inan
1065 5422 1228 5488 clariciam,
1249 5417 1354 5479 tribus
1378 5413 1518 5484 uicibus,
1542 5416 1574 5476 et
1595 5415 1765 5476 osculatur

1005 5569 1045 5644 (a)
1067 5569 1141 5628 Nihil
1155 5567 1296 5642 ejusmodi
1312 5567 1415 5639 legitur
1432 5566 1459 5622 in
1476 5566 1560 5623 Libro
1577 5568 1766 5624 8111101110-

968 5659 1032 5723 rura
1048 5642 1206 5766 (siafsr'sinuq
1222 5654 1306 5711 quem
1327 5637 1453 5695 eruditus
1471 5638 1641 5696 Thalassius
1661 5637 1766 5710 publici

965 5729 1036 5784 plns
1063 5728 1129 5768 001..
