4076 6420
313 275 375 337 obe
786 269 962 332 HONORII
985 269 1030 329 111
1053 267 1202 330 OPERA.
1218 295 1258 312 -
1274 267 1505 366 SERM'ONES.
1918 269 1980 328 otti

314 433 453 506 ratibus,
470 433 517 495 ita
532 430 643 495 anima
659 429 786 492 dnobus
801 430 908 492 utitur
919 428 1109 508 spirituali·
1164 426 1367 504 Apostolus:
1388 429 1537 490 0999999
1559 427 1673 488 rectos
1697 429 1802 504 factio
1824 431 1978 504 pedibus

313 530 565 606 buaridelicet,
588 529 656 602 ttdc
678 528 712 590 et
732 529 913 592 tutcltecta.
931 529 997 589 Per
1011 525 1108 588 fldem
1162 524 1306 596 oestrts,
1342 525 1382 586 91
1417 539 1487 586 999
1524 527 1719 587 claudicans
1757 529 1836 600 ouis
1872 530 1973 590 crrct

313 627 763 705 intelligitanimaquaenon
777 625 877 689 videt.
895 619 988 687 Unde
1002 627 1110 702 Apos—
1165 619 1279 701 (Hebr.
1306 637 1368 695 xn,
1402 619 1467 701 13).
1498 622 1581 695 Quid
1609 623 1661 685 est
1688 639 1825 699 gressus
1857 627 1971 687 rectos

313 728 400 792 tolus
413 749 420 788 :
434 727 519 788 Ftdc
528 725 751 801 intemptatae
759 724 880 797 aptota
890 737 965 785 esec
983 727 1109 785 9199999
1163 718 1291 788 tacere,
1312 720 1377 781 nisi
1391 721 1428 780 in
1441 719 1539 782 bonis
1554 720 1710 799 operibus
1730 722 1972 785 rectitudinem

314 829 418 888 aerbo
436 827 501 886 Det
514 821 628 903 (Hebr.
644 837 692 895 xr,
707 821 753 904 3).
770 821 871 894 Quasi
886 821 1029 883 diceret:
1051 835 1110 897 per
1159 817 1300 894 justitiae
1320 818 1456 882 teneret
1475 817 1568 892 Quod
1590 818 1620 879 si
1641 819 1765 896 aliquis
1787 819 1971 893 claudicat,

314 923 414 984 fidem
430 919 660 997 cognoscimus
682 922 786 980 ileum
804 917 907 980 verbo
927 933 987 980 suo
1011 933 1110 978 mun·
1163 915 1249 978 idest
1269 915 1380 978 delicit
1398 931 1418 978 a
1436 915 1523 978 bono
1542 931 1655 995 opere,
1671 916 1805 981 ducitur
1818 919 1857 980 in
1875 935 1975 982 erro-

315 1019 402 1080 dana
416 1031 558 1088 creasse.
573 1015 724 1094 quamvis
739 1015 850 1077 necin
867 1014 926 1076 illa
941 1014 1109 1077 creatione
1163 1029 1245 1075 rem.
1263 1014 1382 1076 Et'hoc
1398 1015 1448 1076 est
1463 1014 1550 1092 quod
1569 1015 1692 1078 dicitur
1709 1032 1717 1076 :
1733 1017 1772 1078 91
1786 1031 1859 1078 nort
1872 1023 1972 1080 9199-

314 1111 1107 1188 iuerimus,necillamordinationemriderimus.
1163 1115 1282 1174 dtcons
1293 1117 1371 1187 9919
1383 1113 1481 1175 erret
1493 1111 1618 1192 (ibid).

315 1214 489 1280 intellectu
497 1211 807 1289 comprehendimus
815 1227 855 1273 ea
863 1227 936 1289 quae
945 1211 1109 1289 perfidem
1203 1211 1243 1272 Et
1257 1210 1438 1272 notandum
1453 1210 1539 1288 quod
1557 1209 1686 1272 duobus
1699 1211 1841 1288 pedibus
1855 1213 1971 1274 anima

314 1313 493 1378 credimus.
506 1310 599 1374 Unde
610 1326 670 1388 per
679 1309 884 1372 contrarium
899 1309 1022 1371 dicitur
1033 1309 1111 1386 qui·
1164 1305 1347 1380 stabilitur,
1374 1307 1544 1381 videlicet,
1572 1308 1692 1371 timore
1716 1311 1749 1372 et
1774 1325 1906 1372 amore.
1933 1314 1972 1374 Et

313 1413 453 1475 busdam
466 1410 502 1471 in
524 1408 624 1482 isaia,
642 1409 822 1470 secundum
844 1407 945 1470 aliam
959 1406 1108 1470 1999919-
1164 1421 1230 1466 999
1250 1405 1356 1466 solum
1379 1405 1557 1479 stabilitur,
1574 1407 1632 1468 sed
1653 1407 1755 1469 etiam
1777 1423 1924 1470 currens
1939 1410 1972 1470 19

220 1514 226 1524 ’
314 1511 460 1574 tionem:
482 1509 561 1572 Nisi
578 1507 807 1580 credideritis,
827 1521 897 1569 999
915 1506 1110 1583 intelligetis
1163 1502 1259 1565 bonis
1272 1503 1429 1580 operibus
1442 1505 1567 1581 rumpit
1579 1505 1693 1566 omnia
1707 1505 1856 1580 vincula,
1872 1507 1972 1578 idest,

314 1605 409 1687 (ibid.
424 1621 486 1679 vn,
497 1603 543 1685 9).
555 1605 650 1667 Unde
662 1602 874 1666 manifestum
885 1603 936 1668 est
949 1603 1035 1682 quod
1050 1617 1110 1680 per
1163 1601 1409 1678 impedimenta.
1427 1601 1521 1664 Unde
1546 1601 1794 1681 Hieronymus:
1811 1621 1830 1664 c
1856 1606 1973 1668 Facile

314 1704 414 1767 fidem
426 1703 564 1765 'venitur
578 1702 620 1764 ad
643 1702 859 1764 intellectum.
881 1701 921 1764 nt
935 1702 991 1779 qui
1012 1701 1109 1762 modo
1163 1699 1288 1777 rumpit
1297 1699 1409 1762 omnia
1420 1700 1555 1763 vincula
1570 1715 1665 1762 amor
1679 1701 1801 1763 Christi
1820 1703 1855 1765 et
1869 1703 1974 1765 timor

313 1819 381 1866 non
403 1801 476 1864 vult
495 1801 536 1864 de
555 1801 622 1863 Deo
643 1816 724 1862 vera
745 1800 892 1868 credere,
907 1815 974 1862 non
989 1799 1110 1876 poterit
1163 1797 1337 1874 gebenna.
1357 1815 1375 1858 »
1392 1797 1497 1874 igitur
1510 1797 1622 1860 claudi
1636 1798 1819 1874 ambulant,
1834 1801 1973 1878 quando

313 1899 522 1982 postmodum
555 1899 597 1961 ad
632 1898 692 1960 Dei
725 1899 948 1975 cognitionem
980 1897 1107 1960 venire.
1164 1894 1526 1972 illiquitimoremDei
1546 1897 1743 1958 clamorem
1761 1913 1829 1960 non
1844 1898 1974 1962 habent

312 1999 400 2062 Gaeci
423 1996 751 2076 ergosuntquiDei
772 1997 1014 2060 virtutemnon
1036 2011 1110 2058 cre-
1164 1991 1306 2065 firmum,
1334 2007 1395 2070 per
1421 1994 1564 2071 gratiam
1592 1994 1779 2059 solidantur
1811 1996 1848 2058 in
1881 1996 1973 2060 bono

311 2098 406 2171 dunt,
417 2096 471 2159 991
481 2111 548 2158 999
562 2094 764 2172 intelligunt.
1164 2106 1274 2168 opere.
1291 2091 1429 2168 Leprosi
1450 2092 1527 2154 sunt
1547 2091 1709 2166 haeretici,
1727 2093 1807 2171 quia
1825 2095 1919 2157 sicut
1937 2095 1972 2156 in

349 2195 416 2259 Sed
440 2193 621 2258 notandum
643 2194 704 2264 est,
718 2193 805 2272 quod
823 2193 882 2254 alii
904 2194 981 2256 sunt
994 2193 1109 2256 caecia
1163 2189 1304 2267 leprosis
1325 2205 1405 2252 caro
1418 2205 1462 2251 ex
1475 2191 1571 2267 parte
1586 2191 1637 2254 991
1651 2205 1745 2264 sana,
1761 2193 1796 2254 et
1813 2197 1973 2270 exparte

311 2292 562 2366 nativitate,alii
571 2291 881 2354 caecanturalterius
889 2291 1107 2369 malignitate,
1164 2288 1331 2366 corrupta,
1342 2289 1490 2364 exparte
1501 2287 1628 2350 tumida
1638 2289 1672 2351 et
1681 2305 1724 2350 ex
1738 2290 1834 2368 parte
1847 2291 1969 2368 plana;

310 2393 371 2456 alii
392 2407 436 2454 ex
457 2387 618 2453 incidenti
648 2389 851 2452 infirmitate.
880 2392 908 2450 A
935 2391 1109 2454 nativitate
1164 2386 1211 2448 ita
1225 2385 1377 2448 doctrina
1389 2384 1557 2449 haereticis
1578 2401 1622 2449 ex
1640 2387 1735 2464 parte
1753 2391 1806 2451 est
1824 2403 1922 2462 vera,
1939 2393 1973 2454 et

310 2488 481 2554 caecisunt
495 2489 551 2568 qui
570 2487 612 2550 ab
631 2487 852 2551 iniantialleo
872 2503 938 2550 non
957 2489 1107 2552 credunt.
1164 2498 1207 2544 ex
1234 2484 1328 2560 parte
1359 2485 1410 2546 est
1438 2483 1535 2546 falsa.
1567 2488 1712 2560 Leprost
1735 2489 1969 2562 mutuantur,

311 2586 603 2653 opponeremus
624 2585 660 2649 in
682 2587 815 2648 Psalmo
834 2607 842 2648 ε
860 2589 1010 2650 alterata·
1028 2589 1110 2650 aaut
1164 2580 1296 2660 quando
1309 2581 1458 2645 naraon
1473 2582 1515 2644 ab
1529 2582 1700 2646 erroribus
1712 2586 1969 2659 convertuntur,

307 2688 507 2764 peccatores
525 2689 567 2748 ab
580 2686 692 2758 atero,
708 2685 920 2748 erraverunt
933 2701 956 2748 a
974 2685 1107 2759 ocrttrc,
1164 2679 1197 2740 et
1208 2678 1271 2740 hoc
1284 2679 1451 2756 significat
1464 2681 1616 2744 Naaman
1636 2680 1799 2760 leprosus,
1814 2699 1877 2760 per
1890 2699 1972 2746 ver-

309 2784 412 2847 locntt
433 2783 517 2846 9991
536 2783 625 2857 salec
647 2778 716 2860 (Ps.
738 2781 788 2853 57,
810 2778 856 2860 4),
878 2779 965 2843 idest
982 2796 1025 2842 ex
1044 2797 1109 2860 quo
1163 2777 1241 2840 bum
1254 2779 1365 2856 Elysei
1387 2778 1576 2842 mundatus.
1594 2779 1695 2842 Surdi
1715 2782 1795 2843 sunt
1815 2781 1875 2859 qui
1889 2799 1972 2844 ver·

308 2881 379 2944 nati
394 2880 520 2943 suntin
535 2894 649 2941 errore
668 2878 872 2940 manserunt.
886 2878 955 2940 Alii
973 2894 1108 2941 caecan-
1163 2875 1241 2937 bum
1256 2877 1316 2939 Dei
1333 2876 1387 2939 vel
1408 2875 1525 2940 audire
1541 2876 1669 2951 nolunt,
1687 2878 1742 2940 rel
1762 2878 1789 2940 si
1811 2880 1968 2953 audiunt,

309 2979 365 3042 tur
389 2977 529 3040 alterius
561 2975 779 3054 malignitate,
809 2977 847 3039 ut
873 2981 950 3039 suut
974 2977 1024 3038 illi
1051 2978 1109 3054 qui
1163 2989 1230 3036 non
1245 2975 1480 3037 exaudiuntur.
1496 2975 1594 3036 Tales
1608 2991 1628 3038 a
1643 2975 1774 3039 Christo
1791 2981 1967 3052 curamur,

309 3091 385 3138 curn
399 3074 541 3138 tuissent
552 3071 741 3146 christiani,
753 3075 868 3152 postea
884 3075 1007 3136 sunt'in
1020 3089 1110 3137 erro-
1164 3071 1294 3149 quaudo
1315 3071 1474 3135 divimtus
1493 3073 1543 3135 919
1565 3072 1663 3136 datur
1681 3073 1820 3136 verbum
1841 3077 1970 3154 praedi-

308 3189 380 3238 rem
403 3171 501 3252 lapsi.
527 3170 620 3233 Unde
644 3171 766 3247 legitur
786 3171 821 3232 iu
840 3171 997 3246 ieremia,
1022 3173 1108 3249 quod
1163 3169 1305 3232 cationis
1320 3170 1463 3234 libenter
1474 3170 1602 3240 audire,
1615 3171 1649 3235 et
1660 3170 1842 3236 efficaciter
1856 3175 1969 3238 adim-

307 3287 370 3334 rex
392 3269 571 3349 Babylonis
592 3269 680 3332 eruit
694 3268 808 3333 oculos
830 3269 977 3333 sedeciae
995 3271 1106 3348 regis3
1163 3267 1265 3345 plere.
1294 3267 1430 3330 Talibus
1452 3268 1533 3332 dicit
1555 3269 1715 3332 Dominus
1730 3285 1790 3348 per
1813 3273 1966 3338 isaiam:

308 3370 404 3443 idest,
421 3366 572 3432 diabolus
591 3367 689 3428 tidem
703 3367 737 3430 et
750 3366 953 3430 intellectum
972 3367 1109 3433 abstulit
1162 3369 1268 3428 Sardi
1282 3369 1409 3438 cedde,
1423 3367 1459 3429 et
1475 3369 1559 3430 coect
1576 3368 1762 3430 intuemini
1779 3373 1825 3432 nd
1838 3373 1966 3436 vidan-

308 3467 486 3546 anuslibet
515 3465 701 3529 christiani.
725 3465 792 3527 atii
818 3467 987 3528 caecantur
1012 3467 1107 3530 acci·
1162 3467 1255 3526 dum.
1286 3467 1369 3532 Quis
1398 3479 1509 3528 919999
1540 3467 1610 3526 9191
1639 3480 1765 3528 scauro
1788 3473 1968 3543 9199991

307 3564 399 3628 denti
418 3564 623 3636 infirmitate,
646 3564 683 3625 ut
703 3563 781 3626 sunt
803 3563 853 3624 illi
880 3564 936 3642 qui
961 3580 1021 3642 pro
1046 3581 1107 3627 sua
1160 3565 1290 3625 surdus
1309 3566 1378 3624 nist
1401 3566 1446 3625 91
1459 3577 1561 3638 quam
1583 3565 1665 3626 misi
1683 3565 1824 3628 9991199
1844 3571 1967 3630 accos?

306 3663 512 3742 negligentia
532 3662 586 3726 vel
605 3678 672 3724 non
691 3662 831 3724 credunt
846 3662 899 3725 vel
918 3677 985 3724 non
1001 3663 1105 3726 intel·
1162 3659 1220 3740 (is.
1235 3677 1318 3734 xum,
1336 3659 1399 3740 18).

306 3762 415 3839 ligunt
427 3761 613 3824 versutam
629 3759 724 3822 Unde
738 3759 773 3820 in
789 3759 953 3822 Psalterio
968 3761 1010 3823 de
1023 3761 1105 3824 tali-
1200 3759 1293 3821 Nulli
1323 3761 1400 3821 suut
1428 3759 1598 3820 surdiores
1632 3760 1733 3822 hodie
1764 3761 1965 3839 quibusdam

305 3860 366 3922 bus
390 3859 447 3938 qui
471 3860 584 3922 oculos
615 3857 740 3920 babent
767 3857 801 3920 et
830 3873 897 3920 non
921 3859 1046 3932 vident,
1074 3861 1108 3923 et
1161 3857 1370 3930 christianis,
1398 3857 1455 3935 qui
1480 3857 1627 3936 quotidie
1655 3859 1796 3923 audiunt
1818 3861 1963 3924 verbum

306 3973 406 4020 aures
420 3956 544 4020 habent
560 3955 618 4018 sed
637 3971 704 4018 non
719 3955 860 4018 audiunt
878 3971 986 4034 neque
1006 3956 1107 4019 intel·
1159 3955 1417 4033 predicationis
1434 3955 1492 4018 sed
1511 3971 1578 4018 non
1597 3957 1823 4020 exaudiuntur
1839 3960 1964 4025 effectu

304 4056 424 4134 ligant.
1159 4055 1373 4132 operationis.
1387 4053 1510 4116 Mortui
1523 4055 1602 4118 sunt
1616 4055 1672 4132 qui
1687 4055 1723 4117 in
1735 4057 1872 4132 peccato
1889 4059 1962 4120 cm·-

345 4153 442 4214 Multi
468 4153 545 4214 sunt
572 4151 671 4213 hodie
692 4151 749 4229 qui
770 4151 871 4212 etiam
894 4150 937 4212 ad
960 4150 1104 4215 litteram
1159 4152 1275 4214 minali
1300 4152 1430 4214 vivunt.
1454 4155 1501 4214 De
1532 4151 1651 4229 quibus
1679 4153 1715 4215 in
1740 4155 1926 4234 Evangelio
1953 4179 1961 4218 :

306 4249 430 4312 habent
450 4249 564 4310 oculos
585 4249 643 4310 sed
669 4263 735 4309 non
759 4247 884 4320 vident,
910 4249 946 4310 ut
970 4248 1022 4310 illi
1047 4251 1104 4328 qui
1158 4252 1268 4314 Statio
1304 4250 1461 4312 mortuos
1500 4255 1646 4325 sepetire
1683 4254 1841 4315 mortuos
1879 4270 1962 4320 9999

305 4348 407 4424 vulgo
428 4348 563 4410 abocellt
581 4346 755 4417 vocantur,
769 4345 802 4407 et
816 4345 875 4406 alli
894 4345 951 4423 qui
967 4345 1103 4425 albugi-
1159 4347 1252 4428 (Luc.
1266 4363 1314 4421 rx,
1329 4347 1394 4427 60).
1410 4350 1457 4409 Ac
1472 4345 1501 4408 si
1515 4347 1642 4412 diceret
1658 4369 1665 4409 :
1683 4349 1791 4412 Sinite
1810 4353 1961 4416 mortuos

306 4444 448 4508 namuel
463 4443 640 4520 caliginem
656 4443 692 4505 in
707 4442 813 4505 oculis
827 4443 1008 4521 patiuntur.
1023 4445 1105 4518 Qui·
1159 4446 1193 4508 in
1209 4446 1321 4508 anima
1335 4444 1477 4524 sepelire
1491 4447 1638 4509 mortuos
1653 4445 1688 4508 19
1702 4463 1852 4526 corpore.
1866 4453 1962 4513 Mor·

304 4544 367 4606 bus
397 4541 523 4604 similes
552 4541 628 4604 sunt
653 4541 709 4620 qui
737 4539 861 4604 habent
884 4541 1101 4614 intellectum,
1158 4545 1210 4606 iat
1223 4543 1424 4620 resurgunt,
1448 4543 1579 4622 quando
1601 4545 1794 4621 peccatores
1811 4563 1874 4625 per
1888 4565 1961 4626 pns-

305 4641 363 4704 sed
384 4640 502 4704 nolunt
521 4640 615 4701 illum
639 4654 806 4718 apponere
827 4639 867 4701 ad
887 4641 1100 4717 credendum,
1157 4640 1330 4703 nitentium
1341 4641 1382 4702 ad
1390 4641 1492 4703 vitam
1501 4641 1957 4722 redeuntUndeApostolus:

303 4741 356 4804 vel
370 4739 455 4803 bene
467 4738 643 4816 agendum.
656 4739 750 4800 Unde
764 4737 800 4799 in
813 4738 946 4800 Psalmo
961 4759 968 4800 ε
984 4741 1104 4804 Noluit
1157 4743 1269 4818 Surge
1291 4743 1351 4815 qot
1375 4743 1506 4802 dormis
1529 4741 1564 4802 ct
1591 4755 1785 4819 caedraco
1806 4746 1960 4808 mortuis

302 4840 493 4916 tittelltperc
504 4838 544 4900 91
560 4841 642 4900 bcac
656 4837 777 4913 operat
792 4834 861 4917 (Ps.
875 4851 982 4909 xxxv,
996 4835 1041 4916 4).
1158 4837 1292 4920 (Epiros.
1314 4851 1348 4912 v,
1375 4836 1438 4917 lt).
1461 4842 1643 4914 pauperes
1659 4843 1957 4918 cooaocltzoator.

342 4937 448 5014 Igitur
469 4935 598 5014 quoties
616 4934 700 4997 tales
714 4933 756 4996 ad
771 4935 945 4996 veritatem
961 4949 1103 5010 cognos-
1157 4937 1376 5009 Quaerendum
1390 4936 1442 4997 est
1455 4951 1557 5014 quare
1572 4935 1661 4999 dicat
1675 4953 1838 5017 pauperes
1852 4956 1960 5004 evan-

303 5036 441 5098 cendam
474 5031 625 5094 Christus
658 5031 840 5104 illuminat,
870 5031 969 5095 toties
1003 5031 1101 5094 caecis
1156 5032 1350 5111 gelizantur,
1372 5049 1438 5097 non
1462 5033 1591 5097 divites.
1616 5034 1680 5098 Sed
1702 5035 1958 5114 intelligendum

301 5133 411 5196 visum
437 5131 539 5194 donat
558 5129 611 5193 vel
632 5129 777 5207 reparat.
798 5129 838 5192 nt
856 5128 919 5192 boc
941 5130 992 5192 est
1015 5129 1101 5208 quod
1157 5133 1207 5195 est
1227 5132 1269 5194 de
1289 5129 1490 5210 pauperibus
1517 5131 1655 5210 spiritu,
1684 5133 1787 5208 idest,
1813 5135 1958 5200 bumili-

302 5231 503 5294 dicitzccnct
515 5225 928 5290 919991Ν9999999191119
939 5227 1101 5290 miracula
1155 5229 1228 5292 bus.
1261 5233 1343 5293 Item
1378 5230 1434 5292 bic
1464 5229 1664 5308 adimpletur
1689 5231 1748 5294 illa
1780 5233 1956 5312 prophetia

302 5345 376 5407 quae
393 5327 544 5389 Christus
559 5324 760 5404 operabatur
775 5323 812 5386 in
832 5325 1026 5401 corporibus
1042 5326 1100 5389 in·
1156 5327 1858 5406 Isaiaeexpersonanom1u12spa=ttae
1886 5337 1958 5397 Do-

302 5427 483 5493 firmorum,
504 5439 594 5487 nunc
612 5423 770 5502 operatur
787 5422 823 5484 in
844 5423 1019 5484 animabus
1034 5423 1099 5488 ho·
1154 5430 1242 5489 mitti
1264 5441 1372 5502 snper
1396 5441 1468 5499 mc,
1495 5427 1631 5505 propter
1658 5427 1745 5504 quod
1767 5430 1865 5492 unxit
1890 5447 1954 5495 me.

301 5524 439 5586 minum.
462 5522 578 5584 Claudi
600 5522 678 5584 sunt
701 5520 758 5599 qui
783 5537 918 5598 gressus
937 5522 1046 5585 rectos
1065 5523 1100 5586 in
1155 5527 1406 5602 neartpettaare
1432 5529 1645 5600 pauperibus
1676 5527 1773 5588 99911
1802 5541 1859 5588 mc
1889 5529 1953 5609 (is.

234 5623 237 5630 '
301 5622 397 5685 bonis
423 5619 578 5699 operibus
607 5635 673 5682 non
706 5618 838 5682 habent.
869 5618 994 5694 Quibus
1019 5621 1101 5685 dicit
1156 5623 1436 5699 ux113Luc.1v,
1461 5621 1527 5701 18).
