4076 6420
323 277 384 340 675
791 271 967 336 HONORII
988 273 1036 334 111
1056 273 1205 334 OPERA.
1223 301 1260 316 -
1277 273 1510 336 SERMONES.
1925 277 1988 340 656
2024 298 2025 340 p

324 441 360 502 ln
375 438 459 501 libro
480 434 606 500 mortis.
624 434 722 498 Liber
734 433 811 498 vltae
826 433 876 496 est
887 431 1048 496 memoria
1060 431 1119 495 Del
1175 429 1259 494 libro
1275 431 1355 494 diclt
1374 434 1521 496 ioannes
1542 431 1578 494 in
1592 433 1814 512 Apocalypsis
1842 437 1927 497 Vidi
1951 439 1985 496 tn

325 536 447 608 Patris,
463 537 541 614 quia
556 535 602 596 ibi
615 533 738 610 scripta
761 533 838 594 sunt
852 531 963 594 omnia
980 545 1040 607 per
1058 545 1119 592 co·
1174 529 1321 590 desiero
1341 531 1491 591 sedentis
1509 532 1547 591 tre
1569 529 1692 592 throno
1713 535 1846 593 tibrum
1869 535 1987 607 serip-

325 633 518 710 gnitionem.
536 631 605 693 Scit
619 631 707 692 enim
722 631 809 691 Deus
831 627 989 688 uniuersa
1003 627 1037 688 et
1053 641 1120 686 non
1176 625 1249 686 tum
1268 627 1363 688 intus
1384 628 1417 688 ei
1438 629 1526 701 forts
1541 624 1657 706 (Apoc.
1673 645 1705 700 v,
1723 626 1767 708 l).
1799 629 1875 690 Iste
1901 628 1986 689 liber

326 730 434 812 potest
454 728 623 802 oblivisci;
648 726 727 806 quia
750 725 863 788 omnia
886 725 977 786 nuda
998 723 1121 785 suntet
1175 737 1271 801 quem
1302 723 1385 786 vidit
1420 725 1587 798 ioannes,
1624 725 1791 802 significat
1829 726 1984 788 divinam

326 829 441 906 aperta
451 827 486 887 in
499 825 677 903 conspectu
686 827 770 902 ejus.
784 825 821 884 ln
831 821 894 884 boc
905 819 1120 898 libroscripta
1177 819 1391 898 scripturam.
1412 821 1475 894 Qui
1488 821 1623 885 sedebat
1637 824 1672 884 in
1686 823 1811 886 throno
1826 825 1885 885 est
1899 827 1984 886 Deus

326 927 404 986 sunt
416 923 549 985 nomina
562 921 709 984 omnium
722 919 884 982 bonorum
898 917 1069 982 bominum
1079 915 1121 980 ab
1176 919 1275 980 Pater
1295 920 1351 996 qui
1366 921 1485 996 regnat
1498 920 1534 982 in
1549 921 1646 994 coelo,
1658 919 1698 982 de
1712 937 1778 999 quo
1790 922 1930 984 dicitur
1951 925 1982 984 in

327 1023 452 1084 aeterno
475 1019 655 1082 secundum
676 1017 1014 1096 praedestinationem,
1036 1015 1122 1078 sicut
1175 1016 1391 1096 Apocalypsi:
1408 1021 1502 1085 thod
1517 1023 1609 1080 solus
1633 1020 1748 1094 poteri
1773 1023 1931 1094 operire
1944 1025 1983 1082 ti-

326 1119 467 1196 legimus
477 1117 517 1180 de
529 1115 737 1179 Nathanaele
748 1115 782 1177 in
791 1113 1122 1192 Euangelio,quando
1175 1115 1277 1176 braim
1305 1114 1339 1177 et
1368 1119 1502 1178 solvere
1526 1117 1660 1192 septem
1688 1119 1879 1194 εῖρηασιιῖα
1913 1122 1983 1190 ejus

326 1218 411 1281 dixit
425 1217 457 1278 ei
470 1218 489 1279 J
491 1231 568 1277 esus
584 1236 592 1274 ε
606 1218 693 1277 Ecce
709 1227 816 1276 verus
830 1213 1121 1288 immittamque
1176 1207 1291 1290 (Apoc.
1305 1227 1339 1284 v,
1352 1209 1399 1294 5).

325 1319 420 1378 dotus
439 1328 508 1375 non
521 1314 584 1374 esi.
603 1309 713 1392 (ioan.
728 1326 751 1383 1,
767 1307 832 1389 47).
851 1308 1034 1388 Respondit
1047 1309 1120 1372 Na·
1216 1308 1315 1370 Liber
1337 1309 1401 1371 iste
1424 1309 1474 1372 θεῖ
1488 1308 1601 1372 divina
1618 1309 1792 1388 dispositio
1807 1311 1931 1374 celata
1952 1313 1980 1374 in

325 1411 482 1476 thanael:
503 1413 594 1472 Unde
608 1423 662 1470 me
678 1411 768 1472 nosti
781 1412 795 1470 t
810 1406 993 1485 Respondit
1012 1405 1044 1470 ei
1064 1407 1123 1470 Je-
1177 1405 1279 1469 Sacra
1293 1407 1538 1484 Scriptura,vel
1554 1409 1657 1470 Sacra
1674 1409 1851 1487 Scriptura
1864 1411 1984 1470 velans

327 1527 384 1582 sus
399 1533 407 1571 ι
423 1510 616 1582 Antequam
635 1509 814 1581 Philippus
827 1505 967 1568 vocaret
985 1505 1032 1577 te,
1051 1505 1122 1566 viat
1176 1504 1267 1566 illam
1290 1504 1438 1566 divinam
1462 1504 1723 1582 dispositionem.
1740 1508 1841 1568 Hunc
1856 1506 1981 1569 librum

326 1612 360 1673 te
370 1610 431 1670 sub
443 1607 510 1680 (iere
521 1591 645 1683 (ibid).
661 1603 824 1675 Quantum
839 1601 880 1663 ad
895 1601 1040 1664 litteram
1050 1601 1122 1680 lpse
1177 1601 1327 1664 Christus
1345 1601 1487 1680 aperuit,
1512 1603 1545 1664 θῖ
1564 1605 1637 1681 ejus
1650 1604 1775 1680 septem
1798 1603 1981 1680 signacula

327 1705 436 1766 fuerat
448 1701 507 1762 sub
520 1700 585 1762 ficu
596 1701 773 1777 antequam
786 1699 959 1776 Philippus
971 1714 1012 1759 ro
1021 1697 1123 1760 resset
1176 1699 1285 1773 solvit,
1302 1700 1512 1775 cumseptem
1527 1699 1687 1762 articulos
1701 1699 1830 1762 fideiin
1847 1717 1889 1764 se
1912 1719 1983 1766 esse

327 1817 414 1863 eum.
431 1799 595 1872 Quantum
614 1797 656 1858 ad
680 1795 886 1874 spiritualem
905 1795 1119 1867 intellectum,
1176 1797 1356 1875 completos
1370 1797 1524 1870 ostendii,
1542 1799 1578 1860 ut
1599 1798 1819 1872 nativitatem,
1839 1799 1983 1862 descen-

327 1901 398 1961 oidi
413 1897 446 1959 te
459 1899 520 1958 sub
532 1897 610 1968 ficri,
625 1894 720 1967 idest,
733 1893 801 1956 ridi
814 1895 846 1956 te
856 1893 891 1954 in
904 1891 1015 1953 lumbo
1029 1892 1120 1962 hdae,
1177 1911 1249 1955 sum
1265 1894 1305 1956 ad
1326 1894 1463 1967 inferos,
1487 1896 1778 1969 resurrectionem,
1799 1899 1982 1959 ascensio-

326 1996 503 2073 antequam
518 1991 727 2072 prohiberem
743 1991 874 2064 eum‚ut
887 2005 955 2052 non
969 1988 1123 2052 comede·
1177 2008 1264 2066 nem,
1281 1993 1423 2071 Spiritus
1442 1993 1555 2054 Sancti
1570 1993 1776 2066 missionem,
1793 1993 1831 2056 et
1850 1995 1982 2056 adren-

326 2093 379 2159 ret
392 2092 433 2154 de
454 2107 550 2169 pomo
571 2089 683 2152 vetito.
701 2088 794 2154 Unde
809 2087 985 2167 Apostolus
1002 2109 1009 2147 :
1033 2089 1122 2154 euos
1175 2091 1245 2152 tum
1256 2089 1297 2152 ad
1305 2089 1481 2168 judicium.
1496 2093 1569 2169 lpse
1582 2089 1683 2152 babet
1691 2091 1815 2152 librum
1826 2091 1865 2153 in
1881 2109 1981 2154 manu

325 2191 503 2272 praescivit
518 2193 578 2251 bos
595 2187 629 2250 et
644 2188 910 2263 praedestinavit
928 2187 1121 2261 consorores
1176 2203 1247 2262 sua,
1264 2187 1360 2260 idest,
1374 2187 1521 2250 divinam
1535 2188 1739 2265 scripturam
1749 2189 1786 2250 in
1798 2189 1979 2266 potestate.

327 2291 406 2366 sieri
421 2289 583 2364 imapinis
601 2287 681 2348 Filii
694 2287 761 2346 sui.
783 2281 892 2364 (Rom.
911 2281 1122 2364 v111,29).Et
1176 2284 1313 2358 Quando
1329 2283 1401 2346 vult
1423 2283 1557 2361 aperire
1569 2286 1687 2362 aperit,
1703 2285 1736 2347 et
1750 2285 1891 2364 quando
1915 2288 1981 2348 suli

327 2388 406 2450 item
421 2407 428 2447 :
446 2385 557 2462 Elepit
576 2397 641 2446 uos
659 2385 696 2444 irc
711 2385 796 2456 ipso.
814 2379 910 2462 (pr.
924 2395 947 2453 1,
964 2377 1010 2461 4),
1024 2381 1118 2452 idest,
1176 2381 1331 2444 claudere
1345 2381 1481 2455 claudit,
1497 2383 1530 2444 et
1545 2382 1599 2444 cui
1611 2382 1682 2444 vult
1695 2381 1789 2444 illam
1811 2383 1915 2457 dare,
1931 2385 1981 2446 dat

327 2486 363 2546 ln
384 2483 514 2546 Christo
536 2482 613 2544 anie
638 2479 753 2542 mundi
778 2477 1059 2542 constitutionem.
1083 2478 1123 2540 nt
1176 2481 1209 2542 et
1229 2493 1297 2540 non
1320 2479 1535 2557 improperat.
1555 2480 1618 2542 Hic
1640 2479 1725 2541 liber
1748 2480 1904 2558 scriptus
1933 2485 1979 2544 est

327 2583 486 2646 Dominus
502 2579 538 2641 in
557 2576 760 2654 Evangelio:
777 2577 940 2650 deridete,
959 2579 1122 2652 quoniam
1176 2575 1258 2638 ioris
1282 2591 1343 2654 per
1365 2575 1551 2650 historiam,
1570 2577 1660 2639 intus
1683 2577 1977 2655 perallegoriam

202 2697 205 2700 ·
327 2677 598 2742 rzornirrooestre
614 2674 745 2751 scripte
763 2675 845 2737 suat
858 2677 895 2736 in
915 2679 1008 2737 coelo.
1026 2671 1119 2754 (Luc.
1176 2673 1236 2736 Vel
1261 2671 1344 2736 foris
1362 2673 1413 2735 est
1434 2673 1588 2750 scriptus,
1612 2673 1744 2752 quando
1767 2673 1980 2739 demonstrat

326 2795 360 2852 x,
376 2775 441 2858 20).
456 2779 494 2837 ln
508 2771 668 2837 hoclibro
684 2773 817 2851 scripsit
835 2773 996 2834 Dominus
1010 2772 1121 2834 omnia
1177 2771 1271 2833 nobis
1304 2772 1460 2833 mandata
1490 2771 1568 2847 Del;
1604 2771 1694 2834 intus
1728 2773 1780 2834 est
1815 2775 1977 2851 scriptus,

326 2875 413 2938 bona
437 2889 538 2952 opera
553 2871 700 2934 omnium
722 2870 913 2944 electorum,
934 2871 971 2933 ut
994 2869 1122 2932 nullum
1176 2869 1308 2948 quando
1321 2869 1524 2931 demonstrat
1539 2869 1666 2932 secreta
1679 2869 1766 2932 coeli.
1787 2871 1980 2933 Velhicest

326 2971 449 3034 bonum
469 2969 612 3032 dimittat
625 2969 914 3029 irremuneratum.
934 2969 980 3029 De
1001 2967 1065 3028 hoc
1080 2967 1123 3028 li·
1176 2967 1261 3029 liber
1284 2966 1435 3044 signatus
1459 2967 1585 3044 septem
1606 2967 1737 3045 sigillis,
1758 2967 1860 3042 idest,
1884 2970 1979 3031 donis

326 3070 386 3132 bro
410 3068 539 3130 deletur
560 3066 658 3126 bomo
673 3065 807 3142 propter
820 3064 992 3126 criminale
1004 3079 1123 3142 pecca·
1177 3066 1293 3144 gratiae
1306 3063 1526 3144 septiformis3
1547 3065 1594 3128 ita
1608 3067 1645 3128 ut
1662 3065 1828 3144 possimus
1843 3067 1977 3130 dicere:

327 3170 409 3230 tum.
436 3163 531 3227 Unde
555 3161 658 3224 David
674 3183 681 3222 :
697 3161 886 3224 Delectatur
909 3165 950 3223 de
970 3165 1055 3224 libro
1076 3166 1124 3224 oi·
1177 3165 1371 3239 requiescet
1387 3179 1493 3240 super
1515 3166 1766 3240 cumspicere
1793 3168 1982 3238 sapientie

326 3265 498 3334 cerritum,
523 3261 557 3324 et
585 3275 663 3322 crim
683 3259 791 3333 jrrstis
816 3273 885 3322 nore
911 3259 1120 3322 scribantur.
1177 3263 1211 3324 et
1228 3263 1428 3336 intellectus,
1449 3263 1602 3336 Spiritus
1621 3265 1755 3326 constit
1772 3264 1807 3326 et
1832 3267 1981 3339 sortilu-
2028 3299 2029 3330 l

328 3361 398 3442 (Ρε.
414 3361 464 3434 68,
478 3358 541 3438 29).
556 3358 618 3420 Hic
633 3359 683 3420 est
695 3356 877 3430 liberritae,
892 3357 988 3432 idest,
1003 3373 1124 3420 memo·
1177 3364 1279 3433 direti,
1300 3361 1453 3437 Spiritus
1473 3361 1628 3423 scientiae
1646 3362 1680 3422 et
1689 3362 1845 3436 pietatis,
1866 3363 1904 3424 et
1928 3379 1981 3424 re
2028 3377 2029 3396 ¹

327 3461 379 3523 ria
403 3458 462 3521 Dei
484 3456 605 3529 Patris,
629 3458 723 3533 cujus
736 3455 889 3533 quaterni
906 3457 983 3518 sunt
1006 3455 1122 3533 gratiae
1174 3459 1281 3534 pierii
1295 3471 1374 3520 eum
1386 3459 1539 3532 Spiritus
1549 3458 1686 3522 timoris
1698 3461 1840 3521 Domini
1854 3457 1919 3540 (ls.
1930 3477 1981 3530 11,

327 3557 530 3629 differentes,
544 3557 639 3633 cujus
654 3553 734 3616 folia
749 3553 807 3616 aut
819 3553 944 3617 chartae
964 3555 1041 3616 sunt
1052 3554 1124 3616 vir-
1176 3553 1254 3638 DS).
1272 3557 1403 3634 Septem
1416 3555 1501 3617 dona
1512 3556 1672 3618 virtutum
1687 3555 1814 3618 confert
1829 3557 1981 3634 Spiritus

325 3657 412 3720 tutes
441 3651 731 3722 immemorabiles‚
748 3653 844 3730 cujus
867 3651 986 3714 litterae
1010 3667 1122 3714 aureae
1178 3653 1319 3716 Sanctus
1332 3653 1465 3732 replens
1477 3653 1623 3716 animam
1638 3669 1736 3734 quam
1752 3654 1872 3732 diligit.
1902 3657 1982 3718 Pri-

326 3756 404 3816 suni
426 3751 542 3830 gloriae
567 3751 600 3813 et
634 3750 827 3828 splendores
858 3749 1121 3827 supercoelestes.
1177 3767 1267 3814 mum
1285 3749 1431 3814 infundit
1449 3752 1480 3813 ei
1503 3751 1670 3825 timorem,
1688 3751 1745 3832 qui
1766 3752 1816 3815 θεῖ
1839 3751 1981 3818 initium

326 3853 388 3916 llic
403 3852 454 3913 est
474 3849 560 3912 liber
574 3850 668 3925 cujus
683 3847 801 3910 litterae
817 3863 883 3909 non
908 3847 1069 3920 delentur,
1087 3847 1123 3910 in
1177 3865 1265 3912 rerae
1281 3848 1466 3928 sapientiae.
1486 3849 1612 3911 ‘limen'
1625 3847 1788 3911 subinfert
1801 3849 1979 3928 pietatem,

327 3967 391 4030 quo
421 3965 534 4010 ornnes
560 3945 655 4008 bonae
680 3945 800 4008 animae
829 3943 1062 4006 describuntur
1087 3945 1124 4008 ut
1178 3949 1214 4010 ut
1239 3947 1408 4009 miseriam
1442 3935 1577 4010 timoris'
1607 3947 1756 4010 suauitas
1782 3949 1983 4010 consoletur

327 4065 401 4111 cum
417 4046 547 4109 Christo
562 4043 727 4122 accipiant
745 4043 872 4121 partem
886 4042 1013 4118 gloriae,
1035 4042 1068 4104 et
1087 4041 1123 4105 in
1178 4045 1320 4123 pietatis.
1337 4045 1457 4108 Pietati
1468 4044 1629 4108 subinfert
1641 4045 1825 4118 scientiam,
1841 4045 1878 4108 ut
1889 4048 1983 4110 sciat

326 4149 400 4223 lpso
415 4142 581 4221 accipiant
596 4139 739 4204 fructum
751 4139 841 4202 vitre.
1178 4144 1226 4205 uti
1238 4143 1357 4206 timore
1372 4143 1404 4205 et
1418 4143 1552 4222 pietate.
1573 4143 1636 4206 Sed
1655 4159 1697 4206 ne
1716 4159 1736 4204 a
1755 4144 1875 4205 timore
1889 4145 1979 4206 tris-

369 4241 467 4303 Libor
483 4237 656 4316 supientiae
676 4237 727 4300 est
747 4235 861 4298 divina
885 4237 1066 4314 Scriptura,
1087 4237 1123 4301 in
1177 4241 1250 4304 titia
1276 4241 1497 4303 abundantior
1525 4239 1712 4315 absorbeat,
1738 4257 1781 4303 ne
1804 4257 1824 4302 a
1850 4241 1981 4318 pietate

329 4356 394 4419 qua
414 4338 464 4401 est
485 4336 592 4398 omnis
611 4335 790 4397 thesaurus
812 4335 913 4396 totius
937 4335 1121 4413 sapientias.
1178 4339 1390 4418 praesumptio
1411 4355 1497 4402 vana
1521 4337 1708 4417 praecipitet
1729 4338 1879 4401 scientim
1916 4356 1981 4402 su-

327 4439 520 4500 'lbesaurus
539 4433 712 4512 sapientiae
734 4433 785 4496 est
806 4431 981 4511 multiplex
993 4434 1122 4497 intelli·
1176 4436 1300 4499 binfert
1317 4437 1555 4511 fortitudinem,
1577 4438 1706 4500 scilicet
1729 4437 1844 4499 contra
1863 4438 1983 4500 tenta-

201 4549 222 4624 :ji
329 4535 441 4614 gentia
462 4533 584 4596 divinae
601 4531 792 4610 Scripturas.
817 4533 913 4594 Hunc
927 4531 1122 4595 thesaurum
1177 4536 1296 4604 tiones,
1320 4536 1353 4596 et
1376 4536 1413 4597 ut
1433 4535 1585 4614 proficiat
1601 4535 1637 4598 in
1653 4533 1740 4597 bono
1759 4551 1827 4597 non
1840 4535 1979 4599 mutum

329 4633 488 4697 Dominus
509 4630 627 4710 aperit,
648 4629 780 4708 quando
800 4645 860 4708 per
884 4645 943 4692 ora
958 4631 1123 4708 praedica·
1178 4633 1336 4707 suaviter,
1353 4633 1410 4694 sed
1426 4633 1525 4695 etiam
1541 4632 1683 4695 fortiter.
1698 4632 1901 4696 Fortitudini
1918 4651 1981 4696 su-

329 4734 437 4795 torum
453 4745 566 4792 sacras
591 4728 772 4806 scripturas
796 4727 866 4789 suis
884 4727 1036 4792 fidelibus
1057 4746 1122 4792 ex·
1177 4731 1300 4794 binfert
1314 4731 1500 4806 consilium,
1518 4734 1555 4795 ut
1568 4746 1630 4794 nec
1646 4731 1807 4804 scientiae,
1826 4747 1889 4793 nec
1906 4733 1984 4794 for-

328 4831 431 4909 ponit.
448 4831 494 4892 De
507 4828 570 4890 isto
584 4826 743 4889 thesauro
756 4824 1021 4889 dicitSalomon:
1039 4832 1124 4891 The·
1177 4827 1312 4892 titudini
1338 4828 1477 4889 nimium
1499 4829 1664 4901 credatur,
1683 4827 1742 4889 sed
1763 4828 1875 4890 omnia
1899 4845 1980 4891 cum

327 4943 456 4990 saterris
494 4927 730 4988 desiderabitis
766 4927 951 4999 requiescit
990 4929 1027 4987 in
1062 4939 1124 4988 ore
1178 4925 1318 4988 consilio
1339 4927 1492 5002 agantur.
1516 4925 1663 4988 Consilio
1687 4923 1851 4988 subinfert
1869 4927 1981 4990 intel-

326 5027 506 5103 sapientis.
542 5023 583 5085 Et
620 5021 768 5084 ibidem:
799 5025 899 5097 Apro
929 5025 1122 5098 profundo,
1178 5024 1309 5098 lectum,
1329 5025 1365 5086 ut
1375 5027 1446 5101 jam
1465 5023 1500 5084 in
1515 5023 1668 5086 interiori
1680 5022 1789 5086 cordis
1804 5023 1896 5101 legat
1910 5042 1980 5088 non

327 5129 433 5188 cerba
454 5139 500 5186 ece
526 5135 586 5184 ore
610 5123 693 5193 viri,
716 5121 750 5181 et
764 5121 904 5182 torrens
925 5123 1124 5186 redundaris
1178 5122 1285 5183 solum
1305 5122 1390 5200 quod
1412 5115 1587 5184 consulant
1608 5120 1772 5195 homines,
1791 5121 1849 5183 sed
1872 5123 1980 5185 etiam

327 5227 404 5299 soris
416 5219 597 5298 sapientae
609 5217 723 5298 (Prov.
736 5233 831 5290 nuru,
846 5215 891 5296 4).
908 5219 945 5279 ln
961 5217 1023 5280 hoc
1037 5218 1123 5281 libro
1178 5235 1251 5298 quae
1267 5220 1310 5282 sit
1323 5219 1480 5282 voluntas
1498 5220 1556 5281 Dei
1576 5219 1675 5293 bona,
1692 5220 1724 5281 et
1738 5217 1978 5296 beneplacens,

328 5321 452 5398 scripta
470 5318 546 5379 sunt
565 5315 721 5377 mandata
734 5331 807 5394 quae
823 5313 979 5376 debemus
999 5315 1121 5390 facere,
1178 5319 1211 5380 et
1223 5316 1575 5395 perfecta.lntellectui
1585 5316 1748 5379 subinfert
1760 5317 1978 5395 sapientiam,

328 5421 361 5482 et
384 5419 471 5479 mala
494 5431 568 5494 quae
592 5414 748 5476 debemus
765 5413 882 5485 literne,
904 5413 1027 5475 inferni
1051 5416 1123 5478 tor·
1178 5417 1214 5478 ut
1229 5414 1314 5496 quod
1327 5414 1487 5476 hactenus
1504 5413 1721 5491 intelligebat,
1737 5417 1808 5492 jam
1822 5417 1855 5478 ei
1874 5417 1979 5479 iran-

329 5518 439 5578 menta
453 5531 525 5593 quae
544 5511 700 5574 debemus
714 5512 842 5584 timere,
860 5511 892 5574 et
909 5510 1052 5574 coelestis
1068 5529 1124 5575 re·
1179 5512 1251 5575 seat
1267 5512 1482 5585 ineffectum,
1498 5513 1534 5574 ut
1547 5528 1607 5591 per
1621 5512 1831 5589 semetipsam
1847 5529 1891 5576 ex
1902 5531 1979 5592 gra·

273 5599 276 5606 ’
329 5615 385 5690 gni
400 5613 536 5690 praemia
552 5627 623 5688 quae
642 5610 799 5672 debemus
820 5625 966 5688 sperare.
991 5612 1038 5672 De
1061 5611 1123 5674 boc
1177 5611 1224 5674 tia
1239 5611 1298 5672 Dei
1319 5610 1437 5688 sapiat,
1460 5611 1671 5690 lepidumque
1693 5611 1724 5674 ei
1743 5610 1801 5674 liat
1823 5611 1857 5674 et
1876 5611 1978 5675 dulce
