4084 6428
298 241 355 302 871
761 235 937 296 HONORII
959 233 1004 295 111
1026 233 1230 295 OPERA.'-
1246 232 1479 296 snRMOan.
1892 235 1967 296 872

300 404 429 464 maado
449 399 558 480 (Joau.
583 412 680 472 xrnr,
693 393 747 476 36)
762 417 771 470 ;
794 391 957 472 psallebat
981 393 1016 454 in
1040 393 1094 454 ci·
1147 394 1335 471 acceptata
1348 397 1597 456 autemeam
1611 395 1750 457 amatae
1766 397 1963 469 Emmaus,

297 501 407 574 thara,
431 515 531 577 quum
554 495 683 558 dicebat
708 516 715 554 ε
738 494 859 564 Pater,
883 495 915 553 st
935 493 1095 566 poscebas
1149 487 1245 569 (Luc.
1258 507 1351 560 xxiv,
1367 489 1432 570 13).

298 595 714 669 estimaseatumccatia
722 586 1093 670 istetldatth.xxv1,39).
1189 590 1226 648 ln
1241 589 1420 665 propositis
1432 588 1543 650 verbis
1556 589 1669 650 Sancti
1682 588 1858 664 Evangelii
1875 607 1966 668 qua·

337 697 408 756 Hoc
422 695 531 756 eutem
555 691 760 769 psalterium,
775 687 905 758 iratres,
920 684 1095 747 decachor-
1148 685 1226 745 tuor
1245 687 1323 746 sunt
1342 683 1531 747 adnotanda
1557 708 1564 746 :
1588 700 1758 760 numerus,
1779 684 1963 760 videlicet,

298 793 375 856 dum
402 791 478 865 tuit,
506 790 605 860 idest,
633 788 746 849 decem
774 785 908 846 chordis
933 784 1092 861 aptatum.
1148 781 1396 859 discipulorum,
1426 798 1583 844 numerus
1616 782 1812 857 stadiorum,
1844 784 1967 846 collo-

296 893 416 952 Decem
431 890 540 950 autem
556 885 688 948 chordae
706 884 784 945 suut
797 882 855 944 illa
869 882 981 942 decem
995 895 1094 940 man·
1148 880 1236 941 cutio
1249 879 1360 954 invia,
1380 882 1412 943 et
1424 881 1631 957 hospitalitas
1645 897 1771 942 eorum.

297 986 386 1056 data,
408 1003 482 1063 quae
508 986 542 1046 in
566 982 688 1044 tabulis
712 980 851 1058 lapideis
874 979 998 1056 scripta
1017 978 1095 1038 sunt
1187 979 1354 1040 Numerus
1379 978 1618 1054 discipulorum
1644 977 1764 1054 quibus
1792 980 1966 1056 apparuit

296 1084 400 1160 digito
408 1083 478 1144 Dei.
486 1083 525 1143 ut
533 1081 722 1142 hacdecem
728 1076 951 1140 chordaeadeo
960 1074 1094 1136 luerunt
1149 1079 1312 1150 Salvator,
1324 1076 1475 1137 binarius
1490 1077 1552 1148 est,
1566 1075 1644 1153 quia
1659 1078 1725 1138 dae
1739 1091 1787 1138 ea
1798 1080 1966 1150 discepa-

296 1185 443 1244 extensae
458 1181 494 1240 in
504 1178 672 1257 psalterio,
684 1177 780 1248 idest,
794 1176 830 1236 in
844 1189 945 1236 carne
956 1173 1102 1244 Christi,
1147 1181 1189 1240 its
1202 1179 1285 1238 Jesa
1299 1175 1394 1236 thaat
1410 1177 1486 1248 ipsa
1502 1176 1557 1234 dte
1560 1215 1620 1234 .....
1639 1175 1807 1234 Numerus
1822 1174 1965 1236 stadio-

296 1279 438 1341 utnulla
453 1277 692 1352 earumaliqua
711 1290 756 1336 ex
775 1273 870 1350 parte
884 1270 1092 1342 lentesceret,
1147 1290 1221 1335 rum
1237 1271 1489 1348 sexagenarius,
1509 1270 1597 1330 unde
1615 1271 1651 1330 in
1670 1271 1734 1332 hoc
1753 1273 1960 1348 Evangelio,

296 1377 373 1455 quia
389 1379 422 1439 et
438 1377 474 1437 in
489 1391 525 1436 se
542 1375 613 1451 ipse
627 1373 734 1448 legem
752 1370 933 1432 observans
960 1367 1091 1444 inquit:
1148 1370 1234 1448 quod
1253 1370 1332 1432 erat
1355 1372 1392 1430 ta
1410 1369 1523 1442 spatie
1546 1368 1741 1430 stadiorum
1763 1371 1964 1446 scammata

302 1475 379 1536 Iota
391 1474 669 1534 atiamentarius
681 1465 1051 1544 apcaaoaprateaua
1072 1480 1095 1526 α
1148 1471 1189 1530 uh
1202 1471 1408 1529 Jerusalem.
1429 1464 1613 1527 collocutio
1624 1465 1761 1542 devota3
1778 1465 1869 1527 unde
1886 1466 1963 1527 ibi-

298 1577 382 1647 lepc,
405 1573 511 1631 doaec
533 1571 650 1629 umecta
673 1567 758 1638 flaret
774 1563 905 1643 (Matth.
919 1579 950 1634 v,
968 1561 1033 1642 18).
1148 1565 1246 1626 dem:
1263 1564 1307 1624 Et
1329 1566 1402 1636 ipse
1423 1563 1649 1637 loquebantur
1670 1566 1715 1625 ud
1737 1566 1890 1626 tumeam
1911 1569 1959 1626 de

335 1671 414 1739 lpse
434 1669 529 1727 emm
546 1679 615 1726 aea
638 1663 733 1724 ccatt
750 1667 860 1738 teocm
878 1665 1010 1722 soluere
1034 1661 1094 1720 sed
1147 1663 1504 1734 nascentemque
1525 1661 1726 1722 acciderant
1753 1659 1857 1739 (ibid.
1893 1660 1960 1740 14)

295 1767 495 1837 adimplere.
526 1760 619 1823 Unde
654 1761 688 1821 et
720 1759 756 1821 in
790 1757 946 1835 passione
974 1755 1055 1817 dicit
1083 1776 1092 1815 ε
1151 1757 1324 1828 videlicet,
1356 1757 1398 1817 de
1427 1757 1533 1818 morte
1561 1756 1696 1818 Christi.
1726 1757 1960 1834 Hospitalitas

296 1859 580 1924 consummatam
594 1857 647 1919 eet
662 1857 771 1936 (ioan.
787 1869 859 1925 xix,
878 1852 942 1930 30).
961 1853 1001 1914 Et
1015 1852 1093 1928 qsria
1148 1855 1312 1929 acaedam
1324 1853 1410 1915 unde
1424 1854 1459 1914 in
1471 1854 1655 1930 Evangelio
1672 1875 1679 1914 ε
1700 1856 1745 1916 Et
1759 1857 1958 1931 coeperam

296 1959 330 2020 in
354 1972 435 2019 voce
456 1953 670 2017 exultationis
693 1954 726 2014 et
747 1951 966 2014 confessionis
997 1947 1095 2011 debet
1147 1955 1242 2014 ittam
1261 1954 1412 2014 diceutes
1428 1969 1439 2012 :
1458 1955 1563 2012 Mam
1585 1954 1760 2014 nobiscum
1783 1955 1957 2026 pacatum

295 2070 369 2118 esse
392 2070 495 2116 sonus
516 2051 733 2129 epulantium,
749 2051 785 2112 in
800 2050 863 2112 hac
885 2047 1093 2110 solemnitate
1146 2049 1415 2124 advesperascit,
1446 2051 1479 2110 et
1503 2049 1670 2110 taettautu
1697 2050 1849 2123 estjam
1876 2053 1956 2111 dies

293 2151 461 2232 paschali,
489 2151 567 2228 quia
594 2149 754 2226 scriptum
779 2147 839 2220 est,
865 2150 902 2228 ta
926 2148 1093 2221 psaltem
1148 2146 1244 2227 (ibid.
1265 2145 1331 2226 29).
1354 2149 1391 2208 ln
1410 2145 1540 2208 duobus
1558 2146 1729 2222 discipulis
1748 2147 1814 2208 duo
1834 2147 1958 2208 chari-

295 2253 411 2312 decem
424 2252 633 2312 chordamm
647 2247 782 2322 pecata
801 2249 834 2306 ct
848 2244 917 2323 (Ps.
933 2246 984 2315 32,
998 2242 1043 2322 2),
1060 2245 1094 2304 et
1145 2246 1224 2307 tatis
1246 2245 1412 2321 praecepta
1436 2244 1678 2319 intelliguntur,
1704 2243 1824 2320 quibus
1850 2245 1954 2322 quasi

294 2362 366 2419 nos,
397 2345 527 2418 iratres,
557 2344 738 2421 psallamus
770 2342 806 2402 in
839 2342 901 2402 hoc
934 2339 1092 2417 psalterio
1147 2343 1274 2405 duobus
1296 2341 1435 2419 pedibus
1456 2342 1490 2402 in
1515 2341 1605 2403 viam
1630 2341 1862 2402 mandaturum
1889 2341 1953 2402 Dei

296 2443 408 2506 decem
439 2441 637 2504 chordarum
669 2455 729 2518 per
761 2439 858 2500 fldem
894 2436 1090 2499 divinitatis.
1146 2441 1366 2502 ambulamus.
1399 2441 1485 2500 Nam
1520 2438 1667 2500 charitas
1699 2439 1810 2500 minus
1848 2455 1952 2516 quam

294 2541 480 2604 Psallamus
495 2541 530 2601 in
541 2539 669 2602 cithara
680 2537 844 2614 perfidem
857 2535 1089 2610 humanitatis3
1146 2539 1234 2600 inter
1249 2537 1331 2598 duos
1346 2535 1463 2598 haberi
1478 2552 1546 2598 non
1563 2537 1682 2614 potest.
1703 2539 1740 2597 lu
1756 2536 1819 2598 huc
1833 2536 1953 2613 itaque

294 2639 475 2718 psallamus
497 2638 532 2698 iu
554 2636 683 2701 cithara
707 2633 886 2712 perfidem
908 2632 1089 2710 passionis;
1145 2635 1278 2700 binario
1302 2635 1462 2698 Dominus
1483 2633 1652 2710 graditur,
1678 2635 1777 2711 atque
1802 2635 1949 2710 gratiam

295 2737 476 2814 psallamus
495 2735 531 2797 in
553 2734 710 2812 psalterio
730 2748 789 2809 per
808 2731 905 2792 tidem
919 2745 1092 2792 resurrec-
1146 2749 1216 2795 suae
1230 2732 1419 2810 presence
1434 2730 1649 2793 manifestare
1668 2731 1834 2808 dignatur.
1852 2731 1950 2793 Unde

292 2835 406 2898 tionis.
421 2835 462 2896 Et
480 2833 558 2911 quia
580 2833 691 2894 omnia
715 2830 804 2890 nuda
824 2830 901 2890 sunt
921 2828 954 2890 et
976 2828 1091 2905 aperta
1145 2831 1218 2909 ipse
1239 2830 1321 2892 dicit
1343 2829 1379 2890 in
1398 2829 1604 2905 Evangelio:
1630 2832 1690 2891 aut
1710 2831 1776 2891 dac
1797 2835 1851 2891 oet
1873 2830 1947 2890 tres

293 2932 400 2994 oculis
425 2932 497 3006 eJus
523 2929 563 2989 de
589 2944 653 3005 quo
675 2927 770 2988 nobis
797 2927 847 2987 est
872 2941 992 2997 sermo,
1019 2926 1091 3000 ipse
1145 2927 1345 3005 congregati
1367 2927 1501 3001 nterim
1519 2930 1556 3011 ta
1574 2929 1713 2988 amatae
1731 2941 1819 2998 neec,
1842 2929 1891 2988 idi
1909 2929 1948 2987 tn

293 3028 382 3090 euim
402 3027 499 3088 vocet
522 3039 561 3084 ea
585 3029 659 3099 q'uae
683 3039 750 3083 non
774 3024 850 3084 sunt
870 3022 1027 3099 tanquam
1051 3037 1090 3082 ea
1124 3005 1256 3086 'atcdto
1271 3032 1392 3088 euram
1405 3040 1484 3087 sam
1499 3023 1629 3103 (Matth.
1649 3039 1747 3097 xvim
1769 3022 1836 3103 m).
1852 3027 1900 3086 Ac
1915 3025 1945 3084 si

293 3123 469 3202 quaesunt,
486 3119 722 3182 etfacitetiam
737 3134 810 3196 quae
825 3119 937 3180 lutura
951 3119 1090 3191 santae
1145 3123 1293 3184 diceret:
1311 3121 1367 3182 ubi
1389 3122 1466 3185 sunt
1487 3122 1563 3192 duo,
1587 3137 1681 3184 amor
1697 3121 1853 3182 videlicet
1872 3122 1943 3192 Dei,

183 3269 186 3277 ,
293 3221 379 3298 quod
406 3219 497 3280 novit
524 3218 624 3279 etiam
653 3216 765 3277 omnia
790 3217 968 3292 antequam
996 3213 1088 3288 dant,
1144 3225 1177 3281 et
1197 3233 1291 3280 amor
1312 3220 1468 3296 proximi,
1488 3220 1542 3284 vel
1565 3221 1646 3292 tres,
1669 3219 1827 3280 videlicet
1853 3235 1943 3296 spes,

292 3319 403 3379 certus
429 3315 469 3378 de
494 3315 754 3385 resurrectione,
778 3314 846 3375 imo
876 3313 909 3376 et
936 3313 976 3374 de
1006 3312 1090 3375 hora
1144 3316 1242 3390 tides,
1268 3317 1301 3380 et
1321 3317 1485 3390 charitas,
1506 3315 1553 3379 ibi
1577 3333 1630 3378 me
1652 3315 1841 3378 manifesto.
1864 3318 1945 3377 Cum

291 3413 546 3478 resurrectionis
565 3413 674 3491 inquit
694 3433 702 3472 ε
723 3416 926 3488 Easargom
946 3414 1090 3472 dilaculo
1144 3413 1256 3492 itaque
1270 3415 1337 3476 sint
1351 3413 1428 3488 duo,
1450 3431 1516 3476 non
1535 3412 1656 3476 debent
1674 3429 1747 3476 esse
1769 3415 1870 3491 pigri,
1885 3414 1943 3476 sed

291 3512 361 3593 (Ps.
381 3515 431 3585 56,
452 3509 495 3584 9).
516 3510 634 3572 Merito
650 3511 771 3582 autem,
787 3509 917 3581 tratres,
939 3508 1089 3571 Christus
1144 3511 1265 3574 debent
1278 3512 1329 3574 ire
1342 3513 1378 3574 in
1391 3512 1564 3574 castellum
1577 3512 1711 3574 nomine
1724 3514 1890 3573 Emmaus.

291 3612 438 3674 diluculo
459 3607 750 3685 resurrexitque
772 3609 806 3668 et
824 3622 885 3668 nos
900 3622 959 3683 per
972 3621 1089 3666 resur-
1184 3613 1355 3682 Emmaus,
1381 3609 1554 3673 castellum
1580 3610 1660 3672 olim
1682 3609 1824 3682 iudaea,
1855 3627 1944 3672 nunc

290 3710 472 3772 rectionem
494 3723 588 3768 suam
610 3706 651 3768 de
674 3703 820 3768 tenebris
841 3703 883 3765 ad
906 3704 1013 3765 lucem
1034 3718 1091 3764 re-
1143 3706 1267 3768 dicitur
1294 3708 1483 3784 Nicopolis,
1509 3707 1627 3770 civitas
1656 3707 1834 3770 Palestinae
1853 3709 1942 3769 insi-

292 3806 396 3869 duxit.
420 3807 503 3880 Quia
523 3820 603 3882 ergo
622 3803 773 3866 Christus
797 3801 946 3864 mortuus
965 3800 1015 3862 est
1028 3815 1089 3877 pro
1143 3805 1229 3880 gnis,
1251 3821 1324 3883 quae
1342 3807 1416 3882 post
1433 3807 1713 3883 expugnationem
1734 3806 1859 3868 Judaeae
1881 3805 1942 3866 sub

291 3903 421 3968 delictis
436 3905 570 3975 nostris,
585 3905 618 3965 et
634 3900 820 3964 resurrexit
838 3901 973 3978 propter
987 3898 1091 3976 iusti·
1143 3903 1256 3965 Marco
1276 3903 1413 3964 Aurelio
1429 3904 1580 3982 principe
1598 3905 1823 3966 Romanorum
1837 3903 1942 3964 resti-

292 4002 478 4065 ficationem
507 4002 670 4074 nostram,
696 3999 774 4078 quia
799 4014 872 4061 aaa
897 3997 1087 4072 praeessu,
1143 4001 1214 4063 tuta
1236 4000 1297 4072 est,
1323 4002 1355 4062 et
1376 4017 1450 4062 cum
1475 4002 1720 4063 restauratione
1745 4001 1885 4063 mumvit
1908 4003 1942 4062 et

291 4103 364 4162 dtas
375 4101 494 4162 uatem
507 4099 795 4174 appropinquavit
808 4094 917 4175 (Rom.
933 4093 1087 4174 1111‚12).
1143 4112 1274 4160 nomen.
1295 4100 1450 4160 Emmaus
1463 4099 1701 4176 interpretatur
1716 4100 1856 4176 populus
1876 4098 1940 4159 ab·

332 4199 430 4271 Ergo,
446 4195 576 4266 tratres,
593 4195 789 4271 aincieutes
812 4208 913 4271 opera
934 4191 1090 4254 tenebra·
1139 4197 1259 4275 jactus,
1283 4195 1316 4258 et
1337 4195 1504 4272 significat
1524 4197 1610 4274 quod
1626 4197 1798 4269 Dominus,
1823 4194 1940 4258 relicta

291 4291 378 4364 rdm,
401 4293 434 4354 et
456 4291 634 4352 induamur
657 4307 749 4353 arma
775 4292 870 4364 lucis,
887 4281 1089 4368 deponentes
1141 4294 1328 4356 Jerusalem
1344 4295 1378 4356 et
1391 4295 1513 4372 populo
1528 4297 1546 4357 J
1550 4295 1719 4356 udaeorum
1734 4295 1868 4372 propter
1881 4311 1940 4354 sn-

290 4391 437 4452 veterem
452 4389 620 4452 hominem
645 4405 725 4472 cum
740 4389 868 4452 actibus
883 4390 963 4461 suis,
980 4391 1013 4452 et
1029 4390 1087 4452 in·
1142 4391 1291 4470 perbiam
1303 4393 1336 4477 et
1350 4392 1558 4454 altitudinem
1569 4393 1690 4464 cordis,
1707 4391 1749 4454 ad
1762 4390 1938 4453 salvandas

291 4486 430 4549 duentes
440 4503 573 4559 novum,
586 4486 642 4563 qui
653 4486 833 4549 secundum
844 4488 946 4548 Deum
958 4488 1087 4550 creatus
1141 4489 1272 4564 gentes,
1288 4488 1445 4566 populum
1460 4489 1587 4552 scilicet
1603 4489 1856 4561 humilem,cum
1870 4487 1939 4549 dis-

291 4585 342 4647 est
356 4584 391 4645 in
407 4585 579 4661 agnitione
599 4585 761 4657 vuinus,
778 4584 814 4646 ut
826 4601 925 4664 quum
938 4585 1088 4647 Christus
1142 4585 1261 4662 cipulis
1275 4586 1486 4663 properabat,
1503 4588 1589 4649 sicut
1604 4586 1685 4649 dicit
1698 4586 1802 4648 David
1820 4608 1828 4646 :
1847 4589 1936 4653 Quc-

290 4683 494 4761 apparuerit,
511 4684 716 4755 sitandeins,
733 4684 766 4745 et
786 4699 847 4744 nos
869 4699 1088 4761 appareamus
1141 4686 1238 4744 aiam
1255 4683 1293 4744 ta
1307 4689 1474 4758 conedam
1488 4689 1652 4746 tamdem
1670 4689 1805 4746 satiram
1821 4685 1936 4758 sactes,

290 4797 364 4842 cum
379 4781 449 4858 ipso
459 4781 495 4844 in
505 4781 623 4858 gloria.
634 4779 726 4852 Quod
739 4780 834 4842 nobis
844 4781 915 4857 ipse
927 4781 1088 4857 praestare
1142 4780 1177 4841 et
1192 4785 1304 4842 ocutos
1317 4785 1547 4856 superborum
1560 4784 1756 4844 humiliabis
1768 4779 1837 4860 (Ps.
1851 4795 1935 4852 xru,
2015 4803 2016 4825 ¹

289 4877 453 4954 dignetur,
468 4879 525 4957 qui
539 4880 575 4940 iu
589 4877 697 4955 gloria
711 4879 762 4940 est
782 4878 841 4940 Dei
862 4878 971 4941 Patris
989 4880 1087 4941 Jesus
1140 4876 1207 4956 28).
1223 4879 1390 4939 Numerus
1413 4879 1596 4941 stadiorum
1616 4879 1855 4955 sexagenarius
1874 4879 1935 4939 est
2014 4905 2015 4941 r

289 4975 440 5037 Christus
455 4974 614 5036 Dominus
629 4975 753 5036 noster.
1144 4975 1389 5050 sexagenarius
1406 4976 1516 5036 autem
1532 4991 1688 5038 numerus
1702 4989 1744 5037 ex
1759 4975 1890 5036 senario
1904 4979 1937 5038 et
2013 4999 2014 5012 ¹

1142 5071 1279 5134 denario
1309 5073 1516 5150 completur:
1540 5087 1617 5135 nam
1643 5069 1796 5135 senarius
1822 5072 1934 5134 ductus

625 5145 752 5232 XXVI
1142 5169 1252 5231 decies
1278 5169 1334 5232 vel
1360 5169 1518 5231 decamus
1543 5170 1660 5233 ductus
1688 5169 1815 5242 sexies,
1836 5185 1934 5232 sexa-

316 5316 484 5376 OCTAVA
504 5314 684 5376 PASCHAE
718 5314 844 5375 FERIA
866 5314 1058 5376 SECUNDA
1140 5265 1234 5343 ginta
1253 5267 1343 5328 fecit.
1360 5270 1398 5328 In
1412 5267 1550 5330 denario
1566 5268 1654 5330 enim
1673 5267 1834 5345 perfectio
1848 5267 1935 5329 desi-

279 5383 281 5388 ’
687 5357 694 5373 “
1140 5364 1277 5440 gnatur,
1303 5379 1343 5426 eo
1376 5364 1461 5442 quod
1487 5364 1652 5442 perlectus
1677 5366 1728 5427 est
1753 5381 1931 5426 uumerus:
2008 5349 2011 5410 l

327 5461 403 5520 Dae
422 5473 470 5519 ee>
487 5459 663 5532 aaaaaa
679 5461 762 5519 Jcsa
777 5457 871 5518 tbuat
889 5461 966 5532 ipsa
981 5459 1036 5519 dte
1050 5461 1087 5519 ta
1141 5459 1228 5520 uude
1244 5461 1313 5521 Lex
1339 5460 1375 5520 in
1395 5459 1508 5521 decem
1528 5461 1703 5538 preceptis
1724 5460 1801 5522 data
1823 5463 1880 5522 est.
1898 5465 1932 5524 ln

163 5559 165 5564 ’
287 5551 464 5618 castellam
486 5557 574 5629 meod
601 5555 679 5615 crat
703 5557 739 5616 ta
762 5555 875 5630 spata
893 5555 1086 5618 stauarum
1141 5555 1274 5618 senario
1289 5571 1439 5629 numero,
1457 5557 1721 5621 custodianostri
1734 5557 1931 5628 declaratur,
