4076 6420
767 293 944 360 HONORII
965 295 1011 358 111
1032 295 1180 360 OPERA.
1195 323 1237 342 -·
1250 293 1485 360 SERMONES.
1679 281 1681 286 ’
1917 292 1987 355 788
2027 331 2028 336 1

350 447 514 529 operibus
534 447 641 530 bonis,
664 450 754 516 uude
771 453 948 532 Apostolus
962 475 970 517 ι
987 457 1104 520 Habe·
1156 455 1361 530 confitentes,
1376 453 1474 526 idest,
1489 449 1986 530 delenimentorum

342 563 382 615 rs
399 549 628 626 prattamper
641 565 745 626 qaam
760 556 1104 628 serummusplocen-
1156 553 1297 625 Filium,
1325 553 1359 615 et
1386 549 1548 628 Spiritum
1573 549 1751 620 Sanctum,
1780 546 1984 621 videlicet,

334 657 352 713 Ι
379 648 451 708 Deo
473 661 552 707 cum
573 648 668 713 oratu
689 661 731 711 ec
753 649 953 712 reverentia
973 647 1100 728 (Heln,
1157 650 1267 722 corde,
1290 665 1347 712 ore
1368 648 1403 711 et
1422 663 1523 725 opere
1533 645 1751 722 intelligimus
1766 643 1983 722 Scripturas

326 753 364 814 is,
381 743 448 822 28).
462 743 603 804 Etidem
616 745 793 822 Apostolus
809 767 817 806 ε
831 747 959 810 Praesto
974 763 1104 824 semper
1157 751 1190 810 et
1204 747 1304 808 etiam
1325 745 1402 807 aliis
1423 745 1634 822 exponimus,
1659 743 1737 822 quia
1761 743 1983 806 conntemm
2021 797 2028 809 ,ν

320 838 353 900 st
380 840 490 915 gratia
518 857 591 918 quae
613 857 782 921 nunquam
804 844 930 906 recedit
951 843 1018 907 uisi
1043 861 1105 909 ex·
1157 860 1260 906 unum
1283 846 1399 912 Deum,
1425 858 1526 904 unam
1551 840 1661 914 fldem,
1691 841 1725 904 et
1750 857 1858 902 uuum
1887 840 1982 917 bap-

172 952 204 1061 !
314 935 412 1009 mlsa,
434 938 467 998 et
485 953 551 999 non
574 940 754 1001 revertitur
776 941 842 1001 uisi
860 957 920 1019 per
940 943 1105 1019 poeniteu—
1157 943 1267 1014 imma,
1284 939 1371 1004 sicut
1385 939 1518 1004 veritas
1535 939 1678 1002 testatur
1699 958 1707 1000 ε
1729 941 1812 1002 Non
1831 940 1878 1000 in
1901 943 1980 1000 sole

307 1029 398 1095 iam.
412 1035 638 1098 comminatur
650 1037 681 1098 ei
695 1053 838 1114 poenam,
850 1038 1105 1117 quaudoosten-
1152 1054 1245 1116 pane
1263 1040 1350 1102 eiott
1370 1041 1480 1110 tonso,
1495 1039 1557 1101 sed
1575 1039 1613 1098 tn
1631 1038 1725 1098 ornat
1739 1039 1860 1108 aerbo,
1879 1038 1980 1110 quod

303 1120 355 1194 nt
369 1130 399 1191 ei
411 1131 575 1194 tormenta
588 1132 723 1207 inlerui,
739 1135 825 1197 uude
841 1136 996 1200 Salomon
1010 1159 1018 1198 ε
1032 1142 1105 1200 Ρα-
1155 1138 1311 1214 procedit
1320 1150 1367 1198 cer
1380 1149 1442 1198 ονε
1453 1137 1518 1197 Det
1530 1131 1675 1212 (uach,
1689 1145 1737 1205 iv,
1750 1131 1796 1213 4).

268 1296 272 1308 ,
302 1228 387 1291 rato
397 1229 1106 1310 marcereecaejuutcramtmauetper-
1197 1232 1376 1311 Triplicem
1402 1231 1463 1294 Del
1493 1230 1691 1294 confitemur
1716 1229 1973 1307 operationem.

286 1325 473 1400 „cutientes
484 1327 880 1405 stultorarmcorportbus
892 1328 1018 1410 (Prou,
1031 1347 1103 1401 xix,
1159 1330 1273 1392 Prima
1285 1329 1337 1392 est
1350 1329 1488 1402 creatio,
1506 1327 1652 1390 secunda
1667 1325 1880 1399 reformatio,
1900 1327 1978 1388 ter-

305 1420 372 1500 29).
387 1423 559 1486 Derisores
574 1426 652 1488 sunt
665 1427 722 1504 qui
738 1429 877 1506 peccant
895 1428 928 1491 ei
943 1429 1105 1506 poenitero
1158 1427 1206 1491 tia
1220 1426 1475 1490 consummatio.
1492 1425 1606 1488 Primo
1619 1439 1764 1502 namque
1777 1424 1816 1486 iu
1826 1423 1974 1486 Christe

306 1519 434 1582 uolunt.
459 1521 535 1582 istis
556 1523 634 1585 sunt
656 1527 772 1601 parata
782 1525 922 1604 judicia,
937 1525 1035 1599 idest,
1051 1526 1106 1587 in·
1159 1524 1263 1588 creati
1286 1523 1322 1586 in
1340 1523 1495 1586 inerrate
1514 1520 1709 1594 uoluntatis,
1735 1519 1975 1584 reformamur

307 1613 394 1678 iorni
403 1618 577 1680 tormenta.
593 1620 691 1683 Stulti
701 1623 778 1684 suut
792 1623 849 1700 qui
862 1622 1005 1699 diligunt
1018 1623 1105 1686 bona
1159 1637 1221 1699 per
1248 1620 1414 1683 Christum
1448 1620 1484 1683 in
1516 1619 1637 1697 spiritu
1667 1617 1846 1691 libertatis,
1889 1634 1972 1680 oum

307 1714 506 1790 praesentia,
531 1716 564 1778 et
587 1732 653 1779 nou
677 1718 850 1781 attendunt
870 1718 981 1784 lutura
1004 1721 1104 1783 mala.
1159 1719 1290 1782 Christo
1304 1717 1424 1780 deinde
1438 1716 1690 1780 consummandi
1705 1716 1740 1778 iu
1754 1716 1846 1778 statu
1867 1717 1971 1778 aeter·

308 1809 445 1872 illorum
464 1813 658 1888 corporibus
674 1816 750 1876 sunt
768 1816 876 1892 parati
893 1822 1006 1880 omuet
1017 1833 1106 1892 per·
1159 1815 1284 1878 nitatis.
1302 1815 1337 1876 Si
1352 1814 1430 1892 quid
1445 1813 1531 1891 quod
1546 1829 1612 1875 non
1627 1812 1709 1886 erat,
1724 1813 1760 1874 iu
1772 1811 1833 1874 illo
1849 1811 1970 1874 creari

306 1907 475 1970 ruitantes
496 1908 532 1968 in
553 1909 702 1983 inferno,
726 1912 811 1974 uude
836 1929 967 1990 semper
987 1930 1107 1992 percu·
1160 1911 1306 1990 oportuit
1325 1912 1382 1989 qui
1401 1910 1484 1984 erat,
1507 1909 1554 1972 ita
1575 1909 1721 1988 oportun
1735 1924 1796 1987 por
1817 1908 1969 1970 formam

306 2002 433 2065 tiantur
447 2005 586 2082 quisine
597 2007 811 2084 linepeccare
823 2011 1010 2074 voluerunt.
1023 2015 1107 2074 Pro-
1159 2009 1335 2072 reformari
1363 2007 1522 2081 membra,
1549 2023 1611 2070 uec
1636 2006 1752 2085 perlici
1785 2005 1856 2067 nisi
1888 2021 1968 2068 cum

306 2101 408 2164 mittit
425 2102 577 2179 gloriam,
602 2105 734 2182 quaudo
756 2106 960 2170 demonstrat
973 2109 1004 2170 ei
1019 2107 1106 2172 bona
1160 2107 1279 2184 capite.
1295 2109 1321 2168 0
1338 2105 1436 2168 bomo
1447 2104 1525 2183 quid
1546 2103 1649 2170 habes
1663 2103 1750 2181 quod
1771 2118 1842 2164 nou
1864 2119 1973 2164 acce-

307 2196 412 2260 luturi
426 2199 552 2262 saeculi.
569 2201 663 2264 Unde
674 2205 820 2266 loannes
832 2203 868 2265 iu
882 2206 1103 2283 Apocalypsi:
1159 2204 1262 2282 pistil
1282 2203 1425 2274 crearis,
1443 2201 1587 2274 sanaris,
1610 2200 1763 2262 salvaris.
1787 2199 1877 2272 Quid
1900 2199 1969 2261 bo-

307 2299 387 2359 Non
410 2297 579 2372 erucem,
608 2315 717 2376 neque
745 2302 866 2366 sitient
893 2307 1042 2379 amptius
1044 2347 1104 2365 .....
1160 2318 1234 2364 rum
1245 2300 1414 2368 tibiexte,
1429 2297 1662 2361 chomolNon
1677 2311 1804 2369 creare,
1817 2296 1880 2374 qui
1897 2311 1967 2358 non

309 2389 514 2472 (Apoc.,v11,
532 2385 595 2475 16).
1161 2413 1247 2471 eras,
1264 2411 1326 2458 nec
1335 2394 1523 2474 justificare
1538 2393 1702 2472 peccator,
1719 2407 1787 2454 nec
1806 2393 1967 2454 umrtuus

346 2491 505 2553 Dominus
523 2493 665 2572 imperat
685 2492 770 2556 febri
794 2495 828 2556 et
845 2494 980 2558 dimittit
1000 2495 1105 2570 illam,
1160 2495 1301 2572 teipsum
1322 2491 1550 2565 ressuscitare,
1567 2491 1604 2552 ut
1618 2491 1738 2552 cetera
1756 2489 1969 2566 praetermit-

308 2588 440 2664 quando
454 2589 560 2652 virtus
585 2591 728 2668 Spiritus
753 2593 866 2654 Sancti
887 2593 1108 2673 reprimit-vi·
1160 2593 1227 2654 tam
1242 2589 1329 2652 bona
1341 2605 1414 2667 quae
1424 2589 1483 2651 aut
1492 2587 1650 2650 sanandis
1659 2587 1855 2650 necessaria
1869 2587 1961 2658 sunt,

308 2683 367 2745 iia.
381 2686 427 2746 Et
444 2686 605 2749 continuo
625 2703 783 2765 serpens,
799 2691 1021 2752 ministrabat
1040 2694 1107 2754 titis
1160 2690 1219 2750 aut
1245 2687 1415 2749 salvandis
1437 2684 1595 2762 reposita.
1623 2682 1715 2756 Quod
1746 2681 1894 2744 dicimus
1921 2680 1963 2744 de

233 2769 235 2776 ’
309 2777 403 2858 (Luc.
425 2797 471 2856 1v,
491 2781 556 2862 39).
578 2784 701 2846 Mulier
714 2785 820 2861 surgit
834 2785 986 2848 iaciendo
999 2787 1108 2864 poeni·
1160 2785 1278 2863 primo,
1299 2782 1390 2862 patet
1409 2785 1443 2845 et
1456 2782 1497 2844 de
1520 2781 1647 2854 ultimo,
1664 2779 1721 2842 sed
1737 2781 1773 2844 et
1792 2779 1962 2840 demedio

306 2875 463 2952 tentiam,
484 2880 651 2943 ministrat
676 2881 851 2945 serviendo
875 2883 1050 2946 Dominum
1070 2885 1106 2946 in
1160 2897 1258 2944 nemo
1272 2880 1411 2950 dubitat,
1433 2878 1500 2940 nisi
1519 2879 1576 2956 qui
1599 2878 1758 2954 ignorans
1782 2877 1844 2938 Dei
1855 2876 1963 2952 justi·

306 2975 459 3036 omnibus
468 2977 622 3054 operibus
630 2979 856 3054 charitatis,et
863 2979 1014 3044 iaciendo
1021 2982 1107 3044 elee-
1160 2979 1253 3051 tiam,
1280 2979 1313 3040 et
1327 2992 1422 3039 suam
1445 2975 1562 3038 rolens
1579 2975 1794 3046 constituere,
1814 2973 1962 3051 justitia

308 3086 502 3148 mosymam.
514 3074 608 3136 Unde
618 3076 733 3148 isaias,
746 3092 788 3138 ex
798 3093 941 3154 persona
951 3079 1104 3142 Domini:
1160 3075 1220 3139 Dei
1235 3091 1302 3136 nou
1317 3074 1367 3136 est
1388 3072 1567 3150 subjectus.
1583 3072 1663 3133 Cum
1679 3071 1782 3146 igitur
1796 3085 1959 3132 cousum-

307 3169 1106 3247 Hcecestrecuiesowa,relicitcmssum.iltboc
1160 3172 1261 3233 matio
1274 3171 1321 3244 nt,
1337 3170 1438 3233 hahet
1451 3168 1614 3243 denonis,
1626 3169 1697 3232 sive
1708 3168 1810 3230 etiam
1830 3167 1867 3229 iu
1893 3183 1956 3229 ne-

308 3265 814 3352 estmomrepaperrem(1s,
830 3287 952 3347 uxum,
969 3270 1033 3353 12).
1159 3269 1221 3342 bis,
1238 3284 1305 3330 uon
1329 3267 1440 3330 autem
1466 3282 1486 3329 a
1510 3265 1616 3329 nobis.
1637 3265 1768 3327 creatio
1787 3279 1956 3326 varocum

1159 3365 1246 3428 lacta
1261 3365 1305 3427 sit
1318 3365 1351 3428 et
1369 3365 1441 3426 siue
1459 3362 1566 3436 uobis,
1591 3362 1663 3426 sola
1686 3378 1760 3440 quae
1782 3361 1955 3424 uobiscum

1160 3459 1400 3540 quodammodo
1421 3459 1458 3522 nt
1476 3459 1610 3537 propter
1628 3457 1855 3520 voluntarium
1878 3471 1957 3518 cou-

627 3535 762 3624 XVHI
1160 3573 1294 3622 sensum
1320 3557 1480 3630 nostrum,
1510 3555 1677 3617 immerita
1703 3552 1801 3616 nobis
1823 3555 1958 3630 reputa·

1159 3655 1250 3718 bitur
1270 3652 1472 3718 reformatio.
1489 3653 1564 3731 Ipsa
1583 3652 1661 3714 sunt
1676 3651 1809 3729 jejunia
1830 3653 1953 3722 nostra,

326 3757 674 3830 ¹QUADiilitlliSlMAE
695 3757 900 3820 DOMINICA
920 3759 1090 3832 QUARTA
1160 3751 1296 3829 vigiliae,
1313 3749 1526 3818 continentiae
1541 3749 1574 3812 et
1587 3764 1689 3826 opera
1703 3747 1955 3820 misericordiae,

1161 3850 1346 3927 caeteraque
1359 3847 1518 3910 virtutum
1534 3845 1706 3914 exercitia,
1722 3861 1782 3924 per
1795 3861 1871 3922 qua
1891 3844 1955 3906 utl-

346 3943 410 4005 Est
420 3957 512 4020 paor
525 3943 681 4004 unusne
695 3945 753 4016 out
766 3943 866 4006 tabet
882 3946 1030 4018 quinque
1040 3959 1108 4022 pa-
1161 3961 1223 4024 que
1244 3944 1375 4008 constat
1394 3943 1588 4006 interiorem
1611 3943 1761 4004 nostrum
1787 3941 1954 4003 bominem

306 4054 369 4100 nes
390 4043 614 4111 hordeaceos,
642 4039 677 4100 et
701 4041 767 4100 duo
785 4043 916 4115 preces,
942 4045 1004 4104 sed
1026 4045 1107 4118 quid
1160 4041 1315 4104 renovari
1330 4041 1370 4102 de
1394 4039 1448 4101 die
1461 4039 1498 4101 iu
1517 4039 1616 4111 diem,
1632 4038 1710 4100 dum
1727 4038 1869 4100 intentio
1888 4040 1955 4100 ter·

305 4135 388 4195 sunt
399 4138 492 4198 iuter
511 4137 626 4198 tantos
641 4135 761 4208 (toan,
774 4153 820 4209 iu,
836 4136 890 4216 9)r
1160 4139 1250 4202 renis
1271 4138 1444 4200 incursata
1460 4136 1549 4198 curis
1573 4135 1614 4196 de
1631 4135 1709 4196 imis
1732 4133 1894 4214 paulatim
1913 4134 1953 4196 ad

347 4232 435 4291 Puer
455 4231 518 4293 iste
544 4232 711 4306 significat
733 4234 889 4310 populum
914 4233 1106 4297 ludaeorum
1161 4250 1304 4313 superna
1326 4233 1487 4310 resurgit,
1515 4237 1548 4296 et
1575 4231 1707 4294 affectio
1730 4231 1822 4294 circa
1845 4232 1953 4294 caruis

307 4326 364 4403 qui
389 4326 441 4388 est
464 4328 601 4404 puerilis
621 4343 731 4390 sensu.
758 4333 845 4391 Puer
862 4331 926 4394 iste
949 4331 1106 4395 dicitura
1160 4333 1325 4395 desideria
1340 4331 1502 4408 languens
1517 4330 1642 4391 sensim
1662 4329 1698 4390 in
1719 4343 1868 4390 amorem
1887 4329 1954 4406 spi·

306 4423 495 4501 puerilitate
510 4440 583 4501 quae
596 4425 684 4486 mala
699 4426 758 4488 est.
776 4427 868 4490 Unde
881 4427 1002 4492 dicitur
1014 4451 1022 4490 ι
1033 4434 1106 4494 Ma·
1160 4431 1244 4492 ritus
1259 4427 1472 4501 convalescit,
1484 4428 1516 4488 et
1527 4426 1686 4488 memoria
1700 4427 1850 4488 veterum
1873 4441 1953 4502 ope-

305 4520 447 4582 uectae
463 4537 556 4596 puer
582 4524 720 4586 centum
742 4524 1005 4600 conerematis,
1027 4541 1104 4600 nxv,
1159 4543 1233 4588 rum
1259 4523 1461 4602 turpitudine
1496 4524 1647 4594 sordens,
1673 4523 1771 4584 novis
1795 4521 1954 4601 bonisque

304 4613 370 4690 20).
387 4620 472 4680 Vere
491 4618 686 4682 maledictus
707 4620 770 4683 luit
783 4623 857 4695 iste,
877 4623 974 4695 idest,
996 4639 1105 4701 popu·
1160 4623 1290 4686 actibus
1322 4620 1498 4684 candidata
1527 4621 1562 4684 in
1591 4620 1662 4682 dies
1683 4619 1867 4682 hilarescit.
1895 4620 1953 4682 liis

304 4714 357 4777 lus
371 4715 537 4793 judaicus,
552 4718 630 4794 quia
640 4716 704 4780 luit
712 4719 865 4795 ingratus
882 4719 1034 4782 omnibus
1046 4720 1107 4783 be·
1160 4737 1277 4798 nempe
1294 4719 1401 4781 tribus
1425 4719 1565 4781 interior
1586 4716 1759 4780 renovatio
1784 4717 1949 4780 consistit:

304 4813 433 4875 noticiis
449 4814 513 4876 sibi
528 4817 628 4878 aDao
647 4816 788 4889 collatis,
814 4817 891 4894 quia
915 4833 975 4895 pro
993 4817 1105 4879 multis
1159 4818 1377 4891 rectitudine,
1407 4817 1546 4888 scilicet,
1573 4813 1781 4888 intentionis,
1811 4815 1952 4892 puritate

303 4909 399 4973 bonis
421 4911 564 4974 reddidit
582 4913 685 4975 multa
701 4914 800 4975 mala.
821 4916 868 4975 De
888 4913 1006 4992 quihus
1022 4929 1106 4976 con·
1160 4915 1357 4987 affectionis,
1373 4899 1604 4976 recordatione
1625 4911 1720 4974 bonae
1740 4911 1949 4988 operationis,

304 5009 454 5087 queritur
468 5009 627 5071 Dominus
639 5011 674 5071 iu
687 5012 936 5088 psalmodiceus
950 5034 957 5072 :
971 5014 1035 5082 Qut
1046 5027 1107 5075 νε·
1160 5029 1332 5093 perquam
1353 5011 1416 5073 sibi
1437 5010 1522 5072 bene
1543 5009 1678 5072 conscia
1703 5009 1863 5070 memoria
1883 5010 1951 5070 oni-

304 5107 459 5168 trocleam
473 5108 559 5170 milit
570 5111 850 5182 nmtaprobonis,
865 5110 900 5171 ct
912 5111 1029 5171 odilam
1039 5124 1106 5185 pro
1159 5112 1265 5174 tescit.
1280 5112 1403 5172 Verum
1417 5108 1481 5170 hoo
1502 5123 1578 5170 cum
1596 5107 1722 5168 certum
1739 5107 1783 5168 sit
1795 5105 1905 5169 divino
1917 5108 1950 5168 in

302 5205 480 5267 dilectione
493 5219 572 5267 naeu
588 5202 653 5276 (Ps.
673 5207 724 5278 34,
740 5201 801 5276 12).
819 5210 906 5268 Puer
917 5206 992 5280 iste,
1006 5207 1104 5278 idest,
1160 5209 1255 5271 nobis
1271 5207 1403 5282 actitari
1419 5205 1556 5284 Spiritu,
1573 5205 1633 5266 Dei
1645 5203 1881 5276 suntmunera,
1897 5205 1949 5266 sed

303 5301 445 5379 populus
459 5302 651 5365 iudaeorum
666 5301 817 5380 portabat
831 5319 934 5382 panes
949 5304 982 5368 st
995 5304 1104 5381 pisces
1160 5323 1233 5385 quae
1249 5322 1324 5369 eum
1337 5306 1459 5367 nostras
1473 5302 1656 5366 voluntatis
1671 5316 1825 5373 assensu,
1844 5303 1950 5365 nostra

305 5399 363 5462 sed
385 5416 451 5461 nou
474 5400 678 5474 comedebat,
700 5401 796 5474 idest,
820 5399 953 5464 tenebat
969 5400 1061 5478 leges
1074 5402 1107 5464 et
1163 5408 1241 5466 stubi
1254 5403 1384 5466 merita.

306 5499 497 5575 propbetas,
514 5501 548 5562 et
562 5499 708 5576 quotidie
723 5498 853 5576 legebat
872 5498 906 5561 et
921 5515 987 5560 nou
1006 5499 1107 5562 iutel—
1201 5502 1267 5564 Iste
1294 5515 1377 5578 puer
1400 5497 1500 5560 habet
1520 5497 1666 5577 quinqua
1693 5511 1798 5574 panes
1817 5494 1851 5558 et
1875 5495 1949 5558 duos

307 5593 442 5672 ligabat.
456 5597 520 5661 Sed
534 5595 991 5676 nosquisumusverrjudael,
1005 5597 1103 5672 idest,
1160 5599 1283 5678 pisces.
1302 5595 1364 5661 sed
1384 5611 1488 5675 panes
1511 5595 1568 5658 isti
1588 5594 1665 5658 sunt
1687 5591 1875 5656 hordeacei.
1897 5595 1948 5657 Isti
