4084 6428
41 285 125 349 913
498 367 503 374 ι
584 283 789 349 DOMINICA
811 283 856 351 [N
879 283 1042 346 OCTAVA
1060 277 1272 344 ‘Passum
1682 267 1742 330 ula

43 445 201 508 anima
218 467 227 526 3
243 461 283 510 eo
297 445 407 510 autem
423 445 588 524 separato,
603 445 715 506 anima
739 443 890 507 moritur.
946 441 1078 523 diversa
1097 439 1225 512 effluat,
1246 437 1303 500 sed
1322 451 1398 500 cum
1419 431 1578 512 propheta
1598 441 1697 492 unam
1721 442 1742 490 a

45 545 100 604 Et
118 544 223 606 ideo
238 543 440 606 resurrectio
460 543 574 605 nostra
591 541 691 604 babet
704 557 813 614 mane,
830 541 893 602 ba·
946 539 1085 602 Domino
1105 553 1235 614 semper
1254 535 1359 616 petat3
1383 528 1495 594 unitas
1511 528 1658 600 moralis,
1666 542 1740 605 quae

44 637 119 702 het
140 643 345 714 meridiem,
362 640 510 702 habetet
524 655 609 701 sero.
630 641 728 700 Mane
743 640 793 700 est
806 653 891 700 con·
946 636 1097 714 proximo
1122 652 1183 723 nos
1210 633 1398 710 conjungit3
1424 627 1511 690 unde
1537 626 1739 687 Psalmista:

47 737 171 799 tritio
202 739 332 810 cordis,
356 738 434 816 quia
455 739 534 798 tunc
556 735 650 798 nobis
671 737 788 813 incipit
809 735 891 796 oriri
946 737 1008 801 Qut
1022 735 1178 796 babitare
1192 731 1473 807 (ucttuuautrues
1487 727 1653 794 ludorum
1669 721 1741 782 uni·

51 835 117 895 sol
141 835 312 912 justitia,
330 835 416 896 sicut
436 833 516 895 dicit
530 834 696 894 Malachia
711 833 888 909 propbeta:
944 832 996 893 tas
1024 830 1225 909 spiritualis,
1256 843 1330 906 quac
1363 840 1423 887 nos
1454 820 1626 900 conjungit
1653 823 1737 894 De03

53 948 77 992 c
95 931 229 992 Vobis
242 931 434 994 timentibus
444 946 564 993 nomen
579 927 689 991 m'eum
701 929 828 992 orietur
841 928 890 990 sol
945 929 1032 990 unde
1052 927 1253 1006 Apostolus:
1278 927 1342 992 Qui
1364 921 1518 985 accuret
1540 923 1625 989 Deo,
1648 931 1739 978 uurcs

44 1027 435 1106 Justitiae.»Meridies
454 1028 505 1090 θεῖ
526 1027 690 1090 consessio
711 1027 795 1099 oris,
812 1027 889 1103 quia
943 1027 1089 1102 spiritus
1108 1026 1160 1086 est
1175 1021 1204 1102 (Ι
1223 1025 1297 1084 Gor.
1317 1037 1361 1092 rr,
1384 1021 1451 1094 17);
1475 1019 1585 1078 unitas
1605 1013 1739 1076 socialis

46 1128 138 1202 jam
154 1125 201 1186 in
217 1128 329 1188 mente
341 1126 455 1188 nostra
468 1125 588 1186 crescit
600 1141 693 1186 amor
703 1123 887 1196 charitatis,
943 1123 1031 1184 inter
1045 1122 1200 1198 angelos3
1216 1121 1327 1181 unitas
1342 1115 1528 1196 personalis
1540 1115 1575 1174 in
1590 1111 1737 1186 Christo;

51 1223 163 1283 unde
189 1239 263 1285 non
284 1222 510 1284 erubescimus
531 1222 702 1299 peccatum
724 1221 887 1284 confiteri.
944 1219 1056 1281 unitas
1069 1217 1275 1296 principalis,
1291 1232 1365 1293 qua>
1387 1215 1421 1276 et
1441 1207 1669 1274 substantialis
1689 1207 1740 1268 est

52 1319 299 1396 Impossibile
320 1321 502 1382 astantem
522 1318 691 1380 bominem
713 1320 889 1396 pervenire
942 1319 979 1379 in
998 1317 1177 1381 Trinitate:
1201 1319 1289 1377 Ecce
1307 1328 1411 1389 quum
1435 1313 1570 1380 bouum,
1588 1308 1738 1380 ecquam

53 1417 105 1477 ad
124 1416 388 1492 indulgentiam
408 1417 465 1494 qui
479 1431 545 1477 non
559 1417 631 1478 vult
647 1415 799 1478 confiteri
816 1416 890 1477 cul-
935 1418 1129 1487 jucundum
1140 1412 1244 1493 (Psal.
1257 1413 1325 1483 132,
1341 1409 1384 1490 1).
1398 1407 1480 1471 Sunt
1493 1403 1737 1484 quaedambona

54 1529 149 1590 pam
181 1529 297 1574 suam.
321 1513 414 1575 Unde
435 1513 592 1576 Salomon
607 1535 615 1574 :
633 1516 696 1580 out
715 1515 890 1576 abscondit
943 1512 976 1574 θῖ
985 1511 1144 1589 jucunda,
1159 1510 1310 1587 quaedam
1325 1524 1386 1569 nec
1402 1506 1488 1568 bona
1504 1519 1565 1564 nec
1575 1500 1737 1580 jucunda,

53 1616 218 1672 scelera
246 1627 325 1683 sua,
353 1626 424 1673 uou
455 1611 640 1687 caecetur.
675 1613 739 1677 out
771 1611 888 1672 auteur
943 1610 1093 1688 quaedam
1111 1608 1198 1670 bona
1217 1608 1251 1668 et
1270 1622 1337 1668 uon
1357 1603 1517 1685 jucunda,
1538 1603 1570 1664 θῖ
1586 1598 1737 1679 quaedam
1862 1627 1866 1639 ,

55 1710 264 1782 confessus
286 1710 406 1782 suerit,
427 1708 461 1769 et
479 1709 701 1782 dereliquerit
724 1721 766 1768 eu
788 1711 889 1770 mise·
938 1706 1085 1785 jucunda
1105 1707 1138 1770 θῖ
1152 1722 1218 1766 εοε
1240 1704 1337 1766 bona.
1361 1707 1407 1764 De
1426 1700 1522 1763 bonis
1541 1699 1573 1761 et
1592 1713 1658 1759 non
1675 1698 1736 1774 ju-

56 1808 278 1866 rucordicm
297 1806 525 1879 consequetur
544 1802 655 1882 (Prov.
678 1819 796 1876 xxv111,
822 1802 885 1882 13).
942 1804 1058 1866 condis
1074 1802 1267 1882 pervenitur
1288 1800 1329 1863 ad
1351 1800 1438 1863 bona
1460 1798 1493 1859 θῖ
1506 1795 1665 1874 jucunda.
1690 1795 1738 1854 De‘

59 1901 173 1963 Sicut
185 1901 273 1964 dicit
281 1904 300 1963 J
303 1901 442 1964 acobus:
453 1902 669 1974 confitemini
678 1901 888 1963 alterutnum
937 1902 1096 1980 jucundis
1108 1903 1141 1964 θῖ
1151 1901 1247 1964 bonis
1260 1897 1453 1976 pervenitur
1467 1894 1508 1956 ad
1523 1894 1609 1954 bona
1623 1892 1656 1952 et
1669 1905 1736 1950 non

57 2000 229 2073 peccata
249 2000 383 2073 uestra,
407 1999 441 2062 et
461 1999 560 2060 orate
578 2013 647 2072 pro
671 2001 828 2070 tubicem,
848 1999 887 2060 ut
936 1999 1096 2076 jucunda.
1120 2002 1166 2061 Do
1186 1996 1344 2074 jucundis
1363 1995 1397 2056 et
1416 2008 1482 2054 non
1501 1989 1597 2052 bonis
1619 2002 1738 2065 perve-

60 2099 271 2158 salvemini
287 2094 371 2175 (Jac.
388 2113 421 2170 v,
440 2094 502 2175 16).
523 2097 603 2157 Sero
622 2095 732 2157 autem
761 2094 811 2158 ost
831 2110 888 2156 sa-

60 2193 233 2256 tisfactio
262 2195 388 2270 operis3
416 2209 491 2256 sero
515 2209 658 2271 namque
681 2193 814 2255 initium
836 2192 887 2254 est

62 2291 204 2364 noctis,
223 2291 256 2352 et
276 2291 443 2368 significat
462 2291 770 2366 adversitatem.ln
785 2291 887 2352 satis-

62 2386 233 2450 factione
254 2389 343 2450 enim
364 2389 473 2466 operis
495 2389 545 2450 est
566 2387 750 2450 adversitas
779 2387 886 2465 poeni-

63 2484 199 2547 tentiae
222 2486 256 2547 et
280 2487 429 2562 corporis
448 2485 602 2558 afflictio,
624 2486 736 2562 utpote
757 2485 882 2559 carina,

64 2582 238 2654 exilium,
258 2585 291 2643 et
315 2582 382 2642 alia
406 2581 509 2644 multa
529 2581 647 2658 gravia
673 2598 746 2658 quae
772 2583 884 2660 poeni-

64 2679 231 2740 tentibus
246 2679 482 2756 imponuntun
708 2665 712 2671 ¹

111 2781 213 2836 Cum
231 2775 346 2848 itaque
361 2777 450 2838 esset
470 2790 552 2838 sero
570 2778 624 2837 dic
640 2778 710 2847 uto,
729 2775 885 2839 videlicet

64 2872 358 2944 resurrectionis,
379 2889 450 2934 uuo
469 2874 712 2936 sabbatborum
714 2916 774 2934 .....
801 2874 885 2935 Sab-

65 2969 223 3031 bathum
247 2968 487 3046 interpretatur
513 2969 664 3048 requies,
695 2971 773 3047 quia
804 2971 883 3032 tunc

69 3065 231 3141 resurgit
245 3065 354 3139 homo,
372 3067 502 3144 quando
521 3083 601 3128 caro
620 3068 654 3129 et
672 3068 809 3144 spiritus
828 3084 885 3130 re-

69 3159 260 3241 quiescunt
280 3179 301 3225 a
321 3164 424 3233 vitiis,
449 3164 634 3226 resistendo
662 3165 723 3226 eis.
750 3169 796 3227 De
818 3182 883 3243 qua

71 3262 199 3339 requie
218 3261 300 3323 dicit
317 3261 476 3323 Dominus
493 3278 553 3340 per
571 3263 800 3324 Ezechielem:
820 3267 884 3331 out

72 3359 237 3433 puerescit,
252 3359 403 3432 qzcicscut
418 3357 551 3437 (Ezecb.
565 3375 615 3432 111,
631 3359 697 3439 27),
712 3360 809 3434 idest,
826 3362 883 3440 qui

75 3455 226 3532 quiescit
240 3455 362 3527 animo,
377 3456 527 3532 quiescat
542 3458 575 3518 et
591 3473 740 3534 corpore.

116 3553 203 3614 Viso
220 3552 260 3614 de
275 3553 433 3630 tempore,
450 3553 491 3614 de
510 3554 582 3615 loco
602 3555 636 3616 et
655 3553 695 3616 de
715 3556 881 3617 consortio

77 3650 360 3725 congregatorum
380 3651 563 3712 videamus.
588 3652 633 3712 ut
653 3653 747 3726 sores
767 3654 881 3714 esseut

76 3753 227 3818 claresce,
263 3751 319 3808 ubi
354 3748 458 3810 eraut
492 3751 649 3822 discipuli
683 3752 882 3826 conprecatt

75 3845 228 3918 propter
251 3845 379 3905 metum
408 3847 622 3906 Juaceorum.
657 3847 780 3919 Locus,
812 3847 881 3908 siva

78 3939 199 4001 domus
213 3941 270 4001 ubi
285 3942 380 4002 erant
399 3941 553 4018 discipuli
572 3943 775 4018 congregati,
796 3942 883 4019 ligu-

80 4053 156 4098 rare
181 4038 313 4099 videtur
336 4039 482 4100 mentem
502 4040 779 4117 uniuscujusque,
803 4041 880 4117 quia

80 4136 243 4195 Dominus
257 4136 292 4196 in
308 4135 454 4197 scissura
475 4137 650 4208 mentium,
663 4137 758 4210 idest,
777 4139 813 4199 in
832 4139 881 4199 eis

81 4233 136 4306 qui
151 4231 277 4293 babent
288 4233 427 4294 scissam
443 4235 476 4295 θῖ
488 4234 630 4295 divisam
642 4236 796 4307 mentem,
814 4252 881 4298 non

82 4329 222 4401 habitat,
239 4330 346 4391 sedin
362 4330 410 4391 eis
426 4331 483 4407 qui
498 4331 673 4394 unanimes
689 4335 880 4409 congregati

82 4424 206 4488 luerint
221 4427 256 4486 in
271 4427 398 4489 unitate
410 4428 549 4504 spiritus
566 4428 649 4490 etin
663 4429 796 4491 vinculo
816 4447 879 4508 pa-

82 4523 139 4595 cis,
155 4525 316 4585 Dominus
327 4524 477 4586 habitare
487 4525 657 4603 probatur.
673 4527 766 4589 Unde
780 4527 880 4590 etiam

84 4619 202 4684 dicitur
230 4621 266 4681 in
298 4621 619 4686 benedictionibus:
647 4627 724 4685 ‹In
753 4625 879 4688 unitate

85 4719 193 4781 Sancti
211 4719 353 4795 Spiritus
368 4718 543 4780 benedicat
561 4735 621 4780 nos
639 4721 749 4792 Pater,
771 4723 804 4783 θῖ
822 4722 880 4784 Fi·-

83 4813 186 4876 lius.»
203 4817 260 4876 Est
273 4817 383 4877 unitas
398 4816 574 4888 naturalis,
594 4817 705 4879 unitas
721 4819 877 4892 carnalis,

85 4913 190 4973 unitas
206 4912 371 4985 virtualis,
388 4913 499 4975 unitas
514 4912 661 4986 moralis,
679 4915 789 4978 unitas
804 4916 877 4993 spi-

86 5008 221 5082 ritualis,
243 5011 354 5072 unitas
374 5011 520 5084 socialis,
547 5011 657 5073 unitas
678 5013 875 5090 personalis,

85 5107 115 5166 et
128 5108 235 5168 unius
250 5107 457 5184 principalis.

122 5205 236 5266 linitas
255 5205 418 5267 naturalis
433 5205 522 5267 inter
533 5223 653 5284 corpus
671 5207 704 5270 et
717 5207 874 5282 animam,

49 5319 50 5324 ¹
86 5301 187 5362 unitas
212 5304 357 5364 carnalis
380 5304 470 5365 inter
500 5304 609 5365 virum
635 5307 669 5367 et
693 5305 874 5382 foeminam,

87 5399 165 5460 unde
181 5402 339 5479 scriptum
354 5402 405 5464 θεῖ
419 5403 484 5462 :Et
508 5404 612 5465 eruut
629 5407 696 5466 duo
715 5408 752 5465 iu
769 5421 876 5470 carue

940 2097 1032 2158 nitur
1051 2096 1094 2157 ad
1114 2111 1176 2156 nec
1196 2093 1298 2166 bona,
1325 2107 1386 2154 nec
1405 2088 1563 2168 jucunda.
1589 2088 1681 2148 Bona
1704 2083 1737 2145 et
1832 2173 1834 2178 Ι

940 2209 1007 2256 εοε
1031 2192 1181 2271 jucunda
1207 2190 1285 2254 sunt
1309 2189 1525 2259 abstinentia,
1555 2181 1734 2262 patientia,

940 2291 1127 2368 disciplina.
1147 2289 1299 2352 Jucunda
1325 2289 1357 2350 ot
1374 2302 1440 2348 non
1463 2285 1551 2346 bona
1575 2281 1652 2343 sunt
1669 2295 1734 2342 vo-

940 2391 1064 2469 luptas,
1090 2388 1278 2451 curiositas.
1308 2389 1401 2448 Bona
1427 2383 1460 2446 et
1482 2379 1630 2460 jucunda
1658 2378 1736 2440 sunt

940 2487 1108 2559 honestas,
1116 2486 1254 2564 puritas,
1270 2485 1303 2546 et
1317 2483 1464 2546 castitas.
1473 2480 1522 2542 Ad
1536 2478 1600 2541 boc
1611 2478 1735 2538 bonum

939 2584 1152 2648 obtinendum
1175 2583 1365 2646 necessaria
1381 2580 1430 2644 est
1446 2579 1557 2640 unitas
1576 2574 1736 2654 spiritua-

938 2682 992 2756 lis,
1016 2683 1126 2745 unitas
1150 2681 1325 2752 naturalis,
1351 2679 1462 2740 unitas
1486 2673 1633 2738 moralis.
1657 2671 1735 2732 Pri-

938 2796 1025 2842 mam
1050 2778 1237 2841 disturbant
1263 2776 1518 2855 pusillanimitas
1545 2772 1578 2834 et
1602 2769 1732 2832 levitas.

938 2876 1201 2940 pusillanimitas
1219 2875 1298 2938 facit
1312 2873 1515 2952 propositum
1530 2869 1731 2946 relinquere,

938 2976 1058 3038 levitas
1080 2975 1221 3038 mutare.
1242 2974 1389 3036 Alteram
1413 2968 1602 3038 obstinati0,
1629 2965 1735 3026 simu-

938 3073 1030 3144 latio,
1052 3072 1218 3151 suspectio
1240 3069 1436 3133 disturbant.
1462 3063 1646 3129 Obstinatio
1666 3077 1733 3123 non

937 3171 1062 3249 recepit
1093 3171 1299 3248 proximum,
1331 3165 1497 3243 suspectio
1527 3180 1593 3224 non
1628 3158 1735 3252 crodit

937 3269 1100 3346 proximo.
1132 3270 1213 3345 Spes
1239 3269 1439 3329 aeternorum
1464 3260 1603 3351 expellit
1627 3256 1734 3337 pusil-

936 3365 1172 3437 lanimitatem,
1197 3363 1375 3426 obstinatio
1399 3359 1634 3430 humilitatem,
1658 3371 1734 3416 sus-

937 3463 1024 3540 picio
1038 3462 1072 3524 et
1083 3461 1251 3523 simulatio
1267 3459 1461 3521 charitatem
1477 3454 1657 3532 expellunt.

977 3563 1015 3621 ln
1033 3562 1143 3621 mente
1157 3573 1237 3634 ergo
1257 3557 1396 3634 quisque
1413 3554 1509 3616 debet
1530 3567 1602 3613 esse
1618 3549 1732 3628 januis

937 3656 1070 3720 clausis.
1098 3657 1152 3718 Sic
1174 3656 1262 3717 enim
1289 3654 1364 3715 ait:
1388 3657 1473 3716 Guuz
1497 3654 1590 3726 sores
1618 3647 1733 3710 esseut

935 3761 1071 3826 mausus,
1085 3757 1142 3816 ubi
1157 3755 1258 3816 eruut
1272 3753 1427 3824 uoupuu
1439 3748 1650 3825 coupreputr'.
1667 3747 1733 3806 Du-

937 3868 1009 3912 mus
1036 3853 1160 3923 nostra,
1188 3850 1286 3921 idest,
1312 3849 1422 3910 anima
1449 3847 1564 3908 nostra
1588 3844 1732 3920 quinque

935 3949 1049 4025 portas
1074 3947 1189 4020 babet,
1220 3947 1381 4024 quinque,
1406 3942 1576 4014 videlicet,
1601 3955 1730 4002 sensus.

936 4047 998 4117 Qui
1021 4046 1101 4107 licet
1123 4045 1277 4106 dicantur
1297 4059 1414 4104 sensus
1438 4039 1598 4118 corporis,
1621 4039 1732 4100 tamen

935 4143 1167 4220 principaliter
1191 4143 1224 4204 θῖ
1245 4141 1378 4219 proprie
1399 4139 1476 4202 sunt
1496 4138 1628 4211 animae,
1654 4135 1732 4214 quia

935 4241 1006 4302 sola
1026 4241 1138 4302 anima
1158 4241 1226 4301 vim
1244 4239 1344 4303 babet
1362 4237 1506 4308 auditus,
1523 4236 1555 4298 et
1573 4235 1678 4305 εῖεεε,
1700 4233 1733 4294 θῖ

935 4339 1141 4400 caeterorum.
1169 4337 1324 4415 Corporis
1346 4336 1457 4398 autem
1483 4335 1558 4396 ideo
1578 4332 1732 4394 dicuntur

935 4451 1065 4508 sensus,
1090 4435 1168 4512 quia
1191 4436 1227 4496 in
1247 4450 1286 4496 eo
1306 4434 1382 4495 sunt
1405 4433 1554 4509 ipsorum
1574 4444 1731 4491 sensuum

934 4532 1166 4614 instrumenta,
1187 4531 1352 4602 videlicet,
1369 4545 1479 4601 aures,
1494 4527 1646 4589 oculi.....
1662 4527 1733 4587 Nec

934 4630 1023 4691 enim
1049 4645 1189 4706 corpora
1213 4627 1329 4689 audire
1356 4626 1414 4688 aut
1439 4626 1553 4688 ridere
1581 4623 1729 4702 possunt,

933 4726 991 4788 sed
1010 4726 1224 4798 anima-sola,
1250 4725 1327 4802 quia
1349 4725 1420 4802 ipsa
1445 4721 1632 4794 recedente,
1654 4719 1732 4782 licet

932 4824 967 4885 in
983 4839 1121 4900 corpore
1133 4824 1206 4900 ipsa
1223 4823 1444 4883 instrumenta
1459 4819 1663 4891 remaneant,
1678 4819 1732 4880 ta-

932 4936 1007 4980 men
1023 4920 1095 4981 sine
1115 4919 1235 4980 effectu
1254 4918 1386 4980 videtur
1401 4933 1440 4978 ea
1455 4916 1590 4978 babere.
1607 4918 1644 4976 In
1660 4930 1731 4976 cor·

932 5033 1012 5094 pore
1029 5031 1171 5094 namque
1186 5015 1360 5078 remanent
1372 5031 1445 5093 quae
1460 5014 1556 5076 erant
1568 5012 1729 5090 corporis,

931 5114 1079 5186 scilicet,
1105 5114 1326 5176 instrumenta
1355 5128 1524 5174 sensuum.
1555 5111 1622 5188 lpsi
1649 5125 1729 5172 vero

931 5228 1049 5274 sensus
1064 5213 1276 5274 recesserunt
1290 5210 1500 5280 semanima,
1516 5209 1594 5286 quia
1609 5208 1729 5269 animae

931 5311 1038 5383 erant,
1054 5325 1120 5370 non
1140 5309 1291 5387 corporis
1306 5323 1434 5370 sensus.
1457 5310 1522 5369 Per
1538 5306 1600 5367 bas
1616 5306 1729 5383 portas

931 5424 1020 5468 mors
1036 5406 1232 5485 ingreditur,
1249 5407 1315 5467 nisi
1333 5406 1400 5467 sint
1418 5404 1552 5466 clausae.
1572 5404 1665 5465 Unde
1681 5403 1730 5465 ait

85 5511 149 5557 truc
175 5496 270 5576 (Gen.
298 5515 334 5572 11,
362 5497 434 5577 24);
460 5500 573 5562 unitas
604 5501 773 5576 virtualis,
801 5520 875 5582 quae
928 5505 1220 5568 Jeremias:Mors
1230 5504 1377 5566 intrauit
1387 5519 1455 5577 per
1468 5503 1642 5577 terrestres
1653 5516 1729 5563 uos·
1822 5531 1829 5542 ·

87 5592 243 5660 bominem
271 5598 334 5659 sibi
357 5597 423 5676 ipsi
445 5598 634 5677 conjungit,
662 5600 788 5665 utnon
815 5619 875 5682 per

930 5605 1006 5669 trus
1030 5602 1165 5683 (terem.
1189 5619 1237 5676 rx,
1267 5600 1336 5681 21).‚
1357 5600 1495 5674 Quando
1515 5599 1604 5661 enim
1628 5598 1727 5678 bomo
