4076 6420
326 247 393 318 703
792 245 968 312 HONORII
990 246 1036 307 111
1058 245 1207 308 OPERA.
1224 257 1262 290 ·'··
1279 243 1511 308 SERMONES.
1926 249 1992 308 704

195 455 197 460 -
326 404 417 472 tuate
431 405 622 484 conjugium
646 405 733 484 quod
756 406 909 470 estinter
930 407 1121 485 episcopum
1176 405 1249 468 nuit
1257 405 1424 468 hominem
1437 403 1538 484 paulo
1548 404 1658 467 minus
1668 402 1710 466 ab
1722 405 1875 480 Angelis,
1893 407 1990 484 quod

326 503 359 565 et
373 503 567 574 Ecclesiam,
581 503 747 564 initiatum
758 503 880 566 dicitur
894 504 929 565 in
942 504 1119 580 electione;
1176 503 1310 566 mortali
1330 518 1468 582 corpore
1486 500 1622 563 vestivit
1642 518 1733 575 eum,
1751 503 1841 580 quod
1866 505 1991 580 angeli

326 601 436 663 ratum
444 600 1123 677 incontirmatione3consummatuminco·
1176 617 1242 662 non
1266 599 1399 660 habent.
1416 599 1562 677 Reliquit
1581 600 1736 671 Matrem,
1754 599 1843 662 idest
1875 617 1990 676 syna-

328 699 508 776 pulatione.
518 698 603 759 Illud
618 699 730 760 autem
744 701 934 778 conjugium
952 699 1038 778 quod
1060 715 1121 776 ego
1176 713 1295 773 gogam
1308 696 1349 757 de
1368 699 1463 773 cujus
1481 696 1584 772 stirpe
1601 696 1772 758 descendit
1786 698 1820 760 et
1835 697 1989 758 adhaesit

326 812 467 874 sponsus
501 812 575 858 cum
607 796 671 857 hac
696 813 770 857 mea
800 813 922 873 sponsa
948 797 1119 869 contraxi,
1176 794 1275 854 uxori
1290 809 1372 866 suae,
1394 793 1480 854 idest
1501 793 1670 862 Ecclesiae,
1696 793 1729 856 et
1750 795 1830 856 sunt
1855 795 1928 856 duo
1952 797 1986 854 in

327 893 425 956 simul
434 893 497 955 tuit
509 894 676 955 initiatum
688 894 721 956 et
732 895 852 966 ratum,
864 896 942 971 quia
952 896 1121 957 Romanus
1177 907 1277 953 carne
1291 907 1370 964 una,
1387 891 1465 969 quia
1486 890 1635 952 Ecclesia
1650 891 1702 953 est
1720 907 1844 968 corpus
1858 894 1895 954 et
1912 893 1987 970 ipse

327 990 482 1053 Pontifex
496 1006 569 1052 cum
585 991 729 1069 eligitur,
747 992 985 1068 confirmatum
1003 994 1122 1055 etcum
1178 991 1287 1067 caput.

327 1089 552 1162 confirmatur,
580 1089 726 1166 eligitur.
772 1090 934 1152 Similiter
973 1090 1123 1152 Christus
1219 1086 1393 1164 Sequitur:
1413 1085 1504 1148 Erat
1530 1085 1649 1149 Mater
1672 1090 1756 1149 Jesu
1780 1091 1838 1149 ibi.
1872 1091 1989 1151 Mater

327 1183 503 1265 spopondit
524 1186 719 1260 Ecclesiam,
745 1204 820 1249 cum
841 1188 911 1250 aits
936 1191 1023 1250 Ecce
1050 1192 1124 1264 Epo
1178 1188 1257 1248 iesu
1279 1183 1341 1246 tuit
1366 1183 1401 1244 in
1428 1183 1564 1260 nuptiis,
1590 1185 1668 1263 quia
1685 1185 1793 1246 virtus
1819 1189 1898 1263 ejus
1923 1187 1987 1248 tuit

326 1287 498 1348 vobiscum
515 1301 593 1346 sum
607 1301 714 1359 usque
734 1289 779 1347 ad
793 1287 1124 1348 consummationem
1179 1281 1345 1344 thalamus
1361 1282 1485 1359 sponsi.
1505 1281 1598 1343 Unde
1620 1282 1745 1352 David:
1765 1286 1809 1344 ln
1831 1289 1908 1344 sote
1919 1299 1987 1357 po-

326 1386 445 1444 soecutt
471 1379 602 1461 (Matth.
629 1398 748 1455 xxrrn,
777 1381 843 1457 20).
872 1382 1019 1444 Ecclesia
1047 1399 1126 1461 spo-
1178 1381 1249 1443 suit
1277 1380 1535 1442 tabernucutum
1562 1395 1676 1452 suum,
1710 1383 1911 1454 procedens
1945 1385 1984 1444 de

327 1477 453 1557 pendit,
471 1479 557 1540 sicut
575 1481 733 1541 Dominus
755 1497 815 1557 per
834 1484 952 1542 oseam
974 1479 1123 1558 prophe·
1180 1478 1327 1540 timiama
1340 1491 1402 1540 sno
1425 1474 1495 1555 (Ps.
1517 1477 1566 1549 18,
1584 1475 1630 1557 6).
1647 1479 1749 1539 Beata
1764 1477 1877 1538 Maria
1892 1478 1985 1539 dici-

327 1578 396 1638 tam
409 1575 488 1637 dicit
502 1597 510 1636 ε
526 1580 570 1638 In
581 1580 636 1638 die
658 1581 715 1638 itta
727 1581 858 1639 occubit
869 1593 936 1650 mc,
953 1581 1011 1639 vir
1024 1593 1125 1640 meus
1179 1576 1233 1636 tur
1245 1574 1305 1648 sol,
1316 1574 1394 1652 quia
1404 1575 1490 1636 sicut
1502 1574 1552 1636 sol
1564 1574 1732 1637 illuminat
1745 1575 1847 1648 diem,
1863 1576 1915 1637 ita
1926 1593 1986 1653 per

330 1669 428 1752 (Osee
440 1689 477 1744 11,
493 1671 556 1752 16),
570 1673 666 1745 idest,
683 1673 832 1735 Christus
847 1674 978 1737 vocabit
990 1691 1042 1736 me
1056 1677 1124 1736 Ec·
1178 1674 1314 1735 Beatam
1340 1671 1481 1732 Mariam
1503 1671 1710 1733 illuminatus
1735 1674 1785 1734 est
1808 1674 1983 1748 muudus3

329 1767 464 1831 clesiam
480 1785 635 1846 sponsam
651 1786 756 1843 suam,
775 1773 809 1832 et
827 1787 896 1833 non
917 1774 1048 1834 vocabit
1068 1788 1125 1834 me
1180 1771 1257 1848 quia
1272 1771 1358 1832 sicut
1372 1785 1432 1848 per
1446 1769 1603 1831 laminam
1619 1785 1707 1831 mors
1719 1771 1860 1832 intravit
1873 1772 1912 1832 iu
1927 1788 1984 1833 or-

327 1867 422 1928 uttru
433 1869 577 1938 Badium
593 1862 703 1945 (lbid),
721 1867 815 1944 quasi
831 1867 977 1929 diceret:
994 1869 1047 1928 Me
1064 1883 1126 1928 vo-
1178 1867 1263 1940 bem,
1282 1868 1327 1928 ita
1346 1883 1404 1944 per
1416 1866 1590 1929 mulierem
1602 1867 1671 1929 vita
1685 1868 1785 1930 rediit
1799 1869 1836 1929 in
1852 1869 1981 1940 orbem,

328 1962 416 2025 cabit
433 1963 542 2024 virum
563 1977 659 2023 suum
674 1964 707 2025 et
728 1980 794 2026 non
817 1963 951 2028 vocabit
973 1965 1122 2042 Baalym,
1179 1966 1212 2026 et
1235 1964 1320 2042 quod
1344 1965 1515 2028 damnarit
1535 1968 1614 2036 Eva,
1638 1965 1780 2028 salvavit
1799 1967 1924 2038 Maria,
1949 1969 1983 2026 ut

326 2059 423 2132 idest,
441 2075 506 2122 non
520 2060 671 2122 adorabit
694 2061 868 2123 Dominum
893 2062 1040 2123 alienum
1062 2061 1124 2122 sub
1180 2063 1267 2123 unde
1283 2078 1372 2125 mors
1391 2062 1560 2124 oriebatur
1579 2063 1658 2124 iude
1677 2063 1747 2124 vita
1770 2068 1979 2140 resurgeret.

326 2157 516 2220 nominibus
543 2158 718 2222 idolorum.
749 2159 842 2220 Unde
875 2159 911 2220 in
938 2159 1121 2236 Evangelio
1180 2161 1219 2244 Et
1234 2160 1319 2222 sicut
1334 2160 1383 2222 sol
1399 2162 1449 2223 est
1461 2159 1585 2222 clarior
1598 2160 1726 2222 cunctis
1741 2160 1979 2234 luminaribus,

326 2256 488 2318 Dominus
502 2255 650 2332 loquitur
663 2258 682 2318 J
685 2256 788 2318 udaeis
800 2278 808 2317 ε
830 2258 1016 2319 Generatio
1033 2263 1125 2320 mutu
1180 2258 1228 2319 sic
1243 2257 1315 2334 ipsa
1329 2258 1462 2334 dignior
1476 2258 1639 2321 creaturis
1653 2258 1818 2321 omnibus.
1834 2259 1980 2320 Proinde

328 2355 363 2416 et
389 2354 546 2416 adnitere
569 2351 700 2434 (Matth.
721 2353 873 2434 m1,39);
892 2354 981 2416 mala
1003 2354 1125 2417 dicitur
1179 2358 1266 2417 Deus
1282 2357 1393 2433 posuit
1404 2357 1439 2417 in
1454 2357 1535 2430 sole,
1551 2356 1647 2430 idest,
1664 2357 1700 2418 in
1715 2357 1818 2418 Beata
1838 2358 1978 2434 Virgine

328 2451 406 2529 quia
427 2449 535 2514 Judaei
555 2466 686 2528 semper
711 2450 845 2514 suerunt
872 2452 907 2512 in
936 2451 1064 2514 malitia
1092 2453 1125 2514 et
1178 2453 1428 2516 tabernaculum
1457 2469 1564 2527 suum,
1599 2454 1704 2527 idest,
1734 2453 1980 2517 habitationem

329 2549 503 2628 iniquitate
525 2549 639 2611 contra
665 2551 786 2625 Deum;
814 2549 966 2612 adultera
990 2549 1122 2623 dicitur,
1179 2567 1273 2612 suam
1290 2550 1367 2612 tecit
1381 2551 1478 2624 inea,
1490 2553 1523 2615 et
1537 2551 1614 2613 tecit
1628 2551 1693 2629 sibi
1707 2551 1977 2624 tabernaculum,

331 2646 409 2724 quia
424 2641 806 2725 ,geheratmjuoaeorum
828 2646 1001 2710 dimiserat
1014 2649 1123 2710 virum
1178 2649 1273 2721 idest,
1303 2664 1422 2725 corpus
1449 2649 1629 2710 humanum
1658 2665 1702 2710 ex
1726 2663 1777 2722 ea,
1805 2650 1908 2722 idest,
1938 2651 1977 2712 de

330 2757 438 2816 suum,
455 2743 592 2828 scilicet,
610 2747 712 2806 Deum
727 2745 840 2806 vivum
855 2746 889 2808 et
901 2760 1029 2818 rerum,
1039 2731 1123 2824 'quia
1177 2746 1274 2808 beata
1288 2746 1427 2822 Virgine
1443 2763 1517 2825 quae
1529 2763 1589 2824 per
1601 2763 1720 2809 novem
1745 2763 1882 2810 menses
1901 2766 1981 2827 por-

329 2842 427 2904 notus
441 2842 515 2904 erat
531 2845 617 2903 Deus
633 2842 670 2904 in
683 2845 702 2906 J
705 2842 799 2904 udaea
813 2844 952 2916 tantum,
973 2844 1006 2906 et
1019 2843 1124 2904 variis
1177 2844 1260 2906 tavit
1275 2860 1350 2906 eum
1364 2845 1400 2905 in
1412 2846 1518 2917 utero,
1534 2845 1567 2907 et
1583 2843 1653 2922 ipse
1665 2846 1826 2908 Dominus
1841 2863 1981 2923 proces-

329 2938 532 3001 amatoribus
555 2940 713 3017 tanquam
738 2941 900 3002 meretrix
921 2957 957 3001 se
982 2941 1124 3017 copula·
1179 2942 1222 3003 sit
1245 2939 1285 3002 de
1319 2943 1415 3004 utero
1450 2943 1597 3019 Virginis
1630 2945 1789 3022 tanquam
1819 2961 1978 3021 sponsus,

328 3035 433 3108 verat,
450 3035 587 3107 scihcet,
604 3037 716 3098 multis
740 3036 773 3098 et
786 3037 890 3098 variis
914 3036 1124 3100 observatio·
1177 3038 1273 3111 idest,
1299 3039 1502 3116 splendidus,
1524 3042 1660 3103 ornatus
1675 3043 1709 3104 et
1722 3041 1879 3103 decorus.
1902 3045 1980 3104 Nou

328 3131 426 3196 nibus
450 3131 483 3194 et
503 3132 678 3194 sacrificiis
703 3133 735 3195 et
756 3134 936 3196 erroribus.
965 3135 1059 3196 Unde
1077 3135 1125 3197 ait
1175 3137 1266 3198 enim
1291 3137 1451 3213 processit
1474 3127 1627 3200 sordidus
1644 3140 1779 3217 peccato
1805 3139 1978 3216 originali,

253 3309 255 3316 Α
328 3229 501 3294 Ezechiel:
521 3231 638 3302 Militis
657 3230 870 3294 amatoribus
888 3247 925 3293 se
949 3233 1124 3294 meretrico
1179 3233 1256 3310 quia
1271 3233 1333 3296 tuit
1348 3236 1527 3315 conceptus
1545 3235 1585 3298 de
1604 3237 1729 3314 Spiritu
1745 3238 1881 3310 Sancto,
1895 3239 1981 3299 sicut

328 3329 589 3403 utaoopuuvn,
603 3327 637 3390 et
650 3327 724 3390 ideo
741 3343 807 3390 non
823 3329 874 3391 est
888 3329 988 3406 digna
1010 3331 1124 3394 videre
1178 3332 1226 3394 ait
1239 3333 1385 3408 Angelus
1397 3334 1438 3394 ad
1454 3335 1643 3411 Virginem:
1662 3335 1815 3410 Spiritus
1828 3338 1981 3398 Senectus

329 3424 493 3488 miracula
505 3425 575 3498 Dei,
594 3425 672 3503 quia
687 3426 798 3487 omnia
815 3425 850 3487 in
865 3427 972 3503 ligura
988 3429 1123 3490 contin·
1177 3432 1398 3506 steperventet
1413 3432 1495 3493 inte
1509 3429 1601 3511 (Luc.
1614 3447 1636 3504 1,
1649 3431 1714 3510 35).
1728 3432 1792 3493 Sed
1806 3433 1868 3493 alii
1884 3435 1979 3510 pueri

328 3523 450 3602 gebant
474 3522 536 3585 illi.
562 3524 646 3585 Nam
669 3523 780 3584 omnia
803 3525 940 3603 antiqua
962 3526 1124 3588 miracula
1180 3530 1362 3590 nascuntur
1375 3526 1411 3590 iu
1431 3530 1567 3607 peccato
1591 3529 1763 3606 originali,
1785 3531 1876 3592 sicut
1897 3532 1980 3593 dicit

329 3623 436 3699 magis
448 3620 536 3684 tacta
551 3620 628 3682 sunt
642 3619 683 3682 ad
697 3622 948 3685 conversionem
964 3625 1122 3700 gentium,
1178 3627 1283 3688 David
1299 3643 1306 3683 ι
1322 3630 1410 3688 Ecce
1420 3629 1513 3689 enim
1528 3631 1565 3688 in
1578 3628 1818 3702 iniquitatibus
1830 3643 1980 3706 coracen-

330 3735 430 3800 quam
448 3719 490 3780 ad
511 3716 651 3780 salutem
675 3719 878 3794 iudaeorum,
899 3721 985 3783 sicut
1004 3722 1125 3785 dicitur
1179 3725 1325 3786 tuscum
1339 3721 1408 3803 (Ps.
1424 3725 1475 3796 50,
1491 3724 1536 3804 7).
1553 3727 1624 3787 Nec
1640 3725 1703 3787 tuit
1717 3729 1899 3804 coliceptus
1914 3729 1978 3788 ali-

327 3832 388 3897 per
408 3816 614 3880 Ezechielem
633 3817 852 3894 prophetam:
876 3821 956 3882 Non
978 3822 1125 3894 propter
1179 3837 1244 3898 qua
1264 3821 1474 3884 immunditia
1502 3823 1641 3897 carnali,
1670 3825 1756 3886 sicut
1782 3825 1843 3886 alii
1867 3827 1974 3902 pueri,

328 3931 390 3978 eos
408 3931 469 3992 epo
483 3915 583 3990 tucio,
599 3916 682 3976 dicit
700 3917 879 3988 Dominus,
901 3919 963 3978 sed
979 3918 1125 3991 propter
1179 3919 1257 3996 quia
1271 3919 1334 3982 iste
1349 3921 1562 3996 processitde
1575 3921 1723 3984 thalamo
1734 3937 1805 3994 sue,
1822 3921 1921 3994 idest,
1938 3924 1976 3984 de

328 4028 454 4076 nomen
482 4027 599 4073 meum
630 4011 669 4074 ut
698 4014 812 4074 sciunt
837 4015 957 4089 pentes
990 4011 1122 4093 (Ezech.
1178 4017 1327 4092 Virginis
1341 4017 1459 4079 Matris
1475 4020 1580 4080 utero.
1596 4019 1699 4081 Beata
1713 4019 1821 4080 Maria
1841 4021 1896 4081 est
1909 4023 1974 4082 bla-

328 4106 533 4186 xxxv1,22).
562 4108 655 4170 Unde
683 4109 881 4186 completum
901 4112 951 4172 est
976 4111 1063 4188 quod
1089 4111 1124 4173 in
1177 4113 1229 4176 ter
1241 4116 1322 4177 iesu
1339 4115 1372 4177 et
1391 4115 1441 4176 est
1464 4115 1618 4194 princeps
1637 4117 1800 4178 castitatis
1815 4118 1848 4178 et
1870 4117 1974 4180 torma

329 4206 450 4268 Genesi
462 4203 580 4266 tuerat.
591 4205 804 4281 praedictum:
821 4208 973 4282 Propter
991 4211 1053 4271 boc
1066 4225 1125 4272 rc-
1177 4227 1244 4272 non
1264 4212 1371 4274 solum
1390 4213 1587 4289 virginibus
1613 4214 1670 4275 sed
1686 4215 1718 4276 et
1737 4217 1928 4293 conjugatis
1943 4217 1974 4278 et

328 4304 457 4378 linquet
469 4307 568 4364 bonno
579 4303 767 4376 putremet
786 4305 937 4366 matrem
951 4307 986 4368 et
1004 4311 1122 4370 adbee-
1177 4308 1298 4371 viduis.
1319 4311 1463 4372 Proinde
1483 4327 1691 4389 summopere
1715 4312 1903 4374 curandum
1928 4317 1973 4377 est

328 4401 418 4464 redit
431 4403 538 4462 unori
548 4415 634 4472 suoe,
647 4401 680 4462 et
691 4400 795 4462 erunt
806 4405 872 4463 dno
884 4406 921 4464 tn
933 4419 1038 4466 curne
1052 4422 1123 4468 nno
1178 4408 1214 4468 ut
1226 4407 1333 4468 Mater
1346 4410 1427 4470 iesu
1442 4424 1575 4487 semper
1591 4409 1633 4471 sit
1650 4410 1685 4471 in
1699 4410 1821 4472 vestris
1836 4412 1970 4488 nuptiis.

329 4497 425 4580 (Gen.
439 4512 476 4570 11,
489 4495 555 4577 24).
587 4499 692 4560 Homo
714 4497 863 4560 Christus
877 4503 974 4564 iesus
989 4502 1124 4581 reliquit
1176 4507 1268 4566 'runc
1285 4504 1373 4565 euim
1389 4504 1506 4568 adesse
1527 4507 1693 4582 dignatur,
1717 4524 1792 4569 cum
1814 4509 1905 4570 inter
1924 4511 1974 4571 ri-

329 4597 463 4660 Patrem
474 4611 541 4657 non
556 4597 777 4674 separatione,
788 4598 874 4676 quod
889 4601 1017 4676 patrem
1032 4601 1124 4664 dese·
1176 4618 1250 4664 rum
1267 4603 1300 4664 et
1313 4605 1488 4680 conjugem
1507 4605 1644 4667 castitas
1659 4604 1789 4670 illibata
1809 4608 1970 4677 servatur,

328 4693 469 4758 ruerita
491 4709 555 4771 quo
578 4709 748 4772 nunquam
768 4697 918 4770 recessit,
941 4699 998 4760 sed
1014 4700 1123 4762 mino-
1177 4702 1213 4763 ut
1228 4701 1394 4774 videlicet,
1411 4718 1472 4764 uec
1492 4703 1612 4764 mulier
1632 4705 1814 4779 cognoscat
1829 4705 1972 4783 aliquem

327 4791 457 4856 ratione
470 4792 548 4870 quia
563 4807 697 4854 carnem
710 4793 888 4871 accipiens,
903 4797 1033 4872 quando
1048 4797 1123 4858 exi·
1176 4800 1297 4877 praeter
1311 4799 1420 4860 virum
1433 4815 1539 4873 suum,
1557 4815 1618 4862 nec
1633 4799 1685 4863 vir
1694 4800 1842 4880 aliquam
1851 4803 1973 4879 praeter

327 4891 679 4967 nanivitsemetipsum
689 4891 829 4954 sormam
842 4895 930 4955 servi
941 4894 1119 4970 accipiens,
1177 4913 1314 4960 uxorem
1330 4913 1435 4960 suam.
1521 4947 1524 4954 .

326 4988 362 5050 in
378 4987 629 5050 similitudinem
642 4987 813 5050 hominum
827 4988 944 5061 tactus,
962 4992 994 5053 et
1006 4990 1121 5054 habitu
1222 4998 1364 5058 Vocatus
1376 4985 1556 5058 astantem
1570 5000 1672 5059 lesus
1683 4999 1717 5060 et
1729 5001 1889 5074 dampnis·
1900 5004 1973 5074 ajars

325 5083 481 5149 inventus
496 5085 532 5146 ut
540 5085 655 5157 homo,
672 5102 739 5147 non
754 5087 860 5148 solum
882 5087 992 5150 minor
1014 5088 1120 5153 factus
1175 5095 1219 5154 ad
1233 5094 1383 5166 riuptius.
1399 5094 1558 5155 Dominus
1573 5096 1670 5156 iesus
1683 5095 1734 5156 est
1748 5098 1887 5159 vocatus
1904 5099 1973 5158 tan·

325 5187 377 5246 est
389 5184 502 5256 Patre,
517 5184 575 5248 aed
590 5183 624 5248 et
643 5184 792 5261 Angelis,
816 5185 995 5248 secundum
1015 5187 1118 5250 illud:
1175 5205 1273 5267 quam
1296 5205 1437 5268 sponsus
1452 5190 1492 5251 ad
1509 5191 1643 5268 nuptias
1662 5192 1800 5253 vocibus
1816 5195 1849 5255 et
1864 5197 1972 5270 preci-

324 5283 486 5346 Minuisti
512 5297 592 5344 eum
620 5287 725 5357 punto
759 5285 875 5344 mitius
909 5285 950 5345 ab
982 5289 1120 5362 Atinatis
1174 5287 1235 5348 bus
1252 5287 1493 5364 Prophetarum
1507 5289 1540 5350 et
1554 5290 1743 5352 sanctorum
1763 5288 1969 5356 dicentium:

325 5379 396 5462 (Ps.
415 5381 446 5454 8,
462 5378 508 5460 6),
525 5380 604 5458 quia
623 5379 761 5456 spiritus
781 5380 975 5456 angelorum
999 5384 1032 5444 et
1051 5385 1121 5461 spi·
1180 5389 1273 5458 Veni,
1282 5388 1439 5458 Domine,
1447 5387 1481 5448 et
1494 5390 1563 5449 noti
1576 5388 1730 5450 tardare.
1739 5391 1884 5465 Symeon
1895 5408 1970 5468 pro-

324 5477 410 5541 ritus
432 5477 603 5540 hominum
627 5477 775 5556 ejusdem
797 5479 941 5552 naturae,
970 5481 1004 5542 et
1025 5484 1118 5560 ejus·
1173 5483 1273 5564 pheta
1286 5483 1388 5546 dixit:
1401 5483 1502 5546 Putas
1517 5484 1717 5546 videboiEt
1729 5490 1969 5562 quiprceibout

325 5574 398 5638 dem
423 5573 652 5642 similitudinis
670 5577 758 5638 sunt.
785 5575 848 5642 Sed
872 5577 1030 5642 Dominus
1051 5579 1118 5644 mi·
1173 5585 1208 5646 ei
1224 5586 1283 5660 qui
1293 5582 1524 5656 sequebantur
1536 5583 1728 5648 clamabant
1738 5601 1749 5645 :
1763 5587 1968 5650 Benedictus
