4078 6442
185 311 245 372 457

180 467 355 530 denarium
377 469 526 540 reddere,
550 468 583 529 et
608 467 855 531 forisfacturam
881 470 977 546 epis·

183 567 259 643 copi
273 567 305 627 et
319 567 419 642 regis.
439 567 531 638 Quod
547 567 576 626 si
592 567 704 644 plures
719 567 832 628 domos
847 566 977 629 habue-

181 664 241 736 rit,
267 663 306 724 de
330 663 405 736 illa,
431 663 488 725 ubi
518 664 668 726 residens
696 663 808 736 suerit,
838 664 976 726 infesto

179 761 512 838 ApostolorumPetri
520 761 553 822 et
563 761 659 822 Pauli
667 761 840 823 denarium
848 762 974 824 reddat.

342 904 431 967 Item
444 906 523 965 attor
534 907 571 965 tn
587 907 704 965 codem
717 905 813 966 libro.

221 1055 368 1117 Pecunia
380 1055 492 1117 antem
502 1056 614 1117 Sancti
625 1055 727 1130 Petri,
738 1072 836 1134 quam
845 1055 976 1132 Anglici

179 1154 383 1216 Romoschot
402 1154 532 1226 vocant,
561 1153 604 1214 sit
629 1154 798 1230 persoluta
824 1154 859 1214 in
890 1153 976 1215 testo

181 1252 293 1314 Sancti
316 1251 406 1312 Petri
429 1252 464 1311 in
483 1251 647 1329 principio
673 1250 812 1327 Augusti
838 1252 972 1312 mensis,

180 1366 198 1408 «
214 1350 253 1410 nt
269 1349 325 1426 qui
348 1364 415 1411 non
431 1364 469 1410 eo
485 1349 538 1410 die
553 1349 761 1425 persolverit,
778 1348 910 1410 etiamsi
926 1349 976 1410 est

183 1463 269 1506 unus
285 1446 453 1518 denarius,
470 1447 527 1522 qui
539 1445 619 1506 dare
631 1461 706 1506 eum
720 1445 844 1518 debuit,
865 1446 898 1508 et
910 1463 975 1506 non

180 1541 443 1624 dedit„accipiat
468 1541 630 1614 eumdem,
654 1543 687 1602 et
701 1541 838 1618 insuper
860 1543 900 1602 30
914 1542 975 1602 de-

183 1639 297 1700 narios
327 1640 361 1700 et
382 1638 490 1716 portet
512 1641 640 1700 Romae.
667 1639 707 1701 Et
724 1655 824 1716 quum
849 1639 975 1701 dederit

179 1735 245 1796 tale
264 1735 395 1810 signum
411 1751 523 1796 secum
541 1736 699 1814 reportet,
716 1738 753 1797 ut
769 1736 894 1798 certum
918 1736 972 1805 sit,

180 1832 265 1910 quod
283 1835 396 1893 Romae
418 1831 529 1904 suerit,
551 1834 584 1893 et
604 1832 700 1894 heato
722 1833 820 1894 Petro
844 1833 892 1893 ibi
912 1833 975 1894 tri-

178 1931 272 2006 ginta
283 1930 315 1991 et
328 1947 429 1990 unum
443 1930 627 2002 denarium,
640 1930 726 1992 sicut
738 1929 895 1993 statutum
911 1930 972 2001 est,

178 2027 387 2104 persolverit.
416 2029 521 2098 Quum
550 2030 659 2088 autem
692 2043 846 2090 reversus
874 2027 975 2088 luerit

177 2125 321 2198 domum,
350 2125 519 2201 persolvat
544 2125 615 2202 regi
635 2126 809 2202 sexaginta
834 2125 969 2186 solidos.

180 2223 214 2284 Si
233 2238 312 2284 vero
332 2222 418 2283 idem
438 2221 583 2284 secundo
605 2222 793 2292 retinuerit,
818 2223 974 2284 similiter

178 2320 313 2381 omnino
336 2319 447 2382 saciat.
468 2319 579 2382 Tertio
601 2321 712 2382 autem
737 2319 762 2380 si
784 2321 970 2392 retinuerit,

177 2417 374 2479 auferantur
396 2417 427 2479 ei
443 2418 553 2478 omnia
566 2416 653 2478 bona
669 2432 740 2478 sna.
756 2434 774 2478 »

215 2616 972 2679 Audet-AnnalistaSaxoabllccardoeditns

176 2714 341 2790 originem
367 2713 528 2790 ejusmodi
554 2729 674 2775 census
698 2714 739 2775 ad
767 2729 891 2774 annum
914 2715 974 2774 890

177 2810 290 2872 refert.
313 2811 438 2872 Alanus
461 2811 548 2872 enim
568 2825 640 2883 rex,
661 2811 877 2872 Nortmannis
897 2811 974 2872 Bri-

178 2907 327 2968 tanniam
359 2907 617 2977 infestantibus,
658 2908 843 2970 coadunata
883 2908 970 2970 omni

177 3004 362 3077 Britannia,
381 3021 581 3082 vovensque,
605 3004 633 3065 si
657 3021 717 3082 per
735 3005 881 3068 divinam
907 3006 972 3068 vir-

176 3100 278 3160 tutem
293 3100 456 3174 vinceret,
478 3100 623 3162 decimas
645 3099 807 3164 bonorum
824 3102 970 3163 omnium

175 3197 357 3258 Britanniae
370 3200 437 3259 Deo
453 3201 485 3260 et
500 3199 620 3260 Sancto
635 3199 733 3260 Petro
747 3201 885 3260 Romam
900 3199 971 3260 des·

175 3292 294 3366 tinere,
311 3293 404 3356 tanta
420 3295 532 3370 strage
551 3293 662 3355 hostes
676 3294 792 3370 praelio
814 3294 909 3368 ludit,
935 3297 970 3357 ut

176 3405 219 3451 ex
245 3391 431 3468 quindecim
471 3391 618 3452 millibus
653 3391 712 3452 vix
737 3392 969 3470 quadringenti

174 3487 216 3547 ad
258 3489 399 3550 classem
429 3488 631 3564 refugerent.
673 3491 781 3560 Quare
816 3492 968 3566 suspecta

174 3585 257 3645 mihi
275 3587 325 3647 est
336 3585 517 3648 auctoritas
531 3585 690 3660 Polydori
702 3585 836 3660 Virgilii
851 3602 969 3648 recen-

174 3682 217 3742 tis
236 3682 334 3758 plane
349 3682 511 3752 historici,
534 3682 646 3758 utpote
662 3681 729 3757 qui,
746 3697 834 3744 anno
846 3683 968 3746 Christi

175 3779 270 3852 1534,
301 3780 498 3841 Historiam
524 3781 750 3858 Anpltcanam
784 3779 965 3853 scribebat,

174 3875 252 3938 licet
291 3877 363 3954 ejus
406 3875 597 3938 testimonio
620 3875 822 3938 ‘cardinalis
858 3876 967 3940 Baro-

172 3973 249 4035 nius
290 3974 413 4034 utatur.
450 3971 572 4035 Scribit
604 3971 683 4044 ille,
724 3975 817 4034 lnam
853 3990 965 4052 regem

171 4071 354 4148 Anglorum
383 4070 516 4132 circiter
544 4087 668 4132 annum
698 4073 758 4132 740
783 4089 801 4132 a
827 4089 966 4150 regnum

172 4185 268 4230 suum
291 4171 440 4230 Romano
469 4169 623 4230 Pontifici
647 4168 809 4245 vectigale
832 4169 964 4245 secisse,

172 4265 313 4342 singulis
335 4266 503 4341 argenteis
522 4265 678 4338 nummiS,
704 4281 784 4344 quos
804 4255 965 4330 'denarios

172 4363 308 4436 vocant,
344 4364 381 4424 in
416 4363 564 4438 singulas
599 4364 713 4424 domos
748 4363 965 4442 impositis.»

171 4463 253 4522 Tum
288 4460 409 4534 Oltam,
444 4477 484 4522 ac
515 4460 718 4538 Athulphum
748 4478 862 4537 reges,
893 4466 964 4542 ejus

170 4559 358 4636 exemplum
377 4557 481 4620 tuisse
499 4558 656 4624 imitatos.
682 4561 762 4622 Tam
783 4560 873 4637 pium
897 4563 964 4623 inae

170 4657 260 4733 regis
276 4655 406 4717 facinus
421 4656 619 4732 ignorarunt
632 4659 761 4718 veteres
782 4658 963 4734 Anglorum

171 4753 332 4816 historici.
371 4755 480 4823 Unde,
514 4770 638 4830 quaeso,
668 4754 751 4814 illud
780 4755 963 4832 Polydorus

170 4851 331 4927 Virgilius
361 4851 513 4912 edidicitt
546 4851 700 4912 Attamen
734 4851 830 4914 titulo
861 4855 964 4916 debiti

169 4949 332 5027 ejusmodi
348 4965 467 5010 census
480 4963 499 5009 a
514 4948 683 5010 Britannis
699 4949 960 5026 persolvebatur.

170 5047 316 5110 Ganutus
328 5061 389 5109 rex
403 5046 489 5124 apud
505 5045 832 5108 hlalmesburiensem
847 5047 904 5108 lib.
920 5051 960 5120 ll,

169 5159 242 5222 cap.
264 5145 294 5216 2,
308 5143 381 5206 haec
395 5143 437 5204 ad
453 5159 549 5204 suurn
564 5143 722 5220 populum
735 5143 964 5220 perscribebat

169 5257 257 5302 anno
285 5242 390 5301 1027:
420 5256 439 5299 ι
466 5240 620 5302 Obtestor
642 5255 758 5300 omnes
790 5241 984 5320 episcopos

169 5355 272 5411 meoS,
297 5337 330 5399 et
352 5336 445 5413 regni
471 5337 536 5400 mei
564 5338 771 5414 praepositos
800 5339 961 5414 quatenus

168 5435 313 5508 faciatis,
338 5436 375 5496 ut
393 5436 568 5511 antequam
591 5435 626 5495 in
645 5434 798 5511 Angliam
817 5437 959 5510 veniam,

168 5535 315 5595 omnium
328 5533 449 5605 debita,
467 5549 540 5610 quae
556 5533 734 5594 secundum
750 5532 857 5610 legem
874 5536 962 5596 anti-

167 5648 266 5712 quam
305 5629 477 5700 debemus,
514 5630 580 5692 sint
614 5631 799 5706 persoluta,
835 5632 961 5696 scilicet

827 309 951 368 LIBER
972 309 1183 369 CENSUUM.

1771 314 1829 373 458

1033 469 1242 549 eleemosyna
1271 485 1331 547 pro
1360 469 1493 540 aratris,
1524 469 1599 541 etc,
1626 471 1658 530 et
1680 470 1827 540 denarii',

1032 585 1115 645 qnos
1135 571 1273 630 Romam
1290 566 1414 630 debetis
1434 567 1505 628 sive
1522 583 1565 627 ex
1590 567 1737 639 urbibus,
1757 569 1828 630 sive

1031 681 1074 726 ex
1093 667 1193 728 villis.
1215 682 1234 726 s
1258 665 1378 726 Eodem
1403 679 1533 742 quoque
1552 666 1674 726 saeculo
1699 666 1827 728 litteras

1031 762 1213 823 Guillielmi
1227 766 1241 823 Ι
1255 761 1427 834 habemus,
1443 762 1484 822 ab
1506 762 1664 822 Hickesio
1685 763 1827 840 evulga-

1029 860 1097 931 tas,
1128 860 1307 937 inquibus
1336 859 1396 920 snb
1421 860 1516 936 gravi
1542 876 1641 936 poena
1671 861 1825 932 mandat,

1029 975 1048 1018 a
1071 959 1106 1018 ut
1122 958 1252 1019 denarii
1275 959 1387 1020 Sancti
1409 959 1500 1019 Petri
1522 958 1727 1019 solvantura
1745 959 1827 1020 meis

1029 1055 1196 1116 vassallis.
1223 1074 1242 1116 p
1270 1058 1438 1118 Praeterea
1472 1056 1680 1133 perspectum
1706 1056 1826 1129 haheo,

1030 1153 1083 1214 vel
1095 1153 1186 1230 ipsos
1205 1154 1444 1231 Angliaereges
1459 1153 1538 1214 olim
1554 1170 1626 1216 sese
1650 1155 1827 1230 agnovisse

1030 1252 1132 1312 veluti
1146 1251 1284 1313 clientes
1299 1252 1398 1328 atque
1413 1251 1576 1314 vassallos
1588 1255 1747 1313 Romanae
1764 1255 1827 1312 Ec-

1031 1348 1153 1410 clesiae.
1179 1350 1214 1410 ld
1239 1351 1320 1410 Acta
1341 1350 1414 1428 ipsa
1435 1349 1569 1427 publica
1592 1352 1665 1426 ejus
1689 1351 1827 1425 regnia

1030 1449 1175 1524 Rymero
1191 1447 1437 1520 collecta,tomo
1453 1451 1478 1516 l,
1488 1447 1696 1519 confirmant,
1708 1447 1744 1508 ut
1758 1447 1826 1510 alia

1030 1545 1245 1608 monumenta
1270 1547 1477 1624 praeteream.
1506 1547 1580 1618 Non
1602 1545 1751 1606 omittam
1769 1548 1825 1606 ta-

1029 1657 1105 1702 men
1133 1641 1263 1703 litteras
1284 1641 1423 1702 Honorii
1446 1643 1491 1701 111
1510 1644 1621 1716 Papae,
1637 1656 1726 1702 anno
1748 1643 1825 1700 1218

1029 1737 1135 1807 datas,
1149 1739 1183 1800 et
1194 1738 1339 1798 nondum
1354 1738 1427 1798 luce
1448 1737 1597 1809 donatas,
1615 1736 1733 1814 quibus
1753 1738 1824 1814 pri-

1028 1834 1187 1912 vilegium
1220 1835 1361 1897 monetae
1396 1850 1590 1897 concessum
1617 1851 1636 1895 a
1671 1835 1824 1896 iohanne

1027 1933 1155 2008 Angliae
1177 1949 1256 2010 rege
1271 1932 1430 1994 Savarico
1452 1933 1491 1994 de
1511 1932 1711 2004 Maloleone,
1735 1935 1825 1994 Pon-

1028 2030 1110 2092 tifex
1126 2031 1197 2107 ipse
1213 2029 1401 2103 confirmat3
1417 2031 1485 2090 imo
1503 2046 1649 2090 marcam
1669 2029 1744 2090 auri
1760 2029 1824 2089 sin-

1027 2127 1114 2204 gulis
1129 2128 1226 2188 annis
1239 2128 1280 2188 ab
1295 2143 1335 2188 eo
1348 2142 1487 2188 camerae
1504 2126 1686 2187 Pontificiae
1701 2127 1825 2202 persol-

1027 2225 1169 2286 vendam
1185 2224 1311 2296 indicit,
1330 2224 1372 2285 ad
1388 2224 1547 2286 indicium
1563 2223 1823 2286 confirmationis

1028 2337 1048 2382 a
1068 2321 1152 2382 Sede
1166 2320 1354 2398 Apostolica
1372 2321 1524 2383 obtentae.
1547 2323 1744 2397 supremum
1760 2320 1823 2382 do-

1028 2419 1166 2480 minium
1191 2418 1255 2480 ista
1281 2418 1432 2480 redolere
1460 2418 1544 2480 mihi
1567 2419 1732 2480 videntur.
1761 2418 1822 2478 Hic

1027 2517 1137 2578 autem
1161 2516 1277 2579 titulus
1303 2516 1427 2578 chartae
1451 2515 1715 2594 praeponebatur.

1027 2719 1077 2777 De
1088 2729 1193 2778 cerno
1205 2719 1309 2777 aazias
1322 2729 1451 2778 marcor
1465 2717 1546 2776 cart
1559 2714 1669 2776 debito
1683 2729 1706 2774 a
1722 2715 1823 2774 noodr·

1060 2815 1138 2875 otro
1151 2815 1318 2875 Savarico
1331 2815 1373 2874 de
1386 2816 1584 2879 Maloleone,
1596 2825 1687 2874 antro
1700 2811 1786 2870 1218.

1068 2990 1235 3054 Honorius
1257 2989 1430 3068 episcopus
1448 2990 1523 3055 etc..
1545 2986 1665 3049 dilecto
1681 2985 1748 3048 tilio
1762 3002 1823 3048 no·
1875 2986 1877 2991 ’

1025 3088 1085 3149 hili
1110 3089 1183 3150 viro
1213 3087 1371 3150 Savarico
1400 3087 1440 3148 de
1468 3085 1653 3150 Maloleone
1675 3083 1824 3146 crucesi-

1024 3189 1136 3262 gnat0,
1153 3187 1215 3248 etc.

1064 3284 1191 3346 Invicta
1213 3283 1305 3352 fides,
1323 3282 1356 3344 et
1372 3281 1501 3344 devotio
1525 3279 1702 3348 indelessa,
1723 3295 1822 3356 quarn

1024 3397 1103 3458 erga
1125 3381 1223 3442 clarae
1248 3379 1416 3440 memoriae
1435 3380 1477 3449 J.,
1494 3393 1606 3454 regem
1627 3376 1820 3452 anglorum,

1022 3477 1171 3540 nosceris
1192 3476 1360 3545 habuisse,
1386 3475 1418 3537 te
1444 3489 1483 3536 ao
1506 3473 1563 3535 tua
1587 3473 1739 3549 ponendo
1763 3489 1822 3548 pro

1022 3573 1106 3650 ipso,
1124 3575 1210 3634 sicut
1224 3571 1275 3633 illi
1295 3570 1468 3632 materiam
1483 3569 1648 3648 praestitit,
1664 3570 1696 3630 te
1712 3569 1822 3644 dignis

1023 3669 1215 3730 muneribus
1234 3667 1431 3740 honorandi,
1446 3667 1495 3726 sic
1516 3667 1549 3726 et
1567 3665 1663 3726 nobis
1686 3665 1751 3726 tuis
1766 3682 1822 3727 re-

1022 3765 1308 3830 munerationibus
1319 3763 1498 3842 praestandi
1514 3761 1661 3824 favorem
1672 3779 1738 3823 non
1751 3763 1819 3822 im-

1022 3865 1140 3928 merito
1152 3862 1340 3942 persuadet,
1354 3861 1391 3923 ut
1403 3865 1460 3922 tna
1474 3861 1563 3921 circa
1575 3876 1648 3921 eum
1659 3861 1754 3936 grata
1767 3859 1822 3920 ob-

1022 3953 1189 4042 sequia,et
1198 3962 1304 4038 ipsius
1313 3958 1666 4036 ergateretributivam
1677 3959 1819 4034 gratiam

1021 4060 1261 4139 approbantes,
1289 4057 1460 4135 utriusque
1490 4055 1666 4118 reddamus
1700 4046 1819 4116 exinde

1020 4157 1307 4223 honorificentiam
1322 4155 1508 4216 clariorem.
1523 4157 1628 4226 Quum
1643 4153 1755 4232 igitur,
1774 4155 1821 4214 si-

1020 4251 1819 4330 cutnobistuaexhibitapetitiocontinehat,iden1

1020 4371 1081 4417 rex
1104 4353 1250 4431 pensatis
1269 4351 1335 4414 tuae
1360 4350 1545 4412 devotionis
1572 4349 1758 4436 obsequiis,
1784 4351 1819 4409 in

1019 4453 1109 4516 terra
1123 4452 1180 4514 tua
1195 4448 1352 4512 cudendae
1376 4449 1516 4510 monetae
1531 4447 1592 4509 tibi
1616 4447 1755 4510 liberam
1778 4448 1818 4508 de

1019 4549 1219 4613 liberalitate
1233 4547 1326 4624 regia
1340 4545 1541 4608 concesserit
1553 4544 1754 4614 facultatem,
1772 4545 1820 4605 si-

1019 4649 1074 4710 cut
1097 4648 1133 4709 in
1157 4649 1228 4724 eius
1248 4644 1368 4707 litteris
1387 4643 1517 4722 plenius
1542 4644 1740 4712 continetur,
1757 4660 1818 4704 nos

1019 4744 1267 4809 concessionem
1288 4741 1478 4819 hujusmodi
1497 4740 1626 4816 gratam
1646 4741 1816 4812 habentes,

1019 4829 1092 4905 cam
1106 4840 1177 4912 tibi,
1190 4839 1276 4902 sicut
1286 4838 1391 4915 ipsam
1402 4837 1492 4914 iuste
1507 4836 1635 4898 obtines
1648 4836 1681 4898 et
1693 4837 1814 4914 quiete,

1018 4937 1214 5002 auctoritate
1226 4935 1415 5014 apostolica
1429 4933 1674 5008 confirmamus
1684 4935 1717 4997 et
1728 4953 1818 5014 prae-

1018 5037 1121 5100 sentis
1143 5033 1258 5110 scripti
1280 5031 1464 5112 patrocinio
1485 5032 1736 5094 communimus.
1766 5034 1815 5098 Ad

1017 5133 1177 5198 indicium
1203 5131 1314 5194 autem
1337 5130 1437 5208 hujus
1462 5145 1483 5199 a
1511 5127 1597 5191 Sede
1624 5130 1815 5208 apostolica

1018 5227 1278 5294 confirmationis
1293 5225 1447 5299 obtentae,
1465 5241 1564 5290 unam
1579 5242 1725 5289 marcam
1739 5231 1813 5290 auri

1017 5330 1114 5393 annis
1130 5326 1282 5404 singulis,
1295 5325 1413 5402 quihus
1426 5323 1560 5386 moneta
1572 5324 1647 5401 ipsa
1663 5327 1811 5401 cudetur,

1016 5427 1112 5490 nobis
1122 5427 1155 5489 et
1165 5422 1812 5487 successoribusnostrisexsolves.Nulli

1017 5543 1095 5602 ergo
1111 5523 1244 5588 omnino
1260 5521 1431 5582 hominum
1446 5520 1545 5582 liceat
1560 5520 1646 5583 hanc
1657 5521 1812 5600 paginam

1017 5627 1138 5686 nostrae
1150 5618 1410 5684 confirmationis
1422 5617 1674 5694 ins1·ingorc,vel
1687 5623 1718 5682 ei
1730 5639 1814 5684 ausu
