4106 6422
651 337 760 400 ORDO
783 337 998 404 ROblANUS.
1612 348 1651 408 54

13 524 32 584 i
49 523 192 586 accedit
209 523 250 584 ad
271 522 395 594 altare,·
408 522 441 581 et
452 519 564 596 aperto
578 517 676 578 altari
689 519 802 581 extra·
856 523 978 596 nostri,
993 524 1054 584 etc.
1070 525 1175 594 Quum
1186 522 1599 585 autemveneritdiaconus
1609 525 1651 586 ad

13 621 37 681 it
52 621 143 682 inde
156 621 265 698 capita
278 618 500 697 apostolorum
509 616 599 677 Petri
609 618 641 677 et
649 615 745 676 Pauli
753 613 800 692 (1)
856 619 964 681 locum
977 620 1178 690 ubidicitur,
1193 623 1277 683 Post
1288 626 1360 683 boec
1379 623 1496 684 autom
1514 626 1652 698 rooaon

13 735 17 778 ;
32 719 132 781 (luas
146 735 272 781 cruces·
286 719 366 789 011ae
378 716 489 777 omnia
505 715 678 793 1108111ΰᾶ111
695 712 803 774 domi·
855 719 1008 779 Pontem
1022 722 1159 794 Josepo,
1174 719 1235 780 etc.
1250 719 1395 796 acolythi
1412 719 1653 796 repraesentant

13 833 55 875 us
72 821 173 894 Papa
185 833 259 878 cum
272 813 496 876 cardinalibus
507 811 674 874 osculatus
689 809 799 878 suerit,
856 830 899 873 ex
919 830 1011 876 more
1029 813 1234 875 thuribulum
1254 831 1329 876 cum
1350 816 1498 884 incenso,
1519 815 1552 876 et
1574 830 1654 890 por-

13 915 136 989 iponit
159 913 280 975 ibidem
302 934 308 971 :
330 913 363 972 et
385 911 520 987 accepta
545 925 612 970 una
635 923 743 978 cruce,
770 905 802 967 et
856 911 927 974 tant
951 913 993 972 ad
1024 913 1233 988 evangelium
1259 935 1266 972 ε
1289 913 1446 990 finitoque
1466 912 1652 988 evangelio,

13 1025 124 1070 erum
139 1010 283 1086 sigillato
296 1009 406 1076 altari,
430 1023 515 1068 unus
535 1006 801 1084 presbyterorum
857 1008 1078 1072 subdiaconus
1118 1010 1335 1087 repraesentat
1381 1011 1513 1072 domino
1554 1013 1653 1087 Papae

13 1108 225 1169 ardinalium
240 1123 372 1169 crucem
391 1106 523 1182 accipit,
537 1106 570 1166 et
581 1105 630 1165 sic
641 1103 732 1164 vadit
745 1118 803 1162 us-
847 1108 1065 1184 -evangelium
1087 1109 1128 1169 ad
1150 1108 1384 1184 osculandum3
1399 1107 1653 1185 1111013010,ᾱο-

13 1222 58 1266 ue
74 1207 122 1266 ad
136 1205 310 1267 ecclesiam
324 1203 591 1272 Lateranensam,
606 1202 678 1262 sine
690 1199 802 1277 aliquo
858 1205 966 1266 minus
979 1209 1069 1283 Papa
1082 1207 1161 1267 dicit
1174 1207 1351 1268 orationes.
1366 1208 1473 1277 Quum
1488 1206 1600 1267 autem
1612 1205 1654 1266 ad

12 1305 103 1364 antu
117 1305 151 1366 et
167 1303 304 1381 psalmis
319 1325 326 1363 :
342 1303 493 1380 iactaque
512 1301 559 1362 ibi
578 1299 728 1362 oratione
747 1313 804 1358 as·
858 1304 1040 1364 orationem
1058 1307 1077 1366 J
1080 1304 1250 1365 udaeorum
1268 1303 1407 1374 venerit,
1433 1318 1499 1366 non
1521 1302 1654 1370 dicitur,

12 1401 115 1463 endit
127 1401 318 1464 cathedram
332 1401 406 1478 post
417 1400 533 1462 altare.
546 1402 639 1459 Tunc
650 1396 803 1458 dominus
858 1403 1052 1463 Plaetorius
1063 1417 1187 1478 oetaeo,
1202 1402 1280 1478 quia
1299 1401 1364 1478 ipsi
1384 1400 1446 1460 hac
1466 1400 1519 1460 die
1538 1400 1654 1460 Domi-

12 1509 94 1576 'apa
108 1500 217 1561 induit
234 1498 536 1577 quadragesimalia
555 1494 759 1562 indumenta,
773 1491 806 1554 et
859 1513 937 1559 num
944 1499 1225 1574 irridendogenua
1232 1496 1417 1559 flectebant.
1425 1495 1657 1558 Ecclesiaillo-

12 1598 385 1674 xcalceaturdipiscopi
392 1611 472 1658 vero
481 1591 803 1669 iuduuntpluvialia,
859 1611 932 1655 rum
946 1596 1142 1658 horrescens
1152 1595 1293 1663 lacinus,
1302 1609 1411 1670 genua
1421 1609 1481 1671 pro
1494 1593 1576 1670 ipsis
1589 1607 1655 1653 non

12 1694 192 1771 resbpteri
211 1695 321 1756 autem
343 1692 529 1754 cardinales
549 1691 582 1752 et
601 1689 744 1760 diaconi,
759 1689 806 1748 at·
860 1693 1008 1753 flectitin
1021 1694 1182 1754 oratione.
1202 1692 1321 1752 Finitis
1339 1690 1556 1762 orationibus,
1572 1693 1657 1751 Pon·

12 1808 63 1852 ue
79 1792 278 1853 subdiaconi
291 1790 433 1852 induunt
444 1789 621 1866 planetam.
636 1785 804 1848 Etdeinde
859 1790 941 1852 tifex
960 1790 1107 1867 procedit
1130 1791 1172 1850 ad
1191 1790 1308 1861 altare,
1330 1790 1363 1851 et
1381 1789 1498 1850 adorat
1524 1803 1656 1849 crucem

12 1890 130 1950 rniori
143 1888 335 1966 presbytero
347 1886 510 1948 cardinali
519 1885 653 1960 accepto
667 1898 805 1959 corpore
859 1904 933 1950 cum
947 1888 1034 1960 aliis,
1049 1888 1135 1949 sicut
1145 1888 1180 1948 in
1194 1887 1316 1949 Ordine
1330 1888 1528 1948 continetur.
1545 1887 1657 1947 Scien·

12 1986 130 2048 :hristi
150 1986 186 2046 in
204 1984 349 2062 capsella
369 1985 445 2046 ante
464 1983 577 2061 pectus
604 1998 700 2042 suum
727 1981 806 2042 hes-
859 1987 936 2048 num
948 1987 1170 2070 tamem-quod
1191 1986 1371 2047 secundum
1388 1985 1558 2062 antiquam
1571 1999 1655 2045 con-

12 2099 101 2144 erna
115 2084 168 2144 die
180 2083 360 2155 reservato,
375 2083 408 2144 et
426 2081 492 2142 alio
512 2079 703 2157 praedictam
722 2094 804 2139 cru·
860 2085 1077 2156 suetudinem,
1086 2084 1243 2161 quidquid
1252 2099 1352 2161 super
1360 2099 1492 2144 crucem
1505 2081 1660 2163 offertur,

12 2197 73 2240 em
102 2181 301 2256 accipiente,
327 2180 359 2241 et
382 2179 583 2240 subdiacono
613 2176 804 2253 regionario
860 2182 982 2244 scbolae
1013 2183 1127 2242 erucis
1156 2181 1252 2242 debet
1282 2197 1365 2242 esse.
1399 2179 1554 2241 osculata
1576 2193 1657 2239 vero

14 2295 78 2338 um
99 2278 222 2355 po'pulo
235 2294 294 2338 suo
311 2277 528 2354 praecedente,
543 2291 657 2336 omncs
677 2273 803 2336 discal-
860 2279 1083 2341 cruceaclero
1094 2278 1267 2354 etpopulo,
1279 2278 1431 2338 domiuus
1445 2281 1536 2352 Papa
1547 2290 1658 2336 rever·

14 2377 91 2437 eati
112 2392 187 2436 cum
208 2375 341 2436 domino
360 2378 451 2452 Papa
473 2376 505 2436 et
516 2373 719 2451 primicerio,
733 2372 805 2433 sine
860 2377 940 2439 titur
961 2377 1001 2438 ad
1022 2377 1127 2438 altare
1150 2398 1157 2435 :
1179 2377 1211 2436 et
1229 2375 1316 2436 tacta
1344 2374 1562 2444 confessione,
1585 2373 1657 2433 sine

11 2474 106 2535 :antu
119 2473 290 2550 psallendo
300 2473 494 2551 psalterium
504 2472 646 2549 pergunt
658 2470 699 2531 ad
713 2485 806 2531 sanc·
860 2475 1015 2552 capitulo,
1026 2475 1098 2535 sine
1110 2475 1257 2545 incenso,
1267 2473 1380 2534 etsine
1393 2471 1506 2533 osculo
1519 2485 1658 2546 evange·

11 2587 70 2632 am
84 2574 234 2632 Crucem.
245 2572 426 2648 Episcopus
436 2586 515 2632 vero
526 2568 805 2630 hebdomadarius
860 2574 909 2646 lii,
937 2572 1158 2633 communicat
1183 2571 1223 2631 do
1249 2586 1388 2647 corpore
1416 2569 1549 2640 Christi,
1571 2567 1657 2644 quod

11 2669 158 2730 emanet
176 2670 217 2730 ad
237 2669 424 2730 faciendum
448 2667 594 2728 osticium
613 2667 648 2726 in
667 2665 807 2726 basilica
861 2671 1048 2733 cardinales
1081 2669 1257 2730 adducunt.
1293 2668 1332 2728 Et
1364 2666 1544 2728 notandum
1572 2665 1658 2742 quod

11 2767 235 2828 lateranensi.
251 2766 417 2828 Pontidex
433 2766 543 2826 autem
557 2780 632 2826 cum
645 2763 685 2824 ad
700 2762 808 2822 eccle-
861 2767 959 2830 hodie
971 2773 1054 2830 Pon
1068 2769 1207 2827 Doctior·
1225 2781 1292 2826 non
1312 2765 1444 2834 dicitur,
1457 2767 1576 2841 Aonas
1594 2765 1659 2824 Dei

11 2865 91 2924 dam
106 2865 246 2932 venerit,
261 2863 293 2924 et
305 2863 479 2934 eeclesiam
493 2863 599 2938 ipsam
619 2861 691 2920 Sine
708 2859 807 2920 cantu
861 2883 927 2928 non
947 2865 1109 2935 cantatur,
1130 2879 1237 2940 neque
1260 2863 1352 2939 pacis
1376 2863 1526 2923 osculum
1548 2860 1656 2932 datur,

13 2961 194 3028 ntraverit,
209 2959 241 3021 et
253 2959 377 3020 diutius
390 2975 502 3020 coram
523 2957 676 3019 crucibus
689 2971 808 3018 orave-
861 2980 967 3042 nequa
1002 2961 1263 3040 postcommunio
1298 2961 1440 3022 canitur.
1481 2958 1659 3019 Sciendum

10 3059 58 3126 it,
82 3058 187 3119 intrat
205 3073 280 3118 cum
300 3057 451 3118 omnibus
471 3056 547 3116 aliis
568 3055 760 3122 claustrum,
775 3053 807 3115 et
861 3075 951 3131 vero,
967 3059 1054 3136 quod
1074 3058 1219 3134 acolythi
1232 3055 1473 3134 repraesentant
1484 3055 1658 3114 incensum

10 3154 99 3216 radit
112 3154 152 3214 ad
172 3154 388 3215 secretarium
404 3174 411 3212 ε
426 3155 459 3216 et
471 3152 571 3214 exuta
584 3151 717 3228 planeta
731 3167 805 3211 cum
861 3159 902 3220 ad
915 3158 1064 3220 calicem.
1079 3156 1234 3218 Pontifex
1246 3156 1346 3217 etiam
1357 3169 1425 3216 non
1438 3151 1661 3216 communicat

10 3253 123 3329 pallio,
136 3250 336 3328 mappularii
352 3251 512 3312 habentes
531 3265 651 3326 anunm
664 3248 806 3309 calidam
861 3256 1039 3324 adsedem,
1062 3255 1120 3316 sed
1143 3255 1220 3316 ante
1244 3253 1349 3314 altare
1374 3252 1415 3313 ob
1439 3250 1659 3312 humilitatem

10 3350 161 3426 paratam
173 3348 311 3411 abluunt
322 3349 421 3426 pedes
438 3349 560 3425 ipsius,
576 3347 609 3408 ni
620 3363 659 3408 ³0
673 3347 806 3408 sedente
861 3354 1056 3416 reverentiae
1069 3353 1129 3413 Dei
1142 3353 1175 3413 et
1187 3351 1351 3428 passionis
1360 3349 1497 3411 Christi:
1506 3347 1658 3424 expleto-

10 3447 41 3507 in
56 3447 147 3516 sede,
157 3447 301 3508 ministri
313 3447 557 3513 calceanteum,
566 3461 632 3506 uon
643 3444 806 3510 sandalia,
863 3468 926 3528 quc
938 3451 1059 3519 cincio,
1074 3449 1167 3510 cruit
1185 3465 1221 3510 so
1240 3465 1315 3510 cum
1334 3447 1411 3508 aliis
1431 3445 1614 3514 ordinibus,
1628 3443 1661 3505 et

10 3546 66 3605 sed
80 3545 273 3620 quotidiana
288 3545 523 3612 calceamenta,
537 3545 569 3604 et
581 3542 724 3602 induunt
735 3540 809 3616 pla-
863 3548 974 3610 cantat
985 3547 1032 3608 ibi
1045 3551 1209 3621 vesperas
1221 3547 1256 3606 in
1270 3546 1322 3606 die
1334 3545 1426 3606 iovis
1438 3543 1607 3604 recitatas.
1622 3541 1661 3600 Et

10 3644 121 3703 petam
134 3642 167 3702 et
178 3641 315 3718 pallium
330 3664 337 3701 ε
352 3641 385 3703 et
397 3642 445 3701 sic
458 3640 499 3701 ad
513 3641 618 3700 altare
631 3653 706 3698 cum
725 3651 807 3712 pro·
864 3643 982 3704 deinde
1005 3642 1183 3702 revertitur
1206 3641 1247 3701 ad
1271 3640 1430 3715 palatium
1450 3660 1457 3697 z
1476 3640 1509 3699 et
1532 3639 1661 3697 intrans

10 3740 161 3799 cessione
184 3739 322 3806 accedit,
347 3737 516 3813 praeennie
540 3751 614 3795 cuin
647 3747 745 3794 cruce
777 3731 811 3793 ei
863 3739 1037 3802 basilicam
1062 3736 1173 3798 Sancti
1200 3735 1383 3803 Laurentii,
1404 3749 1535 3795 crucem
1562 3747 1661 3810 quam

10 3835 197 3910 evangelio,
211 3835 283 3894 sine
305 3832 524 3894 luminaribus
537 3832 570 3894 et
581 3831 721 3892 incensu
734 3845 808 3890 cum
864 3837 1037 3914 acceperat
1055 3835 1097 3895 ab
1117 3834 1227 3903 altari,
1241 3832 1381 3910 reponit,
1396 3833 1429 3894 et
1447 3832 1525 3892 hinc
1538 3831 1579 3892 ad
1599 3846 1660 3892 ca-

10 3933 155 3995 silentio.
864 3932 1247 3998 meramsuamaccedit.
1262 3928 1662 4004 Etnotandumquoddo-

49 4033 101 4091 29.
119 4027 809 4105 SednotandnmquoddnminnsPapinum
864 4019 973 4096 minus
986 4036 1077 4110 Papa
1096 4031 1210 4092 eadem
1230 4029 1284 4090 die
1305 4027 1389 4088 nulli
1401 4027 1441 4088 de
1453 4026 1580 4088 familia
1600 4041 1661 4086 sua

11 4127 222 4205 processione
232 4141 299 4188 non
309 4125 405 4187 debet
414 4125 464 4186 ire
475 4124 516 4185 ad
527 4125 631 4185 altare
644 4124 721 4184 ante
732 4138 810 4184 cru·
863 4133 977 4193 vinum
990 4131 1046 4192 dat
1058 4129 1099 4190 aa
1111 4127 1302 4206 potandum,
1315 4140 1377 4186 uec
1389 4125 1518 4186 coctum
1538 4123 1579 4184 ad
1589 4138 1660 4190 co.

13 4242 66 4286 tes
80 4241 171 4286 1110111
191 4223 298 4295 solito,
314 4223 371 4283 sed
384 4239 443 4298 1161
454 4222 543 4282 1111111
556 4238 629 4298 quae
642 4221 739 4283 911111
752 4235 810 4282 111·
864 4229 1060 4292 medendum
1071 4249 1077 4288 :
1087 4227 1144 4288 dat
1152 4241 1232 4287 vero
1242 4225 1291 4286 eis
1304 4222 1529 4286 tantummodo
1542 4237 1661 4298 panem

13 4323 79 4398 Piie
94 4321 198 4390 chori,
210 4320 440 4398 1111111111]ΰὸ
451 4318 577 4380 11111113·
594 4321 685 4380 UffllS
698 4317 809 4378 1111111111
864 4330 897 4390 et
915 4343 1046 4404 aquam,
1068 4326 1101 4386 et
1118 4323 1239 4386 herhas
1258 4322 1298 4383 de
1320 4320 1568 4383 consuetudine.
1592 4321 1662 4380 Hac

15 4420 54 4480 1111
72 4418 234 4480 ministris
260 4417 395 4494 apponit
413 4433 513 4478 11111111
533 4416 704 4477 111111θῦ8111
729 4415 808 4477 1111-
866 4426 919 4487 die
938 4424 1078 4486 ecclesia
1099 4423 1228 4483 Sanctae
1241 4420 1356 4482 Crucis
1375 4435 1441 4479 non
1454 4418 1510 4480 dat
1522 4417 1659 4478 faculas.

15 4519 82 4578 tum
94 4516 305 4593 superaltnre
315 4515 486 4584 nudatum,
495 4516 528 4576 et
540 4515 687 4576 osculato
698 4513 807 4586 altari,
1287 4585 1292 4596 Ι
1630 4582 1636 4594 ,

17 4616 166 4676 dominus
190 4617 280 4691 papa
305 4613 454 4675 ascendit
478 4613 588 4674 sedem
613 4635 620 4673 :
644 4613 676 4674 et
699 4613 810 4673 statim
864 4591 949 4649 XIV.
965 4589 1050 4654 orato
1068 4584 1185 4646 (todoat
1200 4587 1359 4643 doracenus
1377 4585 1477 4654 Popo
1496 4582 1661 4654 soccrooa

18 4711 208 4773 subdiaconi
241 4712 455 4773 ascendentes
488 4711 662 4787 pulpitum,
695 4709 811 4786 legunt
1115 4681 1259 4743 subdolo
1280 4679 1408 4741 Sama

20 4825 107 4870 more
130 4809 280 4870 lectionis
304 4809 511 4886 prophetiam
536 4808 607 4869 sine
631 4806 727 4869 titulo
750 4829 756 4866 :
779 4807 812 4867 et
904 4813 954 4872 30.
969 4807 1158 4870 lnSabbato
1172 4803 1297 4875 sancto,
1312 4803 1395 4862 hora
1412 4797 1662 4861 sextaelticitur

21 4907 247 4976 intermicet
274 4907 310 4967 in
339 4907 460 4968 Ordine
491 4905 689 4973 continetur,
716 4904 808 4964 finni·
865 4907 1065 4984 novusignis
1074 4907 1109 4966 in
1118 4905 1203 4966 atrio
1214 4902 1290 4962 ante
1302 4899 1413 4975 portas
1427 4896 1661 4958 lateranensis

22 5005 229 5066 Postmodum
241 5005 400 5066 diaconus
419 5003 609 5076 cardinalis,
624 5018 691 5064 non
708 5018 810 5064 oscu-
866 5007 1026 5076 ecclesiae,
1043 5004 1076 5065 et
1089 5000 1296 5063 benedicitur
1309 5014 1328 5058 a
1337 4995 1464 5075 juniori
1486 4993 1661 5072 presbyte-

22 5101 93 5164 latis
106 5102 253 5179 pedihus,
267 5103 354 5165 lacta
369 5102 567 5172 reuerentia,
581 5101 731 5162 ascendit
742 5100 812 5178 pul·
865 5121 978 5167 rorum
991 5100 1222 5170 cardinalium,
1233 5114 1307 5160 cum
1321 5097 1457 5157 incenso
1473 5094 1505 5156 et
1515 5107 1601 5169 aqua
1609 5090 1663 5150 be·

24 5200 121 5276 pitum
139 5199 274 5268 nudum,
289 5201 321 5262 et
340 5201 385 5262 ibi
405 5202 477 5261 sine
498 5200 617 5261 iaculis
630 5200 811 5262 etincenso
866 5199 1062 5278 nedicta(2).
1072 5197 1196 5260 Deinde
1206 5195 1346 5274 pergunt
1355 5195 1390 5254 in
1401 5190 1576 5254 ecclesiam
1588 5204 1662 5248 cum

25 5297 134 5376 incipit
144 5297 337 5359 Passionem
349 5299 412 5359 hoc
424 5299 531 5370 mode,
542 5300 812 5359 PosstoDomini
865 5317 951 5362 noro
964 5301 1041 5375 igne
1058 5298 1163 5376 posito
1185 5297 1221 5356 in
1243 5309 1362 5363 canna,
1377 5291 1410 5351 et
1422 5289 1584 5348 diaconus
1606 5285 1661 5346 di-

59 5446 96 5519 (1)
116 5447 292 5504 L'ostension
311 5445 362 5504 des
377 5447 527 5519 reliquesa
542 5449 598 5505 lieu
621 5448 648 5504 le
666 5446 811 5506 Vendrodi
903 5453 943 5526 (a)
963 5453 1016 5511 Cos
1036 5449 1164 5506 diversos
1175 5445 1315 5503 fonctions
1325 5448 1389 5498 sont
1400 5435 1576 5510 aujourd’hni
1589 5451 1662 5492 rem·

28 5515 123 5576 Sainta
136 5518 322 5576 saintecroix
336 5514 546 5586 delo'rusnlem,
557 5527 584 5576 et
595 5519 621 5574 le
634 5517 809 5585 landemain,
867 5525 947 5598 oties,
961 5538 995 5579 ce
1009 5521 1103 5578 memo
1116 5515 1218 5590 iconi
1237 5517 1315 5572 Snint
1326 5515 1395 5570 Jcan
1409 5509 1444 5566 dc
1457 5511 1560 5567 Lacon
1573 5523 1622 5580 par
1636 5509 1662 5564 lo

29 5589 401 5718 iiiiciicieoii'dliaiitmn’
427 5591 567 5645 ostenden
596 5588 646 5645 dos
676 5591 749 5647 titos
776 5589 811 5645 dc
866 5594 991 5652 cardinal
1004 5592 1119 5648 vicairo.
