4108 6418
870 565 1085 671 0111er
1123 573 1472 668 uuurlllrlo

362 809 1150 998 urrsnonlnun
1212 827 1976 999 nnonnrnnrun

646 1177 1002 1308 HONORII
1038 1183 1171 1312 ΙΙΙ.
1207 1185 1455 1314 ΡΟΝΤ.
1494 1185 1707 1313 ΜΑΧ.

548 1515 684 1578 NUNC
704 1518 891 1585 REGENS
911 1523 938 1585 Ε
958 1525 1135 1608 TRIBUS
1154 1526 1262 1589 VET.
1285 1525 1334 1589 M.
1348 1527 1415 1589 SS.
1439 1526 1488 1590 IN
1508 1527 1669 1592 bucam
1688 1527 1810 1590 barn

903 1674 961 1735 ΕΤ
980 1676 1011 1737 N
1017 1677 1126 1738 OTIS
1147 1678 1448 1744 ILLUSTRATA

396 1865 795 1926 srun10,srmousrn1n
820 1858 1151 1923 ΙΝΝΟΟΕΝΤΙΙ
1169 1865 1490 1938 &domnionis
1516 1881 1706 1938 ummsous
1732 1881 1957 1934 rnorsssorus.

618 2023 776 2074 carlorum
795 2025 839 2074 AG
857 2025 1026 2079 ECCLESIAE
1045 2029 1090 2080 ΕΤ
1108 2031 1288 2082 acabslssm
1309 2031 1490 2082 robosem
1509 2033 1731 2084 naumann

1200 2379 1276 2442 aliis
1292 2380 1433 2459 quatuor
1446 2383 1582 2461 adjectae
1597 2383 1639 2445 ad
1661 2385 1845 2461 marginem
1868 2390 1979 2463 glossa
2021 2359 2022 2378 ¹

1200 2477 1280 2553 sint,
1291 2477 1398 2539 tribus
1412 2479 1544 2556 qrridem
1558 2476 1674 2556 primis
1684 2481 1861 2554 vincentii,
1878 2481 1978 2550 Alani,

396 2576 462 2637 Cur
483 2573 644 2636 Antonius
664 2574 867 2650 Augustinus
884 2573 1034 2652 ¹quattuor
1058 2572 1146 2636 anti-
1198 2573 1370 2648 Tancredi,
1395 2576 1577 2649 Laurentii,
1601 2577 1635 2638 et
1656 2576 1801 2652 Rogerii,
1827 2578 1887 2652 qui
1913 2578 1978 2639 eta

356 2687 437 2750 quas
450 2671 663 2734 decretalium
676 2670 885 2733 collectiones
900 2671 954 2732 edi
966 2671 1142 2743 curaverit,
1198 2670 1268 2731 suis
1310 2671 1574 2734 antecessoribus
1610 2672 1787 2745 Silvestro,
1833 2671 1977 2744 Rutilus,

355 2769 513 2847 quintam,
530 2783 603 2846 quae
631 2767 681 2830 est
705 2767 844 2830 Honorii
867 2767 957 2830 tertii
983 2766 1142 2841 omiserit,
1197 2767 1325 2829 Joanne
1337 2769 1495 2846 Hispano,
1511 2771 1639 2832 Joanne
1654 2768 1847 2840 Faventino,
1864 2768 1901 2831 et
1915 2769 1978 2831 aliis

354 2881 421 2927 non
434 2866 530 2926 video
547 2867 643 2942 :ejus
660 2863 857 2927 industriam
883 2864 916 2926 et
939 2863 1144 2940 diligentiam
1197 2862 1387 2938 hauserant,
1402 2865 1438 2926 ut
1457 2865 1597 2927 testatur
1619 2867 1764 2927 ioannes
1782 2863 1936 2926 Andreae.
1951 2869 1977 2926 ln

354 2961 510 3037 effugisse
532 2960 591 3021 nix
605 2961 767 3037 suspicari
791 2959 903 3032 velim,
920 2959 976 3037 qui
997 2961 1145 3021 recondi·
1197 2961 1348 3037 quartam
1360 2976 1440 3023 vero
1454 2960 1977 3037 loannisTeutonicietquorum·

354 3057 439 3118 tiora
454 3071 592 3133 quaeque
605 3055 696 3118 Juris
709 3055 885 3128 Pontificii,
911 3058 945 3117 et
957 3053 1144 3118 litterarum
1197 3055 1272 3117 dam
1290 3056 1433 3118 aliorum
1465 3057 1593 3119 scholia
1617 3057 1712 3120 nobis
1741 3057 1893 3120 exhibuit
1917 3059 1977 3136 ipse
2019 2969 2022 3128 1

354 3153 501 3215 omnium
515 3151 726 3213 monumenta
740 3151 937 3224 revolverat,
954 3168 1029 3214 cum
1052 3152 1144 3216 etvi-
1195 3151 1357 3212 Antonius
1392 3153 1607 3228 Augustinus.
1645 3153 1694 3214 ltd
1727 3153 1876 3230 quintam
1907 3168 1976 3216 vero

353 3265 409 3312 ros
420 3265 488 3310 susa
502 3249 608 3310 aetatis
618 3247 769 3324 egregios
779 3247 871 3308 illam
883 3248 1040 3310 habuisse
1052 3265 1144 3312 com-
1196 3247 1422 3310 collectionem
1447 3249 1612 3311 neminem
1647 3250 1750 3312 alium
1773 3250 1975 3328 interpretem

353 3340 556 3424 pertum'sit,
578 3347 748 3421 cujacium
771 3360 899 3422 nempe,
926 3347 1087 3420 Gentium,
1110 3347 1143 3409 et
1195 3343 1302 3406 adieri
1314 3347 1458 3408 loannes
1481 3345 1621 3408 Andreae
1636 3361 1734 3423 qnam
1754 3349 1916 3410 loannem
1933 3346 1976 3408 Al·

354 3442 448 3503 alios.
470 3440 658 3504 consultius
670 3457 730 3516 ego
754 3457 888 3504 causam
909 3443 1088 3521 exquirens
1106 3443 1142 3505 in
1194 3439 1316 3504 banum
1330 3440 1547 3504 Faventinum
1562 3443 1764 3520 episcopum,
1781 3445 1878 3521 cujus
1892 3445 1975 3524 glos-

354 3537 505 3600 omnibus
523 3538 593 3600 iare
610 3537 777 3600 codicibus
798 3540 1031 3616 manuscriptis
1045 3540 1143 3618 quin·
1195 3552 1249 3598 sas
1274 3536 1348 3615 quis
1373 3537 1494 3601 viderit
1521 3539 1649 3615 ignoro.
1676 3538 1803 3610 Idcirco
1828 3539 1974 3602 libentius

351 3635 419 3697 tam
432 3635 517 3697 banc
529 3635 673 3697 defuisse
685 3633 823 3708 adverti,
839 3636 871 3698 et
883 3637 1035 3714 quamvis
1048 3653 1142 3698 accu-
1194 3633 1281 3696 levia
1294 3635 1445 3712 quaedam
1459 3634 1585 3696 scholia
1609 3634 1687 3697 huic
1711 3635 1891 3714 adjiciendi
1912 3636 1975 3697 ani·

350 3733 593 3795 ratissimorum
604 3732 752 3794 virorum
770 3732 945 3794 consilium
958 3735 1139 3810 exegerim,
1194 3747 1283 3792 mum
1298 3731 1422 3810 appuli,
1447 3730 1482 3793 in
1506 3731 1624 3808 quibus
1638 3732 1723 3794 nibil
1746 3733 1815 3794 iere
1840 3733 1925 3810 quod
1946 3733 1972 3792 in
2021 3773 2022 3790 ,

351 3827 517 3891 neminem
537 3829 646 3892 tamen
667 3828 784 3890 nactus
803 3843 887 3901 sum,
912 3829 969 3906 qui
990 3845 1064 3890 eam
1084 3831 1140 3892 vi·
1194 3828 1427 3890 eruditissimis
1462 3829 1676 3891 decretalium
1697 3829 1823 3893 Glossis
1846 3831 1972 3908 exposi-

352 3927 450 4001 disse,
462 3927 520 3990 aut
539 3925 662 3989 alicubi
679 3926 794 3988 extare
817 3925 1008 3988 asseruerit.
1028 3926 1140 3988 Multis
1192 3924 1262 3985 tum
1287 3923 1332 3985 sit
1353 3924 1514 4002 repetere,
1542 3926 1599 3987 sed
1624 3941 1665 3988 ea
1689 3927 1817 3989 tantum
1836 3944 1910 4004 quae
1923 3941 1971 4004 pro

588 2425 649 2488 Ab
669 2425 916 2488 LECTOREM.
936 2469 939 2478 ,

351 4025 448 4087 annis
460 4023 623 4086 curiosius
645 4039 685 4084 ac
703 4022 894 4097 diligentius
914 4022 949 4082 in
960 4021 1021 4083 tali
1033 4037 1139 4098 nego·
1193 4019 1283 4081 Juris
1297 4019 1396 4096 buJus
1412 4021 1600 4096 cognitione
1615 4023 1737 4086 omissa
1763 4023 1908 4099 inerunt,
1923 4023 1971 4085 aut
2021 4099 2022 4112 ἵ

351 4121 397 4183 tio
414 4119 551 4190 exactis,
576 4133 668 4193 spem
691 4131 822 4179 omnem
844 4118 1041 4193 abjeceram,
1066 4133 1140 4178 cum
1194 4115 1235 4176 ad
1245 4115 1392 4177 historiae
1406 4115 1503 4178 tidem
1514 4115 1649 4191 iaciunt,
1666 4135 1849 4198 proponere
1861 4135 1971 4198 opera·
2021 4135 2022 4172 l

351 4217 460 4276 minus
474 4212 510 4273 in
520 4213 630 4272 animo
643 4210 675 4270 id
688 4210 825 4282 babens,
838 4211 873 4271 in
884 4212 1008 4273 veteris
1020 4211 1141 4275 biblio-
1193 4210 1335 4288 pretium
1347 4211 1547 4276 existimavi.
1563 4215 1655 4288 Quod
1668 4215 1799 4292 quidem
1814 4218 1970 4294 negotium

350 4307 456 4369 thecae
467 4302 632 4365 albiensis
644 4300 819 4362 ruderibus
840 4303 908 4364 tres
933 4303 1063 4366 codices
1075 4321 1141 4368 ma·
1192 4307 1322 4370 felicius
1337 4308 1532 4384 exegissem,
1547 4311 1576 4371 si
1590 4311 1756 4388 integrum
1774 4314 1971 4389 Honoriire-
2021 4367 2022 4370 ,

350 4400 536 4477 nuscriptos
549 4399 695 4475 puluere,
710 4398 786 4468 situ,
810 4399 842 4459 ct
864 4398 985 4475 pedore
1004 4401 1138 4463 coniec—
1191 4404 1331 4480 gistrum
1343 4405 1455 4468 videre
1470 4406 1629 4480 licuisset,
1642 4424 1685 4470 ex
1699 4410 1866 4487 quovelut
1879 4424 1969 4488 apro

349 4500 401 4562 tos
413 4495 555 4558 feliciter
573 4493 694 4572 reperi.
709 4495 780 4556 Hoc
796 4509 878 4571 opus
904 4495 961 4556 diu
985 4497 1071 4575 apud
1086 4514 1138 4562 me
1191 4501 1263 4577 prio
1278 4499 1367 4564 sonte
1387 4502 1561 4566 veritatem
1586 4519 1727 4578 omnem,
1757 4521 1830 4584 quae
1844 4507 1969 4584 quibus·
2021 4531 2022 4588 p

349 4595 454 4656 latere
467 4609 531 4654 non
544 4608 617 4652 sum
638 4606 766 4668 passus,
781 4593 860 4669 quin
873 4593 1004 4669 publico
1025 4595 1137 4658 darem
1190 4596 1266 4658 dam
1298 4597 1444 4660 tenebris
1478 4599 1647 4674 obruitur,
1681 4602 1853 4666 eruissem.
1891 4601 1964 4666 lllud
2021 4597 2022 4684 l

291 4717 294 4724 ¹
347 4687 1083 4770 jamamultisannisexpetitum:eoquodin
1097 4709 1137 4754 eo
1190 4693 1321 4771 quidem
1335 4709 1355 4755 a
1369 4695 1442 4758 viro
1457 4695 1646 4758 doctissimo
1662 4697 1810 4763 (lbesneo
1836 4703 1893 4778 qui
1912 4699 1967 4761 bis
2021 4705 2022 4754 l

316 4785 591 4867 ‘quamplurima
605 4784 639 4847 et
650 4784 844 4861 singularia,
867 4787 937 4850 sive
958 4788 1058 4866 hujus
1071 4791 1135 4852 Ju-
1188 4790 1283 4852 toriae
1297 4791 1501 4854 Francorum
1514 4793 1692 4870 scriptores
1706 4795 1760 4856 edi
1776 4795 1965 4873 procurarit,
2021 4825 2022 4828 =

348 4887 396 4950 ris
420 4883 651 4962 cognitionem,
682 4882 753 4944 Sive
778 4883 912 4946 illorum
938 4884 1133 4962 iefflpffl'um,
1188 4897 1362 4973 expectare
1374 4899 1532 4974 poteram,
1554 4897 1612 4960 sed
1626 4913 1666 4960 eo
1685 4901 1756 4978 jam
1774 4900 1841 4964 isto
1864 4899 1963 4962 functo

349 4983 467 5063 quibus
501 4979 667 5042 Honorius
698 4979 803 5054 Vixit,
834 4981 982 5044 historiar
1015 4981 1134 5043 seriem
1188 4991 1304 5054 abhoc
1316 5008 1375 5071 spe
1387 4993 1504 5056 decidi.
1520 4996 1557 5056 ln
1569 4993 1633 5057 hoc
1647 5011 1728 5058 sane
1742 4998 1908 5076 proposito
1918 5011 1966 5056 no

347 5080 542 5159 spectemus,
561 5076 780 5154 reperiantur,
797 5093 870 5156 qnae
885 5094 965 5144 sane
987 5077 1023 5138 in
1044 5081 1135 5141 Gom·
1186 5105 1264 5150 vum
1276 5105 1380 5166 genus
1394 5089 1560 5152 scribendi
1573 5093 1731 5169 reperies,
1753 5109 1814 5156 nec
1838 5093 1963 5156 enimin

347 5179 505 5257 pilatioue
519 5173 739 5236 Decretalium
761 5174 912 5250 Gregorii
931 5175 1019 5236 Noni
1041 5175 1133 5238 desi-
1186 5185 1277 5248 Juris
1311 5186 1468 5248 canonici
1500 5187 1707 5265 expositione
1742 5190 1881 5264 tantum,
1915 5187 1980 5250 sod'

348 5275 514 5336 derantur.
533 5275 626 5334 Hanc
640 5287 701 5348 ego
716 5270 919 5348 provinciam
933 5270 1007 5333 ideo
1022 5272 1132 5335 liben-
1187 5283 1287 5345 etiam
1307 5283 1343 5343 in
1368 5282 1527 5345 historica
1554 5285 1746 5348 narratione
1771 5302 1903 5364 operam
1914 5287 1962 5348 in-

347 5373 413 5435 tius
428 5370 567 5446 suscepi,
584 5385 624 5430 ac
640 5369 726 5430 notis
748 5367 942 5446 quibusdam
965 5368 1133 5434 illustrare
1187 5379 1322 5457 sumpsi,
1339 5379 1416 5456 quia
1430 5380 1648 5459 etutrumque
1663 5383 1807 5446 maxime
1819 5384 1962 5462 prodesse
2021 5449 2022 5480 1

346 5465 482 5539 tentavi,
495 5466 580 5543 quod
595 5464 694 5542 hujus
711 5464 952 5542 compilationis
965 5465 1132 5546 interpre-
1186 5477 1293 5541 uisum
1307 5476 1369 5538 luit
1384 5492 1392 5532 ε
1409 5476 1527 5555 quippe
1552 5479 1700 5556 epistolae
1714 5483 1863 5556 Honorii,
1888 5479 1963 5544 sicut

346 5581 412 5645 gem
422 5563 549 5626 nullum
558 5561 594 5624 in
604 5559 837 5640 manuscriptis
852 5563 1040 5640 repererim,
1056 5565 1133 5633 licet
1186 5575 1220 5638 et
1245 5575 1490 5639 antecessorum
1514 5575 1705 5655 pontificum
1729 5595 1748 5643 e
1775 5579 1892 5660 qubus
1916 5579 1960 5641 lrae
