4078 6442
315 309 378 372 olo
782 306 958 368 HONORII
980 305 1027 368 111
1047 307 1195 368 OPERA.
1212 333 1250 350 -·
1267 305 1501 370 SERMONES.
1921 309 1982 369 1116

319 485 420 548 super
442 471 564 532 Lucam
589 489 596 528 ι
619 484 638 527 c
659 466 974 546 AEgritudo,inquii,
991 465 1116 541 mnndi,
1173 466 1268 546 quasi
1289 466 1397 530 foedns
1415 467 1475 530 Dei
1496 469 1645 531 vocatur.
1675 469 1761 532 Nam
1785 469 1877 530 sicut
1899 468 1983 530 dicit

318 569 496 645 tempestas
539 567 604 638 est,
643 563 804 642 aegritudo
848 565 980 637 mundi,
1014 563 1118 626 fames
1172 564 1984 642 333313133313333331311333131331333133333

319 667 388 738 est,
437 664 598 740 aegritudo
649 662 763 724 mundi
807 663 857 724 est
905 662 1115 739 pestilentia,
1172 667 1243 724 Deo
1258 661 1435 742 (11311311,
1458 663 1491 742 6)
1507 667 1717 738 3313133133
1738 679 1785 727 ecc
1805 667 1982 738 1131331311

318 763 480 840 agritudo
499 761 613 822 mundi
634 763 686 822 331
699 759 915 838 persecutio»
937 760 1009 840 (lib.
1032 763 1062 820 X
1083 761 1117 821 in
1173 759 1283 839 (Rom.
1311 777 1334 832 1,
1362 761 1426 841 17).
1457 765 1539 823 ltem
1566 763 1616 825 331
1643 763 1744 824 etiam
1770 763 1837 826 duo
1863 763 1980 824 iacit:

320 865 444 938 Evang.
458 865 550 934 Luc,
562 861 669 922 ch.xx
680 859 739 922 ad:
755 863 839 922 cum
851 859 1044 930 audieritis,
1053 860 1114 920 etc.
1173 858 1341 920 illuminat
1361 861 1395 920 et
1415 859 1580 921 calefacit.
1607 860 1661 922 Sic
1684 861 1718 923 et
1739 863 1844 922 Sacra
1862 861 1982 936 Scrip-

321 963 404 1022 Sunt
434 975 563 1037 quoque
591 958 722 1019 diversa
748 957 865 1034 praelia
893 956 1008 1018 contra
1037 971 1115 1030 nos3
1172 957 1247 1016 tura
1262 955 1430 1018 illuminat
1444 957 1546 1018 corda
1556 959 1668 1020 nostra
1681 957 1724 1019 ad
1738 959 1831 1020 recte
1846 958 1981 1019 intelli-

321 1074 409 1119 nunc
443 1055 618 1118 iracundia
653 1055 816 1130 exagitat,
849 1069 937 1114 nunc
966 1053 1118 1116 accendit
1172 1053 1327 1128 gendum,
1351 1055 1386 1115 et
1405 1055 1565 1117 accendet
1586 1056 1729 1117 mentem
1750 1057 1907 1118 nostram
1921 1073 1980 1133 per

320 1156 432 1226 libido,
447 1171 535 1216 nunc
548 1153 712 1231 cupiditas
727 1151 931 1229 supervenit,
948 1167 1037 1212 nuno
1051 1165 1119 1212 am·
1172 1151 1355 1223 caritatem,
1367 1151 1408 1212 ad
1419 1151 1503 1213 bene
1516 1153 1731 1229 operandum.
1746 1153 1925 1216 illuminat
1938 1155 1976 1214 ad

319 1253 399 1315 bitio
415 1253 553 1314 mordet.
1172 1247 1356 1320 scientiam,
1373 1249 1526 1312 accendit
1536 1250 1578 1310 ad
1591 1249 1775 1312 caritatem.
1785 1251 1974 1322 Illuminat,

357 1351 406 1413 Ad
425 1350 650 1412 ostensionem
678 1349 867 1410 divinorum
887 1347 1115 1426 judiciorum:
1172 1347 1208 1406 ut
1235 1361 1308 1423 quae
1331 1345 1485 1408 facienda
1515 1349 1594 1408 sunt
1619 1363 1879 1424 cognoscamus;
1915 1365 1975 1409 ac-

319 1449 396 1526 3313
424 1449 535 1510 313313
565 1448 672 1523 signa,
702 1447 737 1510 et
763 1445 874 1507 omnia
903 1445 990 1505 mala
1013 1445 1115 1522 hujus
1172 1443 1282 1505 cendit
1296 1443 1332 1504 31
1345 1442 1528 1521 bonaquae
1543 1446 1784 1521 cognoscimus,
1793 1445 1975 1507 iaciamus.

318 1547 444 1618 mnndi,
473 1546 569 1622 quasi
595 1544 802 1606 ostensiones
829 1543 907 1604 sunt
929 1541 1035 1604 divini
1060 1544 1118 1618 ju·
1212 1540 1314 1616 Signa
1329 1539 1363 1601 in
1380 1540 1460 1602 luna
1479 1541 1729 1604 tribulationem
1752 1543 1920 1605 Ecclesiae
1935 1544 1977 1606 si·

319 1644 408 1704 dicii.
438 1644 533 1704 Unde
548 1643 727 1717 Gregorius
752 1657 760 1696 3
786 1657 804 1700 c
828 1640 932 1701 Multa
951 1639 1039 1700 mala
1058 1639 1118 1700 de-
1171 1637 1342 1712 gniticant,
1364 1637 1444 1714 quia
1461 1638 1541 1699 luna
1560 1639 1612 1702 331
1628 1639 1799 1701 Ecclesia:
1817 1641 1974 1716 Signain

319 1741 397 1802 bent
423 1755 629 1816 praecurrere
664 1739 701 1798 ut
727 1737 850 1798 malum
882 1736 1018 1798 valeant
1044 1735 1117 1796 sine
1172 1735 1277 1796 stallis
1290 1735 1753 1813 significantindignaticnem
1771 1739 1975 1814 angelorum

320 1839 386 1899 tine
401 1837 567 1898 nuntiare.
582 1835 715 1907 »Quasi
732 1834 859 1896 diceret
876 1855 883 1893 :
901 1834 1007 1895 Multa
1022 1833 1117 1909 signa
1171 1847 1191 1892 a
1215 1833 1366 1894 custodia
1387 1833 1559 1895 hominum
1586 1835 1812 1898 recedentium
1833 1837 1975 1914 propter

319 1937 353 1999 et
378 1935 480 1997 multa
514 1934 602 1995 mala
633 1931 755 1994 debent
777 1931 892 1994 venire
924 1929 1116 1992 antediem
1171 1929 1416 1992 multitudinem
1450 1933 1672 2008 peccatorum.
1705 1933 1770 1996 Sed
1796 1934 1974 1996 sciendum

316 2034 446 2114 judicii.
470 2033 524 2093 Sic
548 2033 612 2094 ista
628 2031 738 2092 omnia
765 2029 920 2091 nuntiant
942 2028 1024 2090 illud
1039 2043 1115 2088 1113-
1171 2027 1234 2098 331,
1250 2027 1337 2106 quod
1350 2029 1417 2090 tria
1432 2029 1528 2106 signa
1542 2029 1683 2106 legimus
1695 2031 1731 2092 in
1746 2031 1828 2104 sole,
1844 2032 1916 2094 tria
1939 2034 1973 2094 in

319 2133 400 2204 lum,
417 2131 502 2208 quod
518 2130 582 2190 erit
601 2129 765 2190 31331133.
790 2126 873 2199 Quia
891 2127 919 2188 31
943 2127 1025 2188 13113
1040 2125 1117 2188 3331
1170 2123 1262 2198 1333,
1278 2125 1392 2187 131313
1407 2127 1523 2199 3131113,
1547 2127 1720 2205 dequibus
1742 2143 1850 2207 pauca
1878 2129 1976 2192 dica·

318 2229 418 2301 mala,
434 2243 508 2306 quae
530 2227 606 2290 sunt
620 2225 716 2288 bonis
737 2225 771 2288 31
791 2225 892 2286 malis
914 2223 1113 2296 communia,
1170 2237 1254 2284 mus.
1280 2225 1318 2284 In
1344 2223 1414 2285 sole
1437 2223 1578 2300 legimus
1604 2225 1736 2302 signum
1762 2225 1972 2300 stabilitatis,

319 2327 518 2389 credendum
531 2326 592 2396 est,
614 2323 699 2401 quod
720 2323 851 2385 infinita
873 2323 950 2385 sunt
967 2319 1026 2383 illa
1041 2335 1115 2399 quae
1171 2319 1303 2396 signnm
1318 2320 1534 2394 reversionis,
1550 2321 1584 2383 et
1594 2322 1726 2399 signum
1741 2323 1970 2388 obscuritatis.

318 2421 754 2499 damnatis'eruntpropria.
1171 2417 1308 2494 Signum
1324 2418 1526 2492 stabilitatis,
1552 2419 1640 2482 sicut
1661 2421 1802 2498 legimus
1824 2422 1861 2482 in
1882 2422 1971 2484 libro

356 2523 474 2584 113331
495 2523 655 2597 3133313
677 2519 907 2581 3313311333.
935 2517 1037 2594 Signa
1051 2515 1116 2577 311-
1169 2517 1282 2576 13333.
1304 2516 1441 2592 Signum
1467 2517 1681 2590 reversionis,
1714 2519 1800 2582 sicut
1825 2519 1971 2597 legimns

318 2620 450 2698 quando
479 2617 669 2694 significant
701 2631 771 2678 rem
802 2615 1011 2694 praesentem,
1045 2614 1113 2674 ali·
1169 2613 1205 2674 in
1231 2612 1316 2675 libro
1331 2615 1458 2690 Regum
1479 2615 1520 2676 de
1543 2617 1725 2691 aegrotante
1746 2617 1903 2680 Ezechia.
1923 2618 1972 2680 Si·

318 2717 531 2796 quandorem
553 2715 710 2777 futuram.
732 2714 945 2785 Praesentem,
961 2713 1047 2774 sicut
1065 2711 1116 2773 le-
1169 2725 1269 2786 gnum
1291 2710 1517 2785 obscuritatis,
1537 2713 1623 2775 sicut
1643 2713 1786 2790 legimus
1807 2715 1842 2776 in
1864 2719 1971 2778 Evan-

318 2815 436 2892 gimus,
451 2815 529 2891 quia
545 2812 707 2889 pendente
728 2811 867 2873 Domino
882 2811 917 2872 in
941 2825 1053 2884 cruce,
1064 2809 1114 2870 sol
1169 2809 1256 2884 gelio
1269 2808 1311 2869 do
1325 2809 1396 2871 sole
1405 2810 1593 2873 obscurato.
1612 2811 1750 2888 Signum
1760 2811 1968 2888 stabilitatis,

317 2913 529 2974 obscuratum
542 2914 601 2983 331,
619 2912 652 2971 31
661 2909 805 2972 tenebrae
817 2909 912 2970 lactae
925 2909 1002 2969 sunt
1013 2922 1115 2984 super
1169 2906 1256 2968 sicut
1268 2906 1409 2983 legimns
1419 2907 1455 2968 in
1468 2907 1553 2970 libro
1567 2911 1678 2982 Jcsue,
1696 2910 1782 2987 quod
1797 2915 1970 2988 pugnante

318 3011 508 3070 universam
536 3009 660 3070 terram
684 3023 703 3068 3
728 3007 821 3068 33113
845 3007 929 3067 11333
951 3021 1055 3082 usque
1079 3005 1114 3066 in
1169 3005 1242 3081 ipso
1256 3005 1372 3066 contra
1391 3005 1546 3067 inimicos
1557 3007 1684 3084 proprii
1699 3008 1771 3081 Dei,
1787 3009 1821 3071 et
1835 3009 1907 3071 illis
1921 3010 1969 3072 su·

318 3109 435 3168 horam
460 3121 593 3166 nonam.
620 3103 675 3165 Sol
702 3104 792 3164 enim
818 3102 983 3165 subtraxit
1001 3102 1115 3163 radios
1168 3101 1351 3178 gientibus,
1374 3103 1410 3164 ut
1430 3103 1542 3180 posset
1564 3103 1688 3166 habere
1704 3105 1838 3182 plenam
1854 3109 1967 3171 victo·

319 3220 408 3276 3333,
425 3203 477 3264 vel
493 3202 570 3279 quia
583 3201 690 3262 noluit
701 3200 815 3262 videre
827 3200 1002 3261 Dominum
1018 3215 1113 3260 suum
1169 3198 1741 3277 3131333333311133333311311133
1755 3209 1907 3268 moveret
1919 3223 1967 3268 se.

318 3301 515 3380 pendentem
531 3300 565 3361 in
581 3314 692 3368 cruce,
708 3299 761 3360 vel
776 3299 854 3376 quia
876 3297 983 3360 noluit
1001 3298 1039 3360 ut
1051 3300 1114 3359 Ju·
1170 3296 1266 3359 Stetit
1280 3297 1392 3376 itaque
1407 3298 1457 3359 sol
1472 3299 1507 3358 in
1523 3299 1632 3362 medio
1647 3300 1734 3374 coeli,
1757 3303 1791 3364 ot
1813 3319 1884 3364 non
1906 3303 1969 3365 133-

319 3399 384 3461 daei
410 3398 484 3460 luce
517 3413 577 3459 333
604 3396 864 3474 perfruerentur,
898 3395 976 3472 qnia
999 3410 1113 3458 veram
1168 3392 1288 3456 tinavit
1308 3394 1504 3457 occumbere
1524 3397 1632 3474 spatio
1653 3399 1752 3459 unius
1773 3399 1854 3461 diei.
1874 3402 1970 3463 Unde

317 3499 425 3560 lucem
440 3496 607 3558 Christum
618 3493 866 3570 crucifigebant.
880 3494 1015 3569 Legitur
1026 3491 1112 3570 quod
1168 3491 1249 3553 dicit
1259 3491 1430 3570 Scriptura
1441 3493 1526 3570 quod
1539 3509 1606 3555 non
1620 3494 1683 3568 1311
1696 3497 1775 3558 31113
1782 3497 1852 3558 1313
1867 3498 1967 3576 longa

316 3603 396 3659 tunc
408 3595 554 3657 studium
573 3592 793 3670 philosophiae
813 3589 947 3668 vigebat
960 3591 1110 3664 Athenis,
1168 3589 1239 3650 dies
1258 3603 1319 3650 nec
1338 3589 1464 3666 postea.
1481 3591 1610 3653 inimici
1630 3593 1708 3656 sunt
1728 3593 1910 3670 daemones,
1935 3598 1969 3661 et

316 3695 443 3756 etcum
469 3691 633 3754 vidissent
657 3689 844 3768 philosophi
868 3688 1035 3760 tenebras,
1058 3703 1115 3749 re-
1167 3686 1807 3765 1333331331133133311111113131331331
1829 3695 1889 3771 qui
1903 3711 1969 3772 pu·

318 3791 505 3870 puisierunt
519 3805 639 3852 causas
654 3787 867 3850 tenebrarum
889 3787 923 3850 et
936 3801 1003 3848 non
1018 3785 1115 3847 inve-
1167 3786 1247 3858 gnat
1261 3787 1375 3846 contra
1391 3799 1449 3846 eos
1463 3785 1648 3849 resistendo
1660 3788 1752 3850 vitiis
1763 3791 1797 3852 et
1806 3791 1967 3867 peccatis.

316 3891 448 3952 nerunt.
471 3891 563 3950 Tunc
578 3887 688 3950 sciens
702 3885 892 3962 Dionysius,
914 3884 971 3962 qui
992 3883 1113 3945 eratin
1169 3879 1224 3942 Sol
1244 3880 1412 3958 significat
1432 3883 1623 3959 caritatem3
1647 3885 1726 3962 quia
1749 3885 1837 3949 sicut
1850 3888 1902 3950 sol
1916 3891 1968 3952 est

316 3987 375 4049 illo
400 3987 549 4062 tempore
581 3983 742 4060 magister
765 3983 855 4043 inter
885 3980 1111 4058 philosophos,
1168 3977 1372 4056 precipuum
1394 3978 1559 4042 luminare
1578 3981 1666 4044 inter
1686 3983 1798 4045 omnia
1823 3986 1969 4047 3331113-

316 4085 402 4147 dixit
426 4105 434 4144 1
460 4083 539 4161 quia
561 4085 649 4144 Deus
678 4081 808 4142 natiuae
836 4078 1034 4156 patiebatur.
1064 4079 1112 4140 lta
1167 4075 1321 4149 minaria,
1333 4077 1380 4138 ita
1391 4078 1538 4140 charitas
1551 4081 1602 4142 est
1611 4081 1718 4157 prima
1730 4082 1968 4159 etperexcelsa

317 4181 503 4243 obscuritas
514 4179 594 4241 solis
607 4177 809 4256 significavit
818 4175 1015 4254 praesentem
1030 4191 1112 4252 pas·
1168 4173 1255 4236 inter
1275 4189 1391 4256 omnes
1403 4175 1555 4238 virtutes.
1573 4178 1678 4254 lgitur
1692 4179 1822 4258 quotics
1835 4197 1971 4258 pugna-

317 4274 445 4335 sionem
459 4271 654 4334 Salvatoris.
668 4269 761 4342 Quod
775 4269 886 4332 autam
898 4270 1005 4332 tribus
1019 4269 1112 4332 boris
1167 4287 1241 4332 mus
1255 4275 1372 4336 contra
1384 4272 1549 4348 inimicos,
1559 4274 1646 4338 idest
1655 4278 1772 4340 contra
1784 4276 1968 4354 daemones,

316 4371 451 4433 fuerunt
474 4369 632 4442 tenebrae,
663 4367 923 4444 significabatur,
954 4369 1032 4446 quia
1053 4369 1113 4432 lux
1167 4368 1196 4428 31
1211 4369 1364 4430 volumus
1377 4370 1501 4432 hahere
1513 4371 1645 4449 plenam
1659 4374 1834 4437 victoriam
1846 4377 1889 4440 de
1902 4379 1967 4452 313,

315 4470 418 4531 131133
443 4467 615 4529 Trinitatis
639 4467 799 4530 31313313
822 4465 1004 4528 auferenda
1027 4468 1110 4530 erat.
1167 4467 1399 4543 praecipiamus
1421 4469 1484 4530 soli
1506 4470 1542 4531 ut
1569 4471 1633 4532 stet
1659 4471 1851 4548 immobilis,
1880 4477 1969 4540 idest

315 4566 503 4646 Aliquando
515 4565 706 4642 significant
719 4579 789 4626 rem
804 4563 961 4638 13133313,
977 4564 1063 4628 31331
1077 4565 1112 4628 13
1167 4561 1336 4626 firmemus
1360 4566 1557 4629 charitatem
1583 4567 1619 4630 in
1645 4570 1801 4632 cordibus
1824 4575 1967 4650 nostris,

315 4666 473 4728 hocloco
495 4663 628 4736 dicitur,
659 4663 746 4741 quod
769 4662 951 4724 novissimo
965 4666 1112 4740 tempore
1166 4677 1209 4723 ne
1228 4660 1361 4726 deliciat
1381 4664 1414 4725 31
1432 4665 1529 4728 33131
1551 4667 1709 4743 peccatis.
1737 4669 1967 4750 1133133333-

314 4761 1112 4841 3333131333133313Ν3313133313133313
1166 4759 1254 4826 tolus
1285 4776 1293 4817 ε
1322 4763 1405 4828 Quis
1434 4777 1497 4825 uos
1526 4767 1702 4839 separabit
1733 4781 1757 4828 a
1792 4773 1969 4834 3113311313

314 4862 400 4924 311111
415 4861 505 4922 aliud
530 4859 733 4938 significabit
747 4875 845 4936 quam
866 4861 970 4920 Deum
989 4859 1111 4922 iratum
1167 4859 1327 4920 03313111
1349 4863 1546 4934 1311313113,
1567 4877 1615 4924 an
1638 4865 1823 4941 3331131131
1851 4865 1965 4946 (Rom.

314 4959 506 5022 hominibus
528 4961 663 5036 propter
687 4959 898 5035 peccata.1n
927 4956 997 5018 sole
1022 4957 1112 5019 enim
1166 4969 1239 5027 vm,
1264 4953 1329 5035 35).
1357 4958 1407 5018 113
1430 4955 1626 5020 habebimus
1640 4960 1773 5038 plenam
1787 4963 1966 5028 victoriam

314 5056 569 5120 considerantur
591 5055 657 5117 tria
677 5075 684 5115 :
702 5053 753 5116 sol
775 5051 934 5128 exsiccat,
956 5053 1066 5118 radiat
1079 5056 1112 5117 et
1166 5055 1207 5114 de
1225 5053 1372 5116 inimicis
1393 5055 1529 5117 nostris.
1554 5056 1638 5129 Quia
1659 5059 1752 5122 nulla
1766 5075 1828 5123 nos
1842 5077 1966 5126 macu-

314 5153 392 5217 urit.
413 5153 571 5215 Exsiccat
588 5149 731 5223 fervore,
757 5149 867 5212 radiat
884 5151 1059 5229 splendore
1078 5154 1113 5214 et
1165 5149 1248 5211 labit
1266 5150 1437 5229 iniquitas,
1463 5152 1492 5214 31
1516 5152 1551 5214 13
1575 5153 1730 5217 cordibus
1753 5159 1876 5221 3331313
1896 5178 1965 5224 333

254 5256 260 5264 “
314 5253 382 5314 urit
394 5252 516 5313 calore.
533 5250 600 5322 Sol,
614 5250 650 5311 ut
667 5249 764 5311 docet
783 5247 1008 5326 philosophia,
1022 5249 1110 5311 lunae
1165 5245 1324 5311 deiecerit
1345 5249 1480 5312 caritas
1497 5251 1633 5327 Signum
1647 5254 1861 5331 reversionis,
1877 5259 1966 5324 sicut

313 5351 347 5412 et
370 5349 474 5411 stellis
497 5347 650 5409 omnibus
674 5346 782 5408 lucem
808 5345 943 5423 praebat.
970 5346 1064 5409 Unde
1078 5349 1112 5410 et
1165 5343 1305 5420 legimus
1331 5345 1366 5405 in
1398 5345 1483 5408 libro
1507 5349 1650 5426 Regum,
1673 5351 1761 5428 guod
1786 5356 1964 5429 aegrotanti

313 5446 363 5510 sol
387 5447 482 5524 quasi
507 5445 597 5508 solus
623 5445 739 5506 133333
761 5443 911 5506 vocatur.
937 5442 1047 5519 Fides,
1075 5447 1111 5508 ut
1165 5441 1314 5505 Ezechiae
1336 5443 1418 5520 Regi
1438 5443 1551 5507 datum
1575 5447 1627 5510 est
1653 5448 1785 5524 signum
1807 5452 1963 5516 sanitatis

312 5545 408 5608 docet
422 5543 606 5620 Scriptura,
628 5541 785 5604 similiter
801 5541 922 5604 animae
937 5543 1110 5606 etcunctis
1165 5539 1295 5613 1113313,
1315 5542 1517 5605 3133333333
1531 5544 1646 5606 331331
1667 5544 1781 5609 decem
1803 5547 1904 5612 lineis
1927 5554 1963 5613 in

311 5641 490 5703 virtutibus
511 5641 654 5717 gratiam
681 5639 816 5717 praebet.
847 5639 942 5702 Unde
967 5642 1000 5703 et
1027 5641 1109 5704 tides
1164 5636 1348 5714 horologio,
1366 5637 1450 5701 idest
1465 5639 1578 5704 decem
1594 5642 1697 5706 horis.
1714 5646 1798 5708 Nam
1814 5647 1849 5708 in
1865 5646 1963 5712 horo
