4090 6426
331 228 391 291 359
957 230 1132 298 HONORII
1155 237 1199 300 111
1221 239 1358 303 OPERA

331 391 524 468 Praeposito
538 393 578 451 R.
600 391 633 451 ct
647 391 678 452 J.
695 394 933 454 archidiacono
950 397 1123 457 suession.
1432 435 1647 528 TITULUS
1674 440 1729 527 XI

625 533 763 594 CAPUT
789 535 828 596 11.

401 649 407 662 ,
507 647 513 662 ,
617 648 622 659 ,
726 648 733 660 ,
926 650 931 662 ,
1283 600 1326 648 nn
1347 601 1428 649 novi
1451 603 1570 651 oannis
1591 605 1820 656 nunriirionii
1844 593 1893 674 (l)

370 646 1123 760 DilectainChristoiiiia(o)abhatissatotren.
1179 705 1332 774 mmo,
1357 705 1545 778 praeposito
1572 709 1718 780 majoris
1745 713 1898 772 ecdem
1951 715 1984 773 et

332 745 427 808 nobis
441 761 614 808 insinuare
629 747 769 818 curavit,
780 746 866 825 quod
877 763 978 824 quum
990 748 1126 826 presby·
1905 757 1913 782 ’

332 843 408 915 teri,
429 844 462 904 et
482 843 595 906 clerici
617 842 781 906 lotrensis
802 843 963 916 ecclesiae,
980 844 1121 907 Melden.
1219 800 1388 874 mmm
1409 803 1569 864 Michaelt
1596 809 1759 866 ⁰a²²⁰⁷²i⁰⁰
1782 809 1818 868 S·
1844 811 1985 871 Nimim

331 939 495 1013 dioecesis,
508 957 574 1002 non
590 941 824 1003 consueverint
835 941 1005 1018 proprium
1014 940 1061 1020 (b)
1069 942 1126 1004 ha·
1218 899 1375 958 Ambion.

331 1037 409 1100 bere
437 1037 595 1114 sigillum,
624 1053 686 1099 nec
714 1038 781 1099 sint
799 1055 902 1098 unum
926 1055 1057 1116 corpuS,
1078 1039 1124 1101 ita
1492 996 1628 1058 CAPUT
1648 999 1673 1058 Ῑ·

331 1133 417 1211 quod
453 1134 634 1212 capitulum
667 1134 869 1211 appellatum
906 1135 1142 1197 nihilominus·
1190 1127 1489 1204 -smniitcantibus
1499 1128 1550 1209 (d)
1561 1131 1733 1193 canonicis
1743 1135 1868 1196 sanotae
1878 1137 1982 1213 Opor-

329 1233 440 1293 tamen
455 1233 570 1295 contra
585 1231 788 1293 voluntatem
810 1232 915 1308 ipsius
935 1232 1121 1306 abbatissae,
1178 1227 1267 1286 tnnae
1283 1226 1449 1286 Panisiess·
1465 1226 1561 1288 nobis
1584 1228 1741 1302 inmittit,
1765 1232 1852 1308 iin0d
1876 1249 1979 1310 quum

329 1345 404 1408 quae
424 1329 572 1414 ipsorum
588 1326 634 1408 (c)
657 1329 756 1404 caput
775 1328 836 1401 est,
857 1329 889 1390 et
910 1330 1060 1406 patrona,
1077 1331 1125 1391 si·
1179 1338 1278 1399 super
1300 1323 1440 1400 eoquod
1462 1325 1623 1386 Nicolaus
1645 1327 1751 1389 Rufus
1766 1328 1853 1390 civis
1877 1331 1979 1392 Pari-

329 1427 445 1504 gillum
460 1425 583 1488 habere
597 1426 799 1488 contendunt
822 1427 858 1486 in
872 1428 945 1503 ejus
965 1428 1126 1504 praejndi-
1178 1419 1262 1480 Sien-
1279 1419 1315 1480 1¹1
1331 1420 1474 1497 quadam
1488 1421 1598 1499 Platea
1618 1425 1769 1486 ecclesi&
1790 1442 1872 1500 suae,
1889 1428 1979 1489 inira

329 1527 417 1588 cium
446 1527 478 1588 et
503 1539 694 1599 gravamen,
722 1539 825 1602 quare
849 1525 883 1584 id
908 1525 956 1588 eis
980 1541 1000 1585 a
1028 1525 1123 1586 nohis
1178 1517 1361 1580 claustrum
1380 1518 1531 1595 ipsorum
1551 1520 1627 1593 sita,
1652 1521 1700 1582 ais
1722 1523 1977 1600 prohibentibus

330 1623 424 1700 petiit
432 1621 588 1682 inhiberi.
598 1622 682 1693 Quia
692 1637 772 1684 vero
787 1621 881 1682 nobis
896 1638 962 1684 non
977 1623 1125 1684 constitit
1177 1615 1213 1674 in
1229 1631 1326 1676 snum
1350 1615 1535 1678 aediflnnhat
1549 1619 1780 1696 praejudicium
1798 1622 1831 1683 et
1854 1639 1979 1698 grava-

329 1721 370 1782 de
394 1719 588 1796 praemissis,
614 1717 746 1780 discret.
770 1719 890 1781 vestrae
914 1719 1121 1792 mandamus,
1177 1727 1264 1782 men,
1285 1712 1500 1789 deposuerint
1514 1712 1561 1793 (e)
1584 1731 1695 1778 coram
1720 1717 1859 1780 officiali
1879 1721 1979 1781 Pari-

328 1819 509 1895 quatenus,
538 1817 697 1892 inquisita
725 1830 825 1892 super
848 1817 901 1876 uis
929 1815 1122 1892 diiigentius
1178 1809 1281 1868 siensi
1317 1809 1349 1871 et
1387 1810 1623 1873 archidiacono
1658 1815 1885 1891 questionem,
1927 1819 1977 1878 eis

326 1916 479 1986 veritate,
505 1913 534 1974 si
549 1913 642 1975 vobis
658 1913 842 1974 constiterit
864 1929 935 1974 rem
949 1913 1064 1976 taliter
1087 1931 1122 1975 se
1177 1905 1392 1968 offerentibus
1427 1907 1463 1968 in
1499 1909 1684 1971 continenti
1720 1912 1863 1988 probare
1889 1930 1978 1990 praa-

328 2012 462 2084 hahera,
475 2011 573 2072 dictis
591 2010 793 2087 presbiteris
810 2009 842 2071 et
859 2009 990 2073 clericis
1006 2015 1123 2074 aucto-
1172 2003 1354 2079 iudicium
1384 2004 1418 2065 ei
1439 2005 1585 2081 Plateam
1611 2006 1652 2067 ad
1676 2023 1771 2069 suam
1797 2009 1976 2072 ecclesiam

325 2111 425 2172 ritate
447 2109 562 2170 nostra
580 2107 761 2170 inhibeatis
785 2123 955 2184 expresse,
978 2125 1020 2170 ne
1035 2123 1123 2186 prce-
1176 2100 1353 2176 Peiiissffl'e,
1379 2116 1418 2162 ⁸⁰
1442 2102 1630 2178 beientibus
1648 2104 1797 2182 insuper,
1825 2123 1895 2170 non
1918 2107 1978 2168 Ob-

327 2205 470 2278 sumant,
486 2204 540 2267 vel
553 2205 594 2266 de
609 2221 695 2268 novo
710 2204 875 2268 fabricare
895 2205 1053 2282 sigillum,
1069 2207 1121 2270 vel
1177 2197 1284 2260 stante
1297 2197 1383 2274 qnod
1408 2197 1517 2260 dictus
1539 2201 1569 2262 N
1573 2243 1580 2260 .
1597 2202 1785 2263 cautionem
1803 2203 1844 2264 de
1860 2203 1978 2266 demo-

328 2304 376 2366 uti
389 2320 439 2376 eo,
453 2304 482 2365 si
497 2303 582 2364 torte
598 2303 730 2364 noviter
744 2301 970 2378 fabricarunt3
986 2303 1076 2380 ipsos
1092 2305 1121 2366 si
1177 2293 1287 2356 lienli0
1302 2310 1402 2372 Opere
1419 2296 1591 2370 Offerebat
1603 2298 1973 2378 aediflniumpnohiberi.

327 2402 442 2464 contra
458 2400 715 2477 prohihitionem
730 2402 879 2462 nostram
900 2401 1015 2463 venire
1035 2417 1123 2478 prae-
1176 2394 1215 2453 Et
1228 2393 1305 2470 quia
1317 2392 1405 2454 idem
1420 2393 1574 2456 0ffl⁰i³lis
1589 2395 1844 2474 interloquendo
1857 2399 1977 2462 decie-

327 2497 539 2575 sumpserint,
555 2512 574 2559 a
589 2496 849 2574 praesumptione
859 2496 1050 2574 hujusmodi
1062 2513 1123 2574 per
1176 2489 1261 2552 verit
1276 2489 1488 2566 probationes
1506 2507 1620 2554 eorum
1640 2493 1864 2558 admittendas
1887 2513 1974 2568 esse,

326 2610 488 2658 censuras
509 2593 755 2656 ecclesiasticas
779 2593 1006 2674 appellatione
1030 2595 1123 2672 pose
1176 2603 1215 2648 an
1241 2586 1282 2648 ab
1305 2603 1405 2664 opere
1437 2588 1572 2652 interim
1598 2589 1853 2668 quiescendum,
1883 2593 1975 2656 idem

327 2693 435 2771 posita
450 2693 709 2769 compescentes.
1176 2686 1216 2746 N.
1235 2683 1276 2746 ad
1289 2685 1410 2746 Senon.
1425 2685 1553 2747 curiam
1568 2687 1780 2764 provocavit:
1797 2690 1856 2752 sed
1871 2709 1974 2768 quum

363 2848 405 2924 (a)
428 2847 578 2908 Abdoti'sso
600 2848 747 2906 torrenti.
777 2849 819 2905 De
846 2849 980 2917 Joiiorra,
1008 2849 1064 2917 vel,
1089 2847 1123 2905 de
1175 2841 1281 2902 bullam
1299 2841 1472 2916 plumbeam,
1490 2843 1763 2910 μολιὸοινηνβόυλλὴνς
1785 2846 1976 2920 imperatores

326 2919 608 2988 interamnensis
622 2917 762 2984 diecesis,
776 2918 884 2976 ordinis
903 2919 932 2975 S.
948 2918 1102 2976 Benedicti.
1176 2929 1245 2972 vero
1270 2927 1397 2982 auream,
1412 2915 1458 2971 vel
1480 2921 1646 2987 argenteam
1665 2916 1741 2988 apud
1755 2918 1907 2987 Zonaram,
1922 2921 1972 2977 Νί-

364 2990 521 3064 (tillebere
534 2990 670 3059 sipillam.
687 2989 800 3060 Triplex
810 2990 882 3046 ratio
901 2989 948 3045 hie
962 2989 1121 3058 adducitur,
1176 2992 1280 3054 oetam,
1296 2991 1325 3042 et
1336 2984 1490 3054 Codinutn3
1505 2999 1581 3042 nuno
1597 3000 1666 3042 vero
1678 3001 1802 3056 ceream,
1819 2987 1917 3046 habita
1928 2997 1971 3047 ta·

327 3077 378 3120 cur
400 3060 539 3119 lotrensis
561 3059 727 3116 monasterii
748 3058 831 3131 presb
854 3059 905 3116 teri
924 3059 1048 3130 sigillum
1068 3059 1119 3116 ha·
1177 3070 1243 3113 meo
1256 3055 1358 3113 eoloris
1373 3053 1569 3126 distinctione3
1586 3070 1653 3113 nam
1673 3071 1758 3130 reges
1773 3061 1863 3116 nostri
1877 3062 1908 3116 in
1928 3059 1974 3118 his

327 3131 396 3190 here
416 3145 473 3188 uon
489 3129 633 3187 debeant:
650 3130 752 3200 prima,
768 3074 850 3201 quoti
857 3143 901 3204 eii
917 3129 1122 3187 consuetudine
1177 3142 1240 3210 quaa
1254 3133 1383 3200 spectant
1393 3125 1430 3183 ad
1444 3140 1608 3209 supremam
1621 3129 1817 3186 auctoritatem
1832 3130 1970 3189 cinnaba-

328 3218 386 3260 non
397 3201 548 3258 habuerint
556 3199 676 3268 ;altera,
688 3199 763 3271 quod
775 3215 832 3256 non
843 3198 949 3256 iaciant
958 3200 1121 3284 collegium,
1177 3213 1240 3266 rim,
1261 3213 1313 3254 seu
1326 3197 1409 3260 ptivoi
1426 3195 1560 3254 adhibent
1569 3214 1581 3264 ;
1600 3211 1629 3253 in
1648 3199 1905 3272 patrimonialibus,
1926 3203 1972 3259 vel

328 3289 379 3331 seu
396 3272 571 3400 fflssiiffltfflss
587 3270 680 3338 tertia,
703 3268 778 3342 quod
793 3269 896 3327 subditi
918 3271 974 3327 sint
987 3270 1120 3354 jurisdic·
1178 3269 1241 3325 aliis
1255 3267 1402 3349 prasinum
1414 3266 1548 3324 colorem.
1562 3267 1670 3326 Eodem
1682 3283 1796 3342 quoque
1806 3273 1903 3354 colore
1915 3281 1973 3330 ute

328 3344 400 3400 iloni
421 3358 436 3400 a
457 3341 582 3410 batissae,
594 3355 656 3422 que
667 3347 711 3397 est
721 3348 843 3424 caputet
853 3347 971 3424 patrona
984 3357 1122 3426 ipsorum.
1177 3338 1259 3422 batur
1273 3339 1390 3420 lilexius
1405 3336 1617 3420 Sebastocrator
1637 3347 1711 3397 tutor
1725 3341 1875 3411 comneni,
1899 3345 1973 3416 apud

329 3415 372 3476 Ex
386 3428 443 3486 quo
468 3411 689 3485 deprehenditur
711 3419 808 3484 quanti
824 3419 961 3468 momenti
985 3419 1022 3468 sit
1037 3413 1123 3485 sigilla
1177 3412 1323 3468 Nicetsm:
1337 3409 1437 3480 reliqui
1453 3423 1554 3466 omnes
1566 3409 1653 3481 vulgo
1664 3410 1784 3470 luseum.
1797 3414 1891 3481 Quare
1904 3430 1974 3541 prae

330 3483 509 3566 usus,‚quod
536 3489 580 3540 est
605 3490 806 3609 arffumentum
823 3481 1039 3554 iurisdictionis,
1052 3499 1124 3566 'quaa
1178 3482 1261 3554 cipuo
1290 3478 1402 3562 altioris¹
1422 3477 1570 3551 dignitatis
1599 3488 1770 3562 argumento
1802 3484 1973 3568 cancelaria

329 3571 381 3630 per
402 3561 520 3623 litteras,
540 3561 568 3611 et
587 3550 635 3625 dip
648 3559 741 3609 emata
763 3561 927 3624 exercetur;
950 3568 1013 3626 cap.
1032 3570 1121 3626 sipni·
1179 3558 1283 3608 nostrae
1301 3551 1474 3606 ecclesiast
1493 3550 1648 3607 academia
1667 3553 1824 3622 tolosanae,
1847 3556 1973 3628 sigillum

329 3629 438 3700 ficunt,
464 3623 749 3696 coappellatum
770 3623 862 3682 edicta
889 3623 993 3696 saepius
1016 3638 1122 3681 vocari·
1178 3636 1261 3680 suuni
1276 3620 1489 3702 cinnabariciim
1505 3628 1533 3678 et
1548 3623 1712 3704 coccineum
1737 3623 1863 3681 colorem
1877 3625 1972 3694 reiert,

329 3703 375 3781 tiir
388 3695 598 3825 Stpsstltchquod
608 3695 665 3751 siut
677 3695 771 3821 stignssio
782 3695 891 3821 mffiiitea
904 3693 978 3822 apud
991 3695 1124 3824 Congtan-
1178 3707 1213 3820 ee
1221 3690 1509 3820 Hgggssffffffilffig
1518 3705 1598 3820 ffla
1612 3693 1780 3751 auctoritate
1793 3693 1912 3754 lundata
1927 3699 1973 3766 sit,

330 3775 422 3896 iiiiii:
435 3781 514 3894 tigisi:
525 3779 1124 3899 iiiiii&tiniaiiiitutiiifai{iiiiii
1178 3779 1195 3820 e
1215 3831 1253 3906 (c)
1268 3834 1359 3903 Caput
1373 3837 1412 3889 eat
1422 3837 1447 3888 et
1459 3805 1724 3902 potronasouerali
1740 3833 1803 3892 hec
1822 3836 1975 3896 abbatissa

330 3909 522 3992 coaptabatur.
543 3907 610 3988 liaeo
629 3904 715 3976 sigilli
735 3903 861 3985 facultas·
870 3903 995 3961 nascitur
1014 3912 1074 3986 tuin
1090 3920 1125 3962 eii
1179 3903 1317 3986 lotrensis
1332 3903 1477 4028 phaecasiati
1491 3917 1597 3960 annum
1616 3905 1695 3974 1225,
1711 3905 1739 3960 ln
1756 3921 1812 3977 quo
1827 3909 1975 3966 Romanus

328 3972 910 4128 initialitlltlili,titillatio
923 3980 961 4102 1¹¹?
969 3973 1126 4128 attilii}
1179 3972 1976 4128 attritis..:initiatasattentissimi

332 4124 363 4176 at
378 4119 461 4174 athos
476 4118 504 4174 S.
521 4116 791 4195 Dtottystt'stptttttm
803 4129 954 4184 proprium
970 4115 1077 4198 tabeat,
1090 4131 1126 4200 .³²'
1177 4113 1381 4198 jurisdictionis
1404 4115 1615 4184 ecclesiasticae,
1639 4121 1669 4171 et
1697 4115 1819 4199 forensis
1843 4120 1872 4176 iii
1896 4122 1976 4178 omni

332 4193 379 4246 cut
398 4193 437 4244 est
453 4189 486 4242 de
499 4185 697 4266 consuetudine
713 4185 946 4266 observaturum
963 4183 1123 4267 abbatissis,
1179 4186 1306 4244 districtu
1321 4198 1372 4242 suo
1387 4192 1451 4266 post
1465 4185 1582 4258 longam
1597 4193 1808 4245 contentionem
1831 4189 1908 4272 (qua
1924 4207 1974 4249 oa·

332 4259 405 4316 utin
421 4257 476 4313 hoe
487 4269 551 4382 obap.
563 4262 590 4312 et
601 4269 629 4310 in
640 4255 769 4336 Historia
779 4256 875 4337 Fontis
887 4253 1001 4338 libraldi
1012 4254 1060 4337 lib.
1072 4259 1123 4326 ill,
1180 4264 1229 4386 gut
1239 4255 1303 4340 hoc
1321 4253 1448 4338 respicit)
1464 4263 1493 4312 et
1514 4263 1578 4340 post
1596 4256 1667 4338 lecta
1683 4259 1806 4340 ¹antiqua
1822 4263 1975 4346 privilegia

333 4329 524 4480 testib}
537 4329 1124 4478 iltistlli,ilttrttttrrttlz
1180 4333 1977 4480 til.astisterunt?tiitainerti?

333 4415 420 4527 iiitam
432 4467 519 4525 tuisse
529 4465 716 4548 sigillouhupus
726 4465 886 4546 abbatissae,
896 4465 970 4549 quod
981 4482 1127 4550 ipsa-com·
1179 4469 1311 4537 librotdi,
1326 4466 1375 4550 lib.
1389 4468 1442 4535 iil,
1453 4481 1517 4558 cap.
1534 4468 1578 4537 28,
1595 4475 1663 4525 sect.
1678 4469 1705 4524 i.
1898 4545 1903 4556 ι
1954 4546 1960 4556 Ι

334 4540 511 4624 incitaverat.
528 4539 563 4593 Et
571 4536 712 4608 capitulis,
729 4534 804 4619 dioto
818 4551 880 4618 cap.
897 4539 1074 4622 sipiificooit.
1091 4541 1126 4596 Et
1216 4539 1255 4621 ti)
1280 4542 1317 4598 Ge
1346 4543 1415 4620 titre·
1432 4543 1551 4620 nexiste
1574 4553 1625 4610 pas
1655 4537 1728 4596 dans
1747 4541 1779 4621 ,la
1806 4542 1977 4625 Compitutro

334 4607 532 4692 dignitatibus,
554 4615 585 4664 ut
598 4606 786 4690 cancellariae,
811 4621 892 4680 ouius
912 4616 1077 4692 investitura
1096 4609 1126 4666 lit
1177 4625 1293 4737 frama.
1314 4609 1336 4665 ll
1351 4615 1394 4664 est
1409 4607 1543 4690 introduit
1557 4606 1630 4665 dans
1643 4609 1668 4665 la
1686 4613 1782 4680 tertia,
1797 4610 1835 4668 od
1850 4615 1868 4670 il
1885 4612 1976 4697 lorine

334 4679 616 4838 attritior
639 4677 1124 4832 ¹t¹iaittititn¹itiiatia
1180 4677 1442 4832 alietate
1460 4679 1540 4736 ΜΘ·
1561 4680 1584 4737 ¹¹
1607 4686 1651 4738 ⁶³³
1673 4681 1700 4737 ¹³
1723 4681 1773 4740 ³²⁹
1792 4681 1843 4740 ‘¹⁶⁸
1863 4685 1975 4743 aa...

334 4822 431 4880 dedisti
445 4820 582 4892 siptttum,
595 4819 733 4902 mandans
747 4823 813 4875 aiat
824 4819 990 4876 cancellarii
1002 4820 1126 4902 officium
1202 4765 1256 4906 ti)
1269 4823 1420 4904 domnica
1440 4820 1467 4877 S.
1489 4819 1649 4906 Oportano.
1670 4823 1866 4906 ¹iistecclesia
1886 4827 1975 4885 colle·

333 4897 481 4978 caerem.
499 4893 539 4950 De
554 4898 681 4964 patronis
697 4888 959 4972 idemeensendum
975 4904 1023 4961 qui
1036 4905 1122 4974 puris·
1179 4899 1257 4966 grata
1268 4907 1297 4948 ill
1313 4905 1377 4948 vico
1390 4891 1417 4946 S.
1435 4891 1571 4972 lionorati
1584 4894 1816 4978 parisiensis...
1894 4967 1900 4980 .

334 4965 487 5022 dictionem
502 4961 662 5029 habentui
676 4959 723 5016 hic
737 4959 849 5041 dicitur.
865 4961 926 5042 iioc
940 4967 1035 5016 autem
1049 4962 1126 5034 sigil·
1216 4961 1253 5048 (a)
1270 4963 1372 5020 Coram
1385 4961 1504 5041 officiati
1518 4959 1691 5020 Porisieasis
1704 4964 1909 5026 orctcdiacoui.
1920 4968 1973 5025 itr-

333 5035 402 5104 lum,
416 5040 534 5161 Εςορῑθτ
548 5030 662 5089 fraudes
673 5036 884 5112 quaeeoininitti
900 5037 1027 5158 possunt,
1043 5039 1126 5090 caute
1179 5033 1366 5118 chidiaoonus
1385 5035 1618 5116 paroechiarum
1639 5047 1696 5090 non
1715 5033 1808 5120 habet,
1824 5035 1975 5102 officiatos.

334 5113 415 5164 custo
436 5103 552 5162 rendum
579 5107 636 5170 est,
664 5103 846 5159 innocentius
875 5103 900 5159 ll
921 5142 930 5170 ,
952 5107 1039 5184 epist.
1073 5103 1125 5161 309
1179 5121 1235 5162 nisi
1249 5119 1285 5160 eii
1298 5101 1515 5171 consuetudine,
1534 5109 1567 5159 ut
1583 5101 1630 5160 hic
1651 5102 1687 5161 de
1701 5105 1905 5165 archidiacono
1919 5111 1974 5168 Pa-

247 5230 250 5236 ,
334 5173 524 5250 ejusdemllh.
541 5176 572 5232 1:
596 5172 821 5253 Uiduosratras
839 5171 1003 5253 deducito,
1023 5177 1122 5230 atino·
1180 5175 1293 5232 risiensi
1314 5173 1426 5242 dicitur,
1454 5173 1502 5244 qui
1526 5171 1613 5230 habet
1639 5189 1723 5232 suuni
1748 5175 1913 5248 oliicialem,
1946 5189 1977 5238 ut

333 5252 407 5304 turca
419 5246 510 5328 etatis
533 5243 659 5314 stptttum
681 5242 800 5310 capitata
814 5241 982 5298 custodmut.
998 5241 1079 5311 Quod
1097 5251 1126 5302 et
1180 5248 1279 5328 Glossa
1303 5244 1421 5326 colligit,
1437 5251 1475 5326 ¹et
1496 5243 1648 5301 confirmat
1666 5245 1806 5330 Qujacius,
1829 5250 1878 5320 qui
1908 5251 1976 5309 inde

334 5319 364 5374 iii
380 5316 442 5374 aula
455 5320 658 5398 imperatorum
671 5317 803 5368 accurate
813 5310 908 5380 tiebat,
923 5319 954 5368 ut
968 5320 1079 5394 constat
1090 5329 1124 5372 eii
1179 5325 1365 5392 questionem
1381 5315 1466 5384 elicit,
1482 5327 1531 5371 cur
1550 5314 1585 5371 ab
1605 5315 1797 5374 archidiaconi
1818 5320 1977 5380 parisiensi

334 5386 474 5468 Phrantza
489 5383 537 5442 hb.
556 5386 593 5452 ll,
615 5397 678 5455 cap.
704 5383 746 5440 lo.
763 5384 850 5440 Porro
864 5380 920 5438 hoc
935 5382 1060 5455 sigillum
1075 5401 1122 5443 ee·
1179 5384 1453 5470 oidoialiappellatio
1462 5385 1497 5441 ad
1508 5385 1754 5468 arehiepiscopum
1766 5389 1975 5462 senonensem,

334 5471 416 5539 reum
427 5456 479 5513 tuit
488 5451 746 5536 sapitovltoi.apud
758 5466 860 5534 omnes
870 5451 928 5534 tere
940 5468 1028 5525 quum
1038 5457 1126 5515 eccle·
1180 5473 1238 5517 non
1251 5456 1287 5515 ad
1300 5470 1321 5539 ¹e
1343 5471 1470 5527 iscopum
1487 5457 1677 5514 Parisieiisam
1692 5458 1882 5518 devolvatur?
1902 5465 1977 5522 sicut

334 5529 466 5608 siasticae,
482 5533 542 5582 tum
564 5523 700 5608 secularis
719 5528 975 5607 potestatis'viros:
992 5525 1126 5608 Summus
1181 5529 1215 5588 de
1228 5471 1430 5586 archidiacono
1443 5527 1687 5610 Rem-ensidieitur
1699 5530 1799 5602 incap.
1815 5531 1841 5601 ⁷,
1857 5533 1891 5589 dc
1902 5535 1977 5618 Pro

334 5594 462 5655 Pontifex
476 5603 573 5652 tamen
592 5609 621 5650 in
635 5599 758 5665 negotiis
777 5607 875 5665 magni
888 5603 1025 5652 momenti
1040 5595 1126 5657 habet
1180 5599 1270 5669 bend,
1287 5611 1374 5670 quum
1398 5605 1495 5655 tamen
1507 5613 1580 5671 puris
1593 5597 1663 5656 ordo
1677 5599 1823 5673 deposcat,
1843 5609 1875 5659 ut
1897 5619 1976 5678 prius
