4090 6426
268 277 328 338 135
883 276 1060 338 HON0a11
1082 277 1127 337 111
1149 279 1297 340 OPERA.
1884 283 1952 341 4323

268 437 344 498 reni
362 439 399 496 in
422 437 563 508 Lucilia,
585 433 716 506 l'aulre,
740 435 888 496 cardinal
904 435 945 497 de
971 436 1066 498 saint
1119 439 1203 511 cedi,
1226 439 1374 513 propria
1393 438 1514 500 nostra
1538 439 1712 501 colurdaia
1737 440 1950 501 ronzanum-

267 537 351 596 Jaan
366 531 505 594 etSaini
525 531 620 604 Paul,
636 532 779 594 l'auieur
798 532 842 592 du
863 535 964 594 Liber
979 536 1067 596 θεη-
1119 535 1778 612 muscipcocratitcrrcstaiomaaoobis
1791 539 1948 599 Damno
1987 504 1988 578 Ῑ

268 647 382 702 suum,
410 629 467 707 qui
490 629 540 690 rut
564 627 885 706 cardinal-prctrea
903 631 1010 707 partir
1025 630 1066 692 de
1121 633 1263 694 conlido
1282 634 1347 694 Dei
1360 632 1478 706 pratia
1499 635 1800 695 ecclcsiccaoactae
1814 637 1949 695 Letoia
1988 608 1989 680 l

271 725 1064 808 1208.(Pot111astparaitdira:1198‚supr.col.9).
1120 730 1158 790 tn
1170 731 1265 791 silico
1280 731 1422 790 diacono
1433 731 1604 790 cardinali
1616 730 1650 791 el
1663 733 1794 792 Dornni
1824 735 1949 806 Papo
1989 710 1990 768 i

270 824 433 886 Muratori
454 823 518 885 cite
542 824 600 885 des
624 825 714 886 actes
741 823 823 886 daus
844 824 989 902 lesqucls
1017 824 1066 886 las
1119 829 1354 890 camerario...
1379 843 1399 886 »
1425 827 1464 888 Et
1484 827 1569 888 cette
1589 827 1704 888 charte
1719 829 1811 890 n'est
1826 844 1899 906 pas
1914 829 1947 889 la

271 921 556 984 deuxcardinaux
570 920 791 998 ligurantala
809 921 884 996 lois,
902 937 939 984 ca
953 922 1010 1000 qui
1024 938 1066 984 ne
1121 923 1213 986 saule
1227 924 1285 1002 qui
1299 923 1450 986 metlccn
1465 921 1626 1001 presence
1640 925 1690 986 las
1705 924 1798 988 deux
1817 926 1947 987 cardi·
1990 916 1992 1000 l

272 1020 351 1098 peut
363 1019 483 1080 laisser
496 1019 645 1096 placeau
657 1019 767 1081 doute.
785 1019 892 1092 Ainsi,
916 1019 1065 1092 col.8‹17,
1123 1035 1226 1082 naux.
1990 1001 1993 1098 l

272 1133 316 1179 on
328 1117 367 1179 lit
381 1117 463 1178 dans
476 1116 508 1177 la
524 1117 689 1179 chartula
701 1118 933 1192 refutationis,
946 1116 1066 1180 iactaa
1163 1117 1302 1180 Suivaul
1314 1117 1487 1188 Muraiori,
1503 1117 1567 1181 col.
1578 1119 1648 1192 842,
1671 1121 1804 1194 Antia„
1824 1119 1863 1180 le
1877 1124 1943 1182 Li·
1993 1124 1994 1176 l

271 1213 350 1276 tiliis
364 1214 526 1278 iohannis
541 1214 744 1292 capparonis
761 1229 801 1274 :a
823 1215 1067 1288 inpraesentia
1121 1217 1182 1277 der
1193 1217 1370 1279 dorsualis
1384 1215 1435 1277 fut
1448 1213 1602 1294 compost
1622 1231 1663 1278 an
1679 1218 1759 1280 1191
1776 1219 1941 1290 ou1192‚
1994 1226 1995 1272 l

271 1326 400 1386 quodue
422 1315 649 1374 Dornioorzon
673 1314 920 1384 cardinalium,
943 1313 1066 1374 vidali-
1121 1313 1154 1374 et
1166 1313 1247 1374 c'est
1256 1328 1298 1373 an
1312 1314 1391 1374 1193
1402 1329 1467 1391 que
1492 1313 1633 1374 cencius
1656 1313 1794 1376 devient
1816 1315 1944 1375 cardi·
1995 1330 1996 1360 l

271 1410 463 1472 cctDomai
475 1411 589 1471 cencii
605 1411 701 1472 titulo
713 1411 748 1470 S.
760 1411 941 1472 Laurentii
952 1413 988 1472 tn
998 1413 1069 1471 Lu-
1122 1410 1177 1471 nal
1192 1409 1233 1472 de
1249 1410 1497 1483 sainte-Lucia,
1511 1426 1596 1488 pour
1610 1411 1747 1473 devenir
1761 1411 1848 1489 plus
1863 1413 1941 1474 tard
1996 1434 1997 1478 l

272 1511 352 1568 cina
369 1508 566 1582 presbytori
588 1510 775 1568 cardinalis
800 1508 834 1569 ot
859 1511 985 1570 Domni
1007 1511 1069 1569 Fi·
1122 1504 1405 1586 cardinal-primo
1435 1507 1476 1570 de
1512 1508 1714 1571 saint-ioan
1739 1509 1778 1570 et.
1809 1510 1941 1570 Saint—
1996 1495 1998 1576 l

274 1605 391 1664 dcccii
401 1603 596 1678 presbytcri
604 1607 796 1666 cardinalis
808 1605 907 1666 tituto
920 1607 954 1668 S.
969 1607 1073 1666 Mar·
1124 1604 1220 1667 Paul.

834 2007 1374 2136 PROLEGOMENA

708 2383 740 2468 li
790 2381 1122 2472 MURATORI
1172 2383 1500 2472 excurris

939 2633 1267 2652 m

1102 2929 1122 3018 Ι

621 3162 859 3244 [ANTIQUIT.
882 3166 1023 3226 maol!
1042 3165 1148 3236 AEVI,
1173 3167 1206 3225 Τ.
1237 3165 1291 3236 VI,
1315 3163 1510 3225 dissona.
1534 3159 1590 3242 71]

321 3427 501 3506 Splendcre
513 3445 601 3492 nunc
615 3428 766 3492 videmus
779 3429 901 3492 illustri
916 3428 1074 3509 potentia,
1130 3425 1319 3503 uectigalia,
1341 3429 1519 3500 monetam,
1537 3423 1688 3499 flumina,
1711 3426 1938 3488 metallorum

280 3540 320 3588 ac
335 3527 508 3604 temporali
518 3528 643 3590 ditione
653 3528 688 3588 in
700 3528 835 3590 castella
846 3529 878 3590 et
888 3527 997 3601 urhcs,
1009 3542 1076 3588 non
1130 3522 1273 3597 fodinas,
1294 3523 1435 3598 salinas,
1451 3525 1584 3601 aliaque
1608 3541 1675 3586 non
1700 3539 1818 3602 pauca,
1843 3525 1934 3601 apud

280 3623 508 3687 tantummono
532 3627 717 3687 Romanum
737 3626 944 3698 Pontificem,
962 3624 1020 3687 sed
1044 3625 1077 3687 et
1126 3621 1214 3698 jnris
1228 3621 1515 3699 peritoslegenda.
1531 3623 1596 3682 Per
1608 3621 1714 3698 prima
1726 3623 1854 3698 septem
1867 3623 1938 3682 Ec-

280 3735 347 3782 non
363 3739 486 3798 paucos
501 3724 700 3796 Germaniae,
717 3724 750 3784 et
765 3723 892 3800 aliquot
906 3723 1010 3785 ltaliae
1026 3737 1078 3783 ar·
1131 3718 1243 3780 clesiae
1257 3711 1381 3780 saecula
1396 3719 1537 3792 constat,
1555 3719 1677 3796 prioris
1692 3718 1828 3795 generis
1843 3717 1935 3780 bona

281 3817 521 3897 chiepiscopos
551 3819 739 3896 episcopos,
769 3821 803 3881 et
829 3819 976 3881 abbates.
1012 3819 1076 3880 Sed
1131 3815 1303 3891 complura
1325 3813 1528 3876 confluxisse
1551 3814 1587 3875 iu
1611 3815 1773 3876 ccclesias
1797 3814 1868 3876 tum
1889 3830 1934 3875 ex

281 3913 379 3991 longe
392 3916 459 3978 alia
474 3915 537 3978 suit
548 3917 627 3978 olim
637 3932 749 3978 rerum
763 3916 875 3977 iacies.
889 3917 1004 3978 Latius
1019 3915 1079 3976 ni·
1131 3912 1255 3990 pietate
1279 3911 1313 3973 at
1334 3911 1507 3974 oblatione
1525 3912 1683 3984 fidelium,
1698 3913 1768 3973 tum
1786 3926 1830 3973 ex
1853 3911 1934 3972 aliis

280 4013 401 4072 mirum
417 4029 490 4074 sese
505 4012 703 4075 extendebat
724 4012 805 4074 cleri
823 4013 995 4090 utriusque
1017 4013 1078 4074 do·
1131 4010 1255 4078 causis,
1271 4025 1353 4086 quas
1376 4009 1412 4070 in
1434 4008 1697 4086 praecadenlihus
1721 4007 1934 4086 disquisitio-

281 4108 419 4168 minatio
433 4110 468 4169 in
483 4110 634 4185 populos,
651 4111 685 4171 ei
698 4110 797 4185 longe
807 4112 924 4186 major,
938 4111 1005 4171 imo
1020 4110 1076 4170 in·
1131 4105 1229 4168 uibus
1237 4106 1408 4168 recensui.
1418 4107 1574 4178 Quaedam
1584 4106 1684 4168 ctiam
1692 4121 1735 4166 ex
1747 4103 1935 4166 minoribus

282 4203 453 4264 credibilis
463 4204 633 4280 opulentia
646 4205 824 4282 sumatque
834 4207 870 4266 iu
883 4207 979 4268 ltalia
990 4223 1079 4283 prae-
1131 4203 1301 4280 rogalibus
1311 4204 1433 4266 collata
1448 4203 1551 4265 luisse
1566 4219 1605 4265 eo
1619 4203 1694 4280 ipso
1705 4203 1854 4279 tompore
1864 4203 1938 4262 Deo
2004 4207 2011 4220 '

282 4299 397 4361 sertim
414 4322 421 4360 ι
438 4304 534 4378 cujus
555 4302 604 4363 rai
628 4302 790 4377 originem
811 4305 845 4365 et
866 4319 1077 4382 progressum
1132 4301 1257 4364 dicatis
1266 4301 1362 4374 locis,
1379 4301 1550 4378 sacrisque
1565 4299 1740 4372 ministris,
1750 4315 1824 4360 non
1840 4298 1931 4360 dilli-

281 4395 437 4458 brevihus
455 4398 597 4471 innuere
611 4401 717 4475 juvat.
740 4400 870 4476 Duplex
889 4403 962 4465 crat
984 4403 1076 4476 olim,
1132 4399 1196 4460 cile
1206 4397 1358 4459 fortassis
1369 4398 1537 4460 ostendas.
1550 4397 1614 4459 Sed
1624 4413 1697 4475 quac
1707 4399 1847 4474 maa'ora,
1860 4394 1932 4458 siva

282 4495 330 4555 uti
348 4495 381 4556 el
404 4510 502 4568 nunc,
516 4495 749 4572 temporalium
765 4496 927 4560 bonorum
947 4499 1075 4562 classis.
1133 4511 1287 4574 suprema
1305 4495 1434 4572 regalia
1449 4495 1536 4568 sunt,
1560 4495 1694 4567 habere,
1711 4493 1867 4556 videlicet
1878 4493 1932 4554 le-

280 4591 329 4652 Au
357 4577 503 4668 priorem
532 4594 682 4669 spectant
705 4595 845 4670 privata,
872 4597 984 4674 qualia
1002 4600 1080 4660 sunt
1132 4593 1330 4671 gemnicere
1345 4591 1763 4670 populis,eosquelegihus
1777 4591 1935 4749 asparis

280 4687 417 4766 praedia,
438 4690 537 4762 aedes,
559 4690 673 4768 sylvae,
700 4693 851 4768 pecunia,
868 4696 902 4756 ct
916 4694 951 4755 id
972 4711 1078 4772 genus
1133 4707 1299 4764 coercere,
1318 4690 1451 4768 judices
1474 4706 1514 4752 ac
1534 4689 1658 4752 tributa
1674 4689 1800 4751 statuar
1822 4703 1930 4762 ,con-

281 4787 360 4858 alia,
375 4803 448 4865 quae
463 4787 499 4849 in
510 4790 586 4866 jure
599 4788 733 4864 civium,
747 4791 780 4852 ei
794 4791 999 4868 privatorum
1012 4792 1078 4854 lio·
1133 4787 1278 4851 scribere
1292 4789 1427 4860 milites,
1449 4803 1574 4864 suoque
1594 4789 1672 4864 jnrc
1695 4785 1819 4847 bellum
1841 4784 1931 4845 indi·-

279 4885 406 4944 minum
430 4885 577 4946 dominio
601 4887 690 4960 sunt,
715 4903 755 4950 ac
775 4888 852 4960 emi,
868 4889 1076 4962 venumdari,
1133 4901 1220 4958 cere,
1254 4902 1319 4948 uuo
1342 4885 1444 4948 verbo
1472 4883 1673 4956 civitatibus,
1703 4881 1862 4954 castellis,
1893 4898 1932 4943 ac

280 4981 487 5054 commutari,
504 4982 657 5060 obligari,
679 4999 719 5046 ac
740 4985 859 5046 donari
882 5002 926 5047 ex
940 4987 1078 5049 institu-
1133 4983 1335 5060 regionibus,
1367 4982 1521 5045 saeculari
1553 4981 1715 5059 potestate
1743 4997 1783 5042 ac
1806 4979 1931 5041 ditione

280 5079 371 5141 tione
381 5080 530 5156 gentium
541 5083 693 5159 possunt.
704 5083 820 5145 Altera
831 5099 908 5160 pars
919 5085 1080 5161 complec-
1134 5081 1309 5154 dominari,
1329 5081 1362 5143 et
1380 5079 1564 5158 principem
1581 5079 1799 5155 temporalem
1819 5092 1930 5153 agore,

278 5177 370 5248 titur,
378 5177 464 5238 bona
476 5178 619 5255 publica,
630 5195 703 5256 quae
711 5180 751 5241 ad
759 5179 1079 5258 rempublicamsivc
1134 5179 1278 5241 nondum
1294 5177 1371 5254 legi,
1389 5178 1466 5239 ante
1487 5177 1647 5238 sacculum
1663 5191 1683 5236 a
1700 5175 1833 5237 Christo
1854 5177 1933 5236 nato

280 5274 463 5351 principem
482 5275 659 5352 pertinent,
683 5279 718 5338 et
738 5279 880 5353 senaria
904 5278 1080 5355 appellan-
1134 5277 1286 5338 octavum
1299 5273 1745 5353 cuiquamexccclcsiasticis
1753 5272 1834 5334 viris
1848 5287 1931 5332 con-

278 5371 342 5444 iur,
360 5373 431 5434 sive
447 5373 638 5449 corporales
653 5390 720 5446 res,
739 5374 810 5436 siva
821 5377 900 5452 jnra
916 5375 995 5437 sint.
1011 5380 1079 5442 nt·
1135 5389 1275 5436 cassum.
1291 5372 1407 5444 Primi,
1420 5372 1577 5450 quantum
1593 5370 1725 5448 quidem
1740 5369 1823 5430 milri
1836 5368 1933 5430 vide-

280 5485 343 5546 que
358 5469 446 5531 inter
461 5485 500 5530 ea
513 5486 727 5532 numeramus
738 5471 914 5548 imperium
925 5473 960 5533 in
972 5490 1079 5552 popu·
1134 5474 1199 5544 tur,
1214 5471 1270 5550 qui
1285 5469 1492 5548 splendidum
1507 5465 1933 5544 dominationishuJustem·

278 5566 342 5638 los,
368 5567 536 5642 angarias,
558 5569 787 5645 parangarias,
797 5569 1077 5646 jurisdictionem,
1135 5562 1933 5646 paraliscxcmplumdederaaomanirontlnces
