4076 6420
8 277 9 292 ³
100 289 165 350 805
316 286 658 362 QUADRAGESIMAE
678 286 934 350 nnssnclinun
955 277 1136 361 uulnus.
1153 315 1194 380 '¹'.
1206 287 1331 351 Plania
1357 289 1526 362 QUINTA.
1679 295 1739 356 806

7 435 8 438 ’
99 447 192 508 scire
219 443 377 524 quidquid
399 447 554 522 uoluerit,
585 446 728 524 Spiritus
755 446 895 509 Sanctus
950 446 1036 508 sicut
1058 445 1140 509 dicit
1159 445 1277 510 beatus
1302 447 1436 510 Petrus:
1472 451 1538 516 Qui
1557 453 1739 526 peccatum

97 543 195 605 dabit
213 543 299 605 uelle
319 541 541 612 essebonum,
562 545 661 607 etita
684 544 749 606 erit
764 543 896 623 perlec-
927 557 1018 606 -noo
1040 545 1131 619 scoti,
1155 559 1219 608 occ
1238 547 1333 609 dotus
1354 547 1516 608 iuuentus
1536 549 1588 611 cst
1612 552 1652 611 io
1676 565 1738 614 ore

99 642 155 702 tus
170 642 206 702 in
216 642 306 703 omni
318 642 488 719 potestate,
497 643 661 719 sapientia
674 643 707 704 et
718 642 891 704 charitate.
949 643 1023 714 uos
1038 639 1123 720 (Pet
1140 657 1177 715 n,
1188 641 1253 722 22).

988 738 1048 800 Vel
1058 753 1136 802 caro
1151 740 1265 802 nostra
1279 740 1400 803 dicitur
1413 741 1544 816 lluctus,
1559 743 1637 821 quia
1651 760 1738 822 quo-

464 837 535 923 ΧΧ
948 834 1028 898 tidie
1041 836 1127 898 sicut
1138 853 1223 915 aqua
1240 837 1366 899 dultin
1383 841 1542 916 mortem:
1561 841 1639 918 quia
1654 843 1740 904 sicut

563 986 567 992 ,
949 933 1127 1007 nascimur,
1149 933 1196 997 ita
1214 935 1390 1011 morimur:
1410 937 1488 1014 quia
1510 937 1550 999 de
1562 938 1654 1001 terra
1669 941 1739 1002 nati

98 1041 448 1114 Qupppqrfflfflpffl
455 1039 893 1113 flpooMquQuqm
949 1045 1062 1092 sumus
1077 1033 1111 1094 et
1123 1031 1158 1092 in
1170 1033 1295 1094 terram
1313 1035 1530 1096 retenemus
1546 1035 1641 1098 Unde
1655 1036 1742 1113 legi-

948 1143 1021 1188 mus
1035 1128 1071 1190 in
1086 1126 1185 1190 Libro
1198 1131 1325 1208 Regum
1339 1130 1425 1208 quod
1441 1131 1591 1208 quaedam
1606 1135 1739 1211 sapiens

949 1223 1070 1286 mulier
1090 1223 1176 1289 dixit
1194 1225 1236 1287 ad
1259 1226 1382 1289 David:
1408 1230 1532 1292 munos
1551 1235 1738 1306 morimur,

138 1326 217 1388 lbot
246 1328 348 1388 Jonas
381 1327 419 1387 tn
446 1325 624 1386 civitatem
651 1339 727 1399 quai
748 1323 894 1385 vocator
948 1322 983 1383 ct
1008 1323 1097 1385 sicud
1121 1337 1222 1398 oquae
1245 1327 1430 1387 dilabimur
1449 1329 1487 1388 in
1506 1327 1642 1390 tcrrom
1663 1343 1742 1404 quo

96 1413 218 1487 Notou.
292 1420 385 1501 (Luc.
399 1437 459 1494 vn,
477 1419 541 1502 11).
947 1433 1017 1480 non
1029 1421 1258 1482 reuertuntur
1269 1418 1315 1500 (11
1327 1423 1408 1498 Reg.
1422 1437 1491 1496 xiv,
1508 1421 1577 1504 14),
1593 1425 1672 1502 quia
1686 1441 1741 1502 ge-

139 1519 343 1594 Evangelio:
377 1518 475 1581 lectio
502 1533 600 1595 quam
621 1517 718 1582 modo
740 1515 891 1588 audistis,
948 1517 1076 1578 nerado
1090 1515 1234 1590 advenit,
1251 1519 1286 1580 et
1297 1520 1469 1594 generatio
1486 1521 1644 1598 preterit.
1666 1522 1738 1584 ild-

97 1613 891 1688 iratresoarlsslmi,nititurtribusuiisuidelicet,
947 1613 1039 1674 venit
1050 1614 1226 1685 nascendo,
1245 1614 1278 1676 et
1290 1611 1437 1692 praetorii
1449 1617 1631 1680 moriendo.
1646 1619 1741 1682 Unde

95 1715 253 1786 historia,
269 1713 440 1789 allegoria,
457 1713 491 1776 et
512 1712 708 1790 tropologia,
725 1711 810 1773 idest
827 1725 895 1772 mo-
950 1710 1123 1772 salomon:
1142 1713 1253 1774 Narro
1272 1712 1399 1787 estqui
1416 1726 1555 1788 semper
1574 1716 1682 1790 vivut,
1707 1719 1744 1782 ct

95 1810 493 1890 :alitatauistoriaquia
503 1811 615 1872 omnia
626 1807 845 1887 quaeaudlstis
857 1807 893 1868 in
947 1811 1006 1882 oui
1016 1809 1118 1882 bouus
1132 1811 1186 1870 ret
1199 1809 1321 1870 bubcot
1332 1808 1605 1889 fiduciomOEccl.
1622 1829 1669 1886 11,
1691 1812 1737 1895 4).

96 1909 258 1986 presenti
272 1907 424 1980 lectione,
441 1908 489 1969 its
499 1907 679 1969 creduntur
692 1906 780 1968 lacta
792 1905 828 1967 in
840 1919 894 1966 ue·
987 1903 1114 1966 Dicitur
1126 1904 1226 1966 etiam
1241 1906 1427 1979 commotio,
1445 1907 1523 1984 quia
1536 1923 1614 1971 caro
1626 1911 1740 1974 nostra

95 2004 210 2078 ritate,
232 2005 318 2067 sicut
331 2004 443 2066 audita
456 2005 533 2066 sunt
547 2005 587 2066 ad
602 2003 758 2066 litteram.
775 2005 813 2064 ln
828 2016 892 2080 quo
947 2002 1093 2079 quotidie
1106 2002 1331 2064 commovetur
1341 2003 1383 2064 ad
1396 2005 1611 2066 tentationem
1626 2010 1742 2072 contra

95 2102 331 2164 consideretur
351 2117 472 2178 magna
486 2101 716 2164 misericordia
730 2100 894 2176 Redemp-
947 2099 1223 2177 spiritum-Unde
1236 2099 1414 2177 Apostolus
1428 2121 1436 2162 :
1459 2105 1549 2165 Coro
1562 2110 1742 2181 coucupis-

94 2201 198 2272 toris,
222 2199 335 2278 quiin
358 2199 526 2261 ciuitatem
546 2200 640 2260 illam
663 2198 817 2274 dignatus
842 2196 894 2257 est
946 2196 993 2257 cit
1006 2199 1174 2257 adversus
1187 2197 1361 2270 spiritum,
1377 2199 1523 2271 spiritus
1537 2202 1655 2262 autem
1673 2205 1740 2264 od·

94 2297 159 2369 ire,
173 2296 231 2359 ubi
244 2296 370 2358 sciebat
381 2296 486 2358 lilium
499 2296 609 2359 viduae
623 2295 788 2357 mortuum
806 2307 891 2363 esse,
946 2307 1069 2354 versus
1086 2305 1228 2380 curnem
1243 2289 1364 2371 (Galat
1377 2311 1409 2366 r,
1426 2294 1489 2375 17).
1514 2297 1549 2357 Si
1560 2296 1645 2360 bene
1660 2315 1742 2361 con-

95 2395 133 2456 ut
154 2396 189 2456 et
204 2394 339 2457 viduam
355 2393 595 2462 consolaretur,
621 2392 726 2453 lilium
746 2383 766 2452 a
785 2389 892 2452 morte
947 2389 1128 2461 alderetur,
1151 2403 1231 2451 caro
1257 2404 1324 2451 non
1352 2392 1557 2469 concupiscit
1580 2395 1740 2459 adversus

94 2490 346 2563 resuscitando,
372 2491 405 2552 et
424 2490 546 2552 multos
566 2489 609 2551 ad
632 2489 730 2552 fidem
752 2503 893 2550 conver-
947 2485 1110 2563 spiritum,
1127 2486 1204 2564 quia
1214 2485 1300 2548 nibil
1309 2489 1514 2566 concupiscit
1525 2491 1596 2553 sine
1607 2494 1737 2570 spiritu,

92 2587 192 2660 teret,
217 2589 251 2650 et
268 2588 304 2648 in
321 2586 386 2647 ilde
400 2587 613 2649 confirmaret
635 2602 693 2663 spe
715 2601 891 2647 resurrec·
946 2598 1052 2660 neque
1079 2583 1216 2660 spiritus
1241 2585 1462 2662 concupiscit,
1485 2587 1646 2651 adversus
1669 2607 1742 2654 car·

92 2683 198 2746 tionis
213 2683 384 2760 erigendo.
401 2682 465 2744 Sed
478 2683 564 2744 sicut
577 2682 658 2745 dicit
673 2682 789 2744 beatus
809 2683 893 2744 Gre-
945 2693 1033 2753 nem,
1046 2680 1123 2757 quia
1138 2680 1247 2758 diligit
1264 2682 1382 2760 ipsam,
1402 2684 1488 2746 sicut
1506 2684 1587 2749 dicit
1604 2689 1741 2765 Aposto-

90 2783 211 2858 gorius
228 2779 415 2841 :iniamus
435 2795 544 2841 sermo
566 2779 661 2858 quasi
675 2779 890 2857 quidamtlu-
945 2778 1013 2839 lus:
1026 2781 1137 2840 Nemo
1156 2793 1299 2842 coruom
1311 2795 1412 2843 suom
1425 2785 1501 2844 odio
1514 2787 1631 2847 babuit
1641 2784 1737 2866 (pr.

90 2879 172 2940 vius
193 2876 244 2938 est
263 2876 383 2954 planus
404 2876 438 2938 et
460 2877 564 2950 altus,
590 2877 627 2938 in
652 2891 717 2955 quo
738 2878 891 2954 stagnus
945 2873 1049 2954 vus),
1062 2875 1119 2937 sed
1128 2875 1251 2940 dictum
1261 2878 1312 2939 est
1323 2880 1568 2956 concupiscere,
1581 2883 1658 2960 quia
1669 2899 1740 2946 oar·

90 2973 243 3036 ambulet
254 2975 287 3036 et
297 2973 432 3052 elephas
444 2973 545 3036 natet
554 2977 730 3036 »Praesens
744 2974 843 3036 lectio
855 2975 892 3036 ut
945 2972 1036 3033 nalia
1047 2972 1130 3035 vitia
1141 2975 1380 3051 concupiscunt
1394 2975 1558 3040 adversus
1573 2980 1737 3057 spirltum,

90 3071 228 3132 divinus
241 3085 350 3131 sermo
364 3086 443 3132 vere
459 3070 582 3134 fluvius
597 3071 656 3144 est,
674 3072 752 3148 qula
766 3074 890 3134 terram
944 3068 979 3131 et
1008 3069 1145 3146 spiritus
1168 3070 1328 3132 adversus
1353 3072 1424 3134 illa.
1451 3074 1545 3136 Unde
1570 3079 1739 3155 apostolus

90 3168 321 3230 cordisvestri
334 3168 444 3245 potest
459 3168 582 3244 rigare,
598 3168 635 3230 ut
648 3169 749 3231 iaciat
762 3167 890 3230 fundus
944 3165 1081 3228 Petrus:
1098 3169 1241 3229 Obsecro
1263 3183 1325 3231 uos
1348 3169 1513 3244 tuaquom
1532 3169 1685 3237 odoerm
1706 3176 1741 3238 ot

90 3265 184 3328 vitae.
209 3265 249 3327 ut
269 3264 321 3327 est
342 3265 462 3343 planus
480 3265 684 3342 simplicibus
704 3280 764 3344 per
777 3264 888 3327 blsto-
939 3266 1401 3348 percoriuosobstiucreoos
1414 3273 1644 3334 ocoriaolibos
1653 3277 1740 3335 desi-

90 3363 192 3436 riam,
219 3362 307 3425 altus
333 3361 537 3440 sapientibus
557 3362 836 3440 perallegoriam,
853 3363 889 3424 in
943 3363 1061 3433 derio,
1097 3375 1175 3435 quoa
1200 3363 1353 3424 miiitoot
1384 3368 1553 3429 aduersus
1582 3373 1739 3432 oninium

91 3473 157 3538 quo
181 3475 306 3536 agnus,
330 3460 432 3533 idest,
458 3459 595 3536 quilibet
620 3459 762 3536 simplex
782 3461 889 3536 potest
944 3454 973 3536 (I
987 3456 1057 3520 Pet.
1071 3472 1108 3530 11,
1126 3455 1190 3536 ll).

90 3557 275 3631 ambulare,
297 3556 393 3630 idest,
417 3556 520 3618 uerba
542 3556 619 3618 uitae
643 3555 834 3633 percipere;
856 3556 889 3619 et
982 3555 1118 3633 Triplex
1144 3553 1334 3618 colluctatio
1354 3555 1446 3619 fideli
1474 3560 1580 3622 estin
1601 3563 1736 3626 mundo.

92 3655 242 3732 elephas,
268 3654 364 3727 idest,
389 3651 530 3731 quilibet
554 3650 688 3729 sapiens
702 3653 811 3730 potest
825 3668 890 3714 na·
942 3651 1073 3730 Pugnat
1085 3667 1228 3729 namque
1247 3651 1354 3714 tidelis
1375 3654 1491 3717 contra
1505 3673 1639 3720 carnem
1661 3677 1736 3739 quae

89 3751 177 3825 tare,
193 3751 289 3824 idest,
306 3751 434 3813 secreta
453 3749 626 3828 sapientias
650 3763 810 3828 quaerere,
827 3749 887 3813 sed
942 3749 1146 3828 concupiscit
1159 3749 1320 3812 adversus
1335 3751 1499 3829 spiritum,
1523 3754 1610 3818 sicut
1627 3760 1738 3835 Apos-
1766 3753 1772 3763 ’

88 3848 132 3909 ad
147 3847 347 3928 profundum
361 3864 428 3910 non
441 3850 627 3926 pervenire.
939 3847 1028 3910 tolus
1047 3849 1113 3910 ait:
1136 3850 1236 3910 Video
1256 3851 1361 3910 olion:
1382 3853 1491 3926 opem
1509 3855 1547 3914 ir:
1571 3858 1738 3922 membris

130 3947 211 4010 Ibat
233 3947 336 4008 lesus
360 3949 399 4008 in
424 3945 601 4008 ciuitatem
632 3959 710 4022 quo:
742 3946 888 4009 vocatur
939 3947 1027 4006 ouis
1037 3945 1292 4034 repugnantem
1304 3948 1371 4020 leot
1384 3947 1512 4010 mentis
1524 3963 1612 4012 occoe
1625 3950 1735 4031 (Rom.

88 4029 209 4106 Noim.
238 4043 337 4104 Nalm
375 4040 613 4120 interpretatur
647 4041 785 4113 fluctus,
814 4041 886 4106 sive
939 4056 998 4114 vn,
1018 4037 1084 4121 23).
1109 4040 1240 4117 Pugnat
1258 4040 1381 4104 iterum
1403 4042 1512 4107 tidelis
1532 4047 1647 4110 contra
1670 4049 1738 4132 im-

88 4139 278 4213 commotio,
291 4137 646 4216 etsignidcatcarnem
660 4139 807 4202 nostram
822 4139 886 4201 lra-
939 4139 1024 4217 pios,
1044 4137 1219 4215 dequibus
1239 4138 1288 4202 ait
1318 4141 1500 4204 Dominus:
1525 4147 1638 4209 Eritis
1658 4151 1735 4212 odio
1770 4131 1771 4136 ἵ

88 4238 203 4312 gilem,
230 4236 422 4316 passibilem
443 4239 476 4298 et
494 4235 682 4309 mortalem,
699 4251 773 4314 quae
800 4235 884 4299 bene
939 4239 1094 4300 munibus
1106 4237 1254 4312 propter
1268 4252 1394 4300 omnen
1410 4253 1528 4303 mcum
1545 4241 1676 4322 (Mattb.
1698 4261 1734 4319 x,

89 4331 215 4397 dicitur
237 4333 373 4407 fluctus,
407 4332 485 4410 quia
512 4332 659 4410 quotidie
685 4333 825 4396 fluctuat
851 4334 885 4396 et
937 4331 1004 4412 22).
1019 4333 1059 4394 nt
1073 4334 1130 4394 :Si
1143 4345 1199 4394 mc
1205 4336 1483 4409 persecutorum,
1498 4338 1533 4400 ct
1543 4355 1604 4402 oos
1611 4357 1738 4416 persc-

88 4429 175 4500 ilnit‚
192 4430 278 4492 sicut
293 4445 390 4509 aqua,
414 4431 450 4492 in
470 4429 562 4493 vitiis
578 4429 610 4492 et
623 4429 779 4508 peccatis.
800 4431 885 4504 Quia
938 4430 1088 4505 mutor
1099 4425 1208 4507 (Joan.
1221 4445 1277 4502 xv,
1293 4429 1359 4510 20).
1373 4434 1505 4508 Pugnat
1513 4435 1613 4498 etiam
1627 4437 1735 4500 fidelis

89 4528 178 4590 sieut
205 4527 285 4590 dicit
312 4526 417 4590 David
435 4544 479 4589 :c
503 4529 541 4588 In
566 4527 743 4605 iniquitate
769 4544 884 4590 sumus
939 4527 1055 4589 contra
1082 4524 1286 4604 asperiorem
1320 4527 1503 4603 inimicum,
1527 4531 1567 4593 de
1600 4549 1665 4610 quo
1686 4536 1735 4599 ait

90 4624 254 4702 concepti,
277 4625 311 4687 et
323 4625 359 4686 in
374 4624 509 4702 peccato
521 4624 602 4696 nati,
618 4626 682 4687 »ot
696 4629 733 4686 to
743 4627 883 4700 peccato
937 4623 1133 4702 Apostolus:
1148 4626 1228 4685 Nou
1239 4624 1291 4686 est
1302 4626 1398 4686 uobis
1407 4629 1597 4692 connotatio
1606 4636 1735 4695 odrico-

90 4725 252 4784 oioimus.
278 4721 372 4784 Unde
386 4722 422 4783 in
436 4719 646 4782 Proverbiis:
668 4724 750 4788 Quis
768 4724 885 4796 potest
937 4735 1164 4794 meconem,
1179 4723 1241 4782 scd
1252 4724 1421 4784 aduersus
1435 4728 1612 4802 principes
1629 4731 1735 4805 otpo-

89 4821 224 4882 dicere:
243 4820 412 4881 mondum
429 4817 482 4880 est
500 4833 561 4879 cor
577 4831 705 4890 mum,
723 4818 758 4881 ct
768 4833 884 4894 porus
939 4819 1080 4882 testatos
1093 4815 1227 4898 (Ephes.
1241 4833 1288 4892 vr,
1303 4817 1368 4898 12).

89 4929 168 4977 sum
181 4931 204 4978 o
213 4917 376 4990 noccotol
391 4912 503 4994 (Pron.
519 4931 576 4986 xx,
593 4912 639 4995 9).
658 4917 698 4976 nt
717 4918 881 4978 ioannes:
977 4915 1110 4977 Primus
1131 4915 1235 4976 hostis
1264 4917 1372 4990 nocet,
1393 4915 1479 4981 idest
1502 4935 1592 4991 caro,
1624 4924 1733 4986 motus

89 5013 340 5086 didicerimus,
353 5017 434 5086 quio
444 5013 880 5090 peccotomuonbobcmus,
937 5013 1073 5076 illicitos
1094 5012 1275 5086 incitando,
1292 5014 1350 5091 qui
1380 5016 1431 5079 est
1445 5017 1628 5081 vincendus
1643 5025 1735 5100 jeju-

90 5123 153 5172 nos
170 5113 262 5186 ipsos
282 5111 488 5183 seducimus,
512 5110 549 5174 ct
567 5109 700 5173 coritas
725 5113 764 5172 io
786 5113 883 5174 uobis
937 5111 1014 5180 niis,
1025 5110 1161 5186 vigiliis,
1173 5109 1353 5184 laboribus,
1365 5114 1583 5190 orationibus,
1591 5118 1734 5197 aliisque

90 5219 159 5269 uon
177 5209 239 5281 est,
257 5207 340 5284 quio
354 5209 392 5268 in
408 5209 528 5270 moitis
543 5207 749 5282 offeruimus
764 5222 883 5272 omncs
936 5208 1127 5286 hujusmodi
1152 5207 1326 5271 domando.
1349 5210 1435 5272 Hinc
1459 5214 1635 5289 Apostolus
1663 5219 1731 5279 ait:

93 5300 229 5380 (licen.
250 5321 274 5378 1,
295 5303 340 5386 8).
362 5303 459 5365 Solus
480 5305 567 5366 Deus
585 5305 720 5366 estsine
734 5306 880 5382 peccato,
937 5308 1075 5382 Costioo
1097 5321 1223 5382 corpus
1251 5321 1379 5377 mcum,
1411 5309 1445 5370 et
1466 5313 1503 5371 in
1527 5315 1733 5377 seruitutem

936 5407 1055 5480 redico
1068 5402 1097 5483 (1
1114 5404 1187 5464 Cor.
1204 5418 1252 5472 ix,
1271 5403 1338 5483 27).
1353 5405 1393 5466 nt
1409 5405 1507 5468 item:
1521 5411 1732 5483 Mortificate

339 1187 441 1236 sunna
460 1187 588 1245 curura
610 1170 657 1253 (1)

92 5459 884 5608 :titillationis‘lalcis-atinio
936 5504 1092 5564 ooo
1116 5502 1234 5563 vesco
1261 5515 1339 5576 nr
1365 5505 1448 5566 nrt
1596 5509 1732 5574 teram

92 5598 120 5655 m
136 5603 363 5678 quadragesima.
938 5591 1058 5676 (colos.
1075 5613 1124 5672 in,
1141 5596 1186 5678 5).
1204 5599 1375 5662 Secundus
1387 5600 1492 5670 bostis
1507 5606 1615 5676 nocet,
1631 5607 1728 5684 idest,
