4084 6428
327 217 390 282 863
794 209 971 272 HONORII
992 207 1039 268 111
1060 205 1208 266 OPERA.
1227 235 1264 248 -
1280 204 1514 268 SERMONES.
1931 207 1994 270 864

329 375 434 439 dixit:
458 376 570 438 Adam
583 373 707 436 adieci
721 369 818 450 (Ceu.
833 385 884 443 ιιι,
899 367 946 448 9).
968 368 1032 430 Diu
1046 366 1123 444 qui-
1213 363 1330 438 Aliter,
1354 365 1424 426 tres
1446 363 1605 426 mulieres
1636 364 1713 425 suut
1735 365 1805 426 tres
1828 363 1995 438 virtutes,

328 475 402 538 dem
417 473 575 534 clamavit
588 469 746 532 Dominus
762 468 796 530 in
807 466 977 546 paradiso,
994 465 1052 526 sed
1066 480 1122 524 se-
1174 459 1340 535 vidclicet,
1354 461 1474 538 gratia,
1488 461 1718 522 misericordia
1732 461 1764 522 et
1778 477 1858 538 pax.
1874 464 1994 524 Maria

328 570 472 634 cundum
486 568 690 630 voluntatem
708 583 802 628 suem
822 581 888 626 non
908 564 1036 640 accepit
1049 577 1123 622 res-
1176 559 1372 636 Magdalena
1394 559 1632 635 interpretatur
1653 559 1831 631 turrensis,
1853 561 1891 620 et
1916 562 1993 636 sig-

328 683 480 746 pcnsum.
498 665 592 728 Unde
607 664 648 726 ad
665 665 774 726 terras
795 661 975 732 descendit,
995 661 1029 723 ct
1046 661 1124 720 tan-
1177 658 1290 718 nificat
1304 657 1445 732 gratiam
1460 656 1594 724 Christi,
1610 672 1684 732 quae
1701 658 1752 718 est
1769 656 1868 717 nohis
1882 659 1994 718 turris

328 765 403 828 dem
429 763 575 842 pendam
600 763 636 823 in
661 777 759 824 cruce
778 760 925 837 respexit
946 758 1120 830 latronem,
1177 753 1382 817 tortitudinis
1403 769 1424 814 a
1445 752 1531 814 iacie
1556 753 1696 825 inimici,
1719 753 1816 825 idest,
1842 755 1995 816 munitio

328 862 424 942 quasi
437 861 614 922 clamaret:
635 862 745 922 Adam
764 861 821 920 adt
839 861 897 920 cst
911 859 950 918 lit
963 856 1040 916 illc:
1057 859 1124 916 Do-
1176 852 1229 914 vel
1240 850 1388 913 defensio
1401 849 1496 911 fortis
1509 851 1625 911 conha
1636 851 1832 926 potestatem
1844 851 1994 912 diaboli.

329 961 430 1031 mine,
447 959 565 1036 inquit,
579 959 614 1018 in
629 973 728 1018 cruce
744 972 816 1016 sum
832 957 864 1018 et
878 955 978 1030 digua
991 951 1123 1030 quidam
1177 949 1285 1010 Maria
1312 947 1428 1010 Jacobi
1451 963 1524 1024 quae
1552 947 1792 1024 interpretatur
1818 949 1995 1025 supplan-

328 1057 425 1124 iactis
439 1055 576 1132 recipio,
594 1069 661 1115 non
679 1069 731 1115 me
753 1069 888 1124 excuso,
911 1050 968 1112 sed
992 1049 1125 1111 miseri-
1177 1046 1296 1117 tatrix,
1321 1044 1489 1120 significat
1515 1045 1780 1106 misericordiam
1801 1062 1881 1122 qnae
1905 1063 1994 1123 sup-

329 1154 477 1216 cordiam
505 1153 592 1229 peto.
611 1151 671 1212 Cui
691 1151 851 1212 Dominus
866 1149 1032 1226 justitiam
1057 1163 1123 1209 non
1178 1143 1317 1220 plantat,
1339 1142 1436 1210 idest,
1452 1140 1593 1202 destruit
1617 1145 1789 1219 peccatum
1804 1143 1921 1204 dando
1937 1160 1994 1204 re-

328 1251 473 1328 negavit,
485 1250 542 1312 sed
558 1247 699 1327 patriam
709 1247 852 1310 reddidit
864 1247 998 1308 dicens:
1013 1248 1124 1308 Hodie
1178 1238 1382 1300 missionem.
1408 1238 1540 1300 Salcme
1565 1239 1807 1316 interpretatur
1830 1240 1990 1317 pacifica,

328 1365 464 1412 mecam
488 1351 561 1410 era
583 1351 620 1408 ta
644 1349 828 1420 paradiso,
854 1360 914 1421 per
937 1343 1126 1406 accusatio-
1179 1337 1212 1398 et
1226 1337 1392 1413 significat
1410 1351 1525 1413 pacem
1547 1353 1621 1414 quae
1642 1339 1818 1414 conjungit
1830 1353 1897 1398 nos
1922 1341 1991 1400 Deo

329 1463 406 1510 nem
420 1443 669 1506 undecccidisti
684 1459 744 1521 per
758 1442 1019 1504 excusationem.
1179 1449 1239 1512 per
1261 1432 1494 1505 obedientiam,
1519 1434 1553 1495 et
1575 1432 1727 1511 proximo
1751 1450 1812 1511 per
1838 1451 1991 1496 concor-

369 1545 476 1616 Quum
491 1542 579 1602 enim
593 1540 973 1602 Deusacceditcthomc
988 1537 1127 1600 conflte-
1180 1532 1280 1593 diam.
1302 1534 1349 1592 De
1369 1530 1422 1591 his
1439 1530 1548 1592 trihus
1567 1531 1649 1592 dicit
1667 1531 1845 1608 Apostolus
1869 1533 1990 1594 Timo-

328 1641 394 1710 tur‚
411 1638 638 1700 misericordia
657 1637 718 1698 Dei
738 1638 926 1698 accedentis
949 1638 981 1698 et
1001 1636 1126 1698 veritas
1181 1628 1257 1691 theo
1268 1628 1387 1689 dilecto
1398 1628 1468 1689 tilio
1480 1645 1488 1688 ε
1501 1630 1634 1700 Gratia,
1645 1632 1991 1704 misericordiafflffl

329 1735 475 1798 hominis
487 1734 676 1797 confitentis
691 1733 826 1796 obviant
838 1732 913 1794 sihi.
923 1735 962 1796 nt
974 1734 1052 1811 quia
1063 1733 1128 1794 mi·
1179 1741 1202 1787 a
1215 1729 1286 1788 Dec
1300 1726 1410 1787 Patre
1420 1728 1539 1788 nostro
1552 1724 1650 1804 (Tim.
1660 1740 1684 1797 r,
1696 1723 1742 1806 2).
1754 1728 1815 1787 Hae
1825 1727 1990 1788 mulieres

330 1830 512 1896 sericordia
531 1830 659 1893 invenit
686 1830 860 1892 veritatem
879 1831 1031 1906 justitiae,
1059 1845 1126 1891 non
1180 1823 1295 1886 emunt
1306 1824 1466 1895 aromata,
1479 1821 1611 1900 quando
1623 1824 1826 1886 annuntiant
1837 1823 1990 1884 humano

329 1928 529 2006 relinquitur
545 1927 638 1989 locus
662 1926 849 1988 calumniae.
866 1929 941 2004 Ipsa
953 1927 1030 1988 dum
1045 1941 1128 1987 con·
1181 1920 1273 1982 cordi
1297 1921 1460 1997 promissa
1485 1920 1645 1992 coelestia,
1661 1920 1848 1982 etveniunt
1867 1923 1907 1982 ut
1926 1937 1991 1981 un-

330 2026 431 2090 sentit
440 2024 583 2102 justitia,
600 2025 672 2102 ipsa
687 2025 720 2085 ct
734 2039 801 2101 pax
810 2023 1011 2085 osculantur.
1026 2026 1066 2084 nt
1081 2024 1126 2085 ita
1180 2017 1260 2094 gant
1275 2020 1400 2090 lesum,
1417 2016 1512 2088 idest,
1527 2016 1696 2078 laetificent
1716 2033 1990 2095 unumquemque

331 2122 489 2201 operante
504 2119 733 2182 misericordia
756 2121 789 2182 et
805 2120 1015 2198 permittente
1025 2121 1128 2198 Justi-
1182 2114 1311 2176 ildelem
1332 2115 1563 2177 christianum.
1580 2117 1620 2177 Et
1642 2114 1781 2177 veniunt
1794 2115 1839 2176 ad
1863 2133 1989 2177 monu-

329 2221 378 2284 tta
399 2219 436 2282 tlt
459 2218 688 2282 reconciliatio
703 2217 791 2288 inter
818 2221 922 2280 Deum
948 2217 982 2280 et
1008 2233 1128 2296 pecca·
1182 2214 1327 2274 mentum
1342 2213 1494 2290 ortcjam
1514 2212 1595 2286 sole,
1609 2212 1705 2284 idest,
1718 2228 1792 2274 cum
1808 2213 1933 2274 coelum
1948 2213 1988 2274 ah

329 2317 446 2380 torem.
1182 2311 1321 2372 orientis
1342 2310 1491 2388 partibus
1508 2313 1579 2388 jam
1603 2309 1799 2382 albesceret,
1826 2310 1926 2382 idest,
1948 2311 1988 2372 ad

370 2415 475 2478 Pedes
490 2413 550 2476 Dei
569 2416 647 2476 sunt
665 2413 893 2476 misericordia
908 2413 1124 2491 etjudicium,
1182 2423 1240 2470 cor
1271 2408 1428 2470 mundum
1457 2407 1587 2469 Christo
1620 2407 1848 2477 illuminante,
1877 2410 1988 2484 gratia

333 2528 402 2575 non
423 2512 482 2574 illa
506 2511 736 2573 misericordia
756 2527 829 2589 quas
850 2512 1055 2574 aeternaliter
1078 2511 1129 2572 est
1181 2505 1272 2567 venit
1286 2505 1394 2567 dando
1409 2505 1576 2574 virtutem,
1590 2505 1820 2567 misericordia
1832 2504 1987 2567 faciendo

330 2609 366 2672 ln
395 2611 462 2672 Deo
484 2609 666 2672 secundum
690 2609 776 2687 quod
807 2610 895 2670 Deus
926 2609 1056 2671 creator
1076 2609 1128 2670 est
1182 2603 1411 2665 remissionem
1430 2603 1655 2680 pcccatorum,
1672 2619 1739 2679 pax
1757 2604 1986 2681 componendo

330 2707 491 2780 omnium,
503 2707 560 2768 sed
575 2707 741 2783 illaquam
753 2704 869 2768 hahuit
883 2721 942 2784 per
957 2707 1129 2784 experien·
1182 2702 1218 2762 in
1232 2701 1473 2780 tranquillitate
1487 2701 1646 2762 animum.

331 2805 412 2866 tiam
423 2803 805 2879 infirmitatishumanae3
822 2804 855 2866 et
864 2804 1028 2881 judicium
1041 2803 1128 2881 quod
1222 2799 1267 2860 nt
1281 2802 1378 2861 valde
1392 2813 1495 2860 croac
1512 2813 1584 2859 aaa
1598 2799 1826 2860 sabbatorum
1843 2800 1986 2860 veniant

331 2901 444 2964 datum
459 2901 510 2963 est
524 2901 566 2974 ei,
583 2901 662 2978 quia
677 2901 766 2962 tillus
781 2901 926 2963 hominis
941 2901 992 2963 est
1005 2916 1128 2963 secun-
1182 2899 1227 2958 cd
1239 2896 1501 2958 manuducatum
1514 2895 1677 2967 crtojam
1690 2899 1770 2967 sole,
1784 2896 1819 2956 et
1831 2897 1986 2957 ductant

331 2997 409 3058 dum
430 2996 537 3058 illud:
562 2997 673 3058 Pater
687 2998 903 3070 conjudicat
923 3013 1128 3072 quanquam
1182 2997 1227 3056 ad
1256 2997 1404 3054 lauaem
1420 3014 1427 3052 ι
1441 2995 1523 3058 (lats
1543 2993 1697 3054 revolvet
1717 2995 1813 3054 achis
1835 2995 1985 3068 lapidem

332 3092 442 3174 (Joan.
461 3107 494 3164 v,
517 3090 582 3170 22).
604 3092 664 3152 llis
690 3091 829 3169 pedihus
854 3093 1001 3156 ambulat
1023 3095 1128 3158 Filias
1183 3094 1223 3153 ah
1237 3091 1324 3152 ostio
1338 3090 1575 3152 awaumeuttr
1588 3091 1634 3150 Et
1648 3091 1874 3164 resptctcntes
1891 3093 1985 3152 cide-

331 3189 391 3252 Dei
406 3188 462 3266 qui
477 3185 666 3248 miserando
681 3187 1052 3264 etjustejudicandoad
1067 3192 1130 3253 ho-
1182 3189 1267 3249 rant
1293 3189 1488 3250 revolutum
1519 3185 1983 3266 maldam(nlarc.xv1,2).

331 3287 438 3348 mines
453 3283 591 3348 accedit.
616 3285 684 3345 Hcs
711 3283 811 3360 pedes
829 3284 937 3348 fidelis
959 3286 1129 3351 osculatur
1183 3287 1283 3361 Lapis
1313 3285 1552 3363 superpositus,
1576 3286 1626 3346 est
1652 3285 1777 3347 duritia
1800 3285 1911 3347 cordis
1934 3285 1984 3348 vel

331 3383 409 3448 dum
422 3399 458 3444 se
472 3397 566 3444 reum
577 3381 733 3458 judicans
746 3381 779 3443 ct
790 3382 951 3444 confitens
964 3399 1024 3461 per
1033 3387 1129 3448 mise·
1185 3381 1359 3444 delectatio
1374 3382 1593 3454 carnalitatis
1607 3396 1705 3459 quem
1720 3381 1798 3459 quia
1812 3381 1985 3444 revolvere

329 3480 509 3548 ricordlam
521 3479 581 3541 Dei
601 3479 734 3542 veniam
751 3477 792 3540 dc
808 3481 953 3557 peccetis
976 3484 1130 3562 assequi·
1183 3495 1250 3542 non
1277 3495 1453 3556 possumus
1477 3481 1589 3556 utpote
1611 3479 1768 3541 mulieres
1789 3478 1929 3556 fragiles
1955 3481 1986 3542 et

330 3579 396 3644 tur.
1183 3577 1346 3650 carnales,
1370 3577 1412 3638 ad
1433 3576 1590 3652 angelum
1610 3576 1724 3653 magni
1747 3577 1881 3638 consilii
1905 3593 1985 3639 voce

371 3675 527 3754 Sequitur
543 3691 551 3736 :
568 3675 610 3737 lli
630 3677 708 3738 sunt
730 3691 894 3754 pauperes
911 3677 1033 3740 Christi
1046 3695 1128 3756 quos
1184 3673 1357 3737 clamando
1373 3673 1567 3750 dirigamus,
1582 3675 1618 3738 ut
1631 3674 1783 3736 revolvat
1797 3673 1894 3735 nohis
1905 3673 1987 3751 lapi-

329 3773 408 3836 laici
436 3774 589 3851 exemplo
620 3772 736 3836 Maria
771 3773 976 3850 Magdalanae
1009 3775 1130 3837 dehent
1183 3771 1269 3842 dem,
1292 3773 1336 3834 ut
1352 3771 1393 3832 ad
1415 3771 1627 3848 sepulchrum
1650 3770 1781 3847 ingredi
1802 3770 1982 3833 valeamus.

330 3885 454 3947 ungere
469 3870 625 3948 operibus
637 3869 783 3948 pietatis,
801 3871 929 3933 dicente
942 3872 1101 3950 propheta
1119 3894 1127 3934 ε
1183 3869 1276 3932 Licet
1294 3869 1404 3930 autem
1426 3869 1539 3930 nimiae
1562 3868 1737 3944 gravitatis
1758 3868 1802 3930 sit
1820 3868 1906 3945 lapis
1929 3885 1986 3928 su-

237 3993 239 3998 ·
329 3971 469 4043 Frange
483 3969 788 4040 esartcattpaaem
803 3968 910 4042 taam,
927 3984 1052 4046 epeaos
1065 3985 1130 4032 aa
1183 3966 1380 4044 perpositas,
1404 3981 1471 4028 non
1496 3964 1696 4038 diffidamus,
1720 3965 1798 4043 quia
1821 3964 1983 4028 revolutio

330 4078 457 4142 pesque
493 4065 596 4125 trtdac
628 4066 666 4124 ta
699 4067 839 4126 dmaam
877 4067 974 4127 taam
976 4109 1036 4127 .....
1068 4065 1125 4146 (Ιε.
1183 4063 1302 4142 lapidis
1317 4079 1383 4125 non
1396 4063 1431 4122 in
1443 4063 1558 4124 nostra
1570 4063 1722 4125 consistit
1731 4061 1982 4136 deliberatione,

331 4173 424 4230 nvur,
448 4156 495 4238 7).
520 4159 555 4220 Si
572 4159 635 4220 hoc
659 4158 778 4232 iecisti,
801 4160 923 4222 Christi
938 4161 1038 4238 pedes
1059 4179 1127 4224 un·
1182 4159 1291 4222 sedin
1307 4160 1379 4222 sola
1398 4159 1511 4222 divina
1525 4159 1712 4222 vocatione.
1727 4159 1822 4222 Unde
1836 4159 1981 4221 dicitur:

329 4254 421 4316 xisti.
438 4253 543 4332 Caput
564 4255 675 4316 autem
698 4255 820 4318 Christi
839 4257 1037 4334 intelligitur
1054 4260 1128 4338 ipsa
1182 4259 1247 4322 cito
1263 4258 1299 4319 ut
1312 4257 1450 4320 mutatio
1466 4256 1611 4318 dexterea
1626 4257 1768 4320 Excelsi.

331 4351 500 4424 divinitas,
517 4351 595 4428 quia
614 4350 795 4412 secundum
823 4354 1015 4431 Apostolum
1030 4359 1128 4435 caput
1225 4355 1266 4417 nt
1288 4355 1504 4418 introcuntes
1526 4357 1790 4416 mouumentum
1820 4357 1981 4418 otdcraat

330 4447 481 4511 mulieris
496 4448 546 4510 est
566 4447 630 4516 vir,
654 4450 753 4526 caput
773 4449 838 4510 viri
850 4449 1012 4526 Christus,
1029 4457 1128 4532 ceput
1174 4456 1342 4526 juvenem
1362 4453 1538 4514 sedentem
1552 4455 1590 4514 ta
1609 4454 1747 4514 dcatrts
1768 4453 1803 4514 ct
1825 4455 1983 4527 opertam

330 4545 452 4610 Christi
476 4547 574 4608 Deus.
600 4547 671 4608 Hoc
694 4545 793 4623 capnt
812 4547 898 4624 quod
923 4549 974 4611 est
996 4551 1126 4627 princi·
1180 4550 1267 4612 stom
1291 4548 1980 4629 ccaaaaetoostapueraat(uarc.xv1,

328 4644 432 4722 pium,
465 4642 620 4705 monachi
653 4642 774 4706 debent
805 4661 931 4722 ungere
959 4649 1126 4724 unguento
1181 4645 1226 4726 5).
1239 4650 1320 4708 Tres
1335 4647 1412 4709 eunt
1432 4661 1574 4724 namque
1596 4647 1719 4723 gradus
1743 4647 1892 4709 sedendi.
1907 4651 1983 4712 Pri-

328 4739 628 4818 ccntemplationis,
642 4740 678 4802 ut
691 4741 834 4802 terrenis
846 4743 1128 4820 postpositisevo-
1181 4761 1254 4806 mus
1269 4745 1319 4806 est
1337 4744 1455 4817 minor,
1470 4743 1635 4806 secundus
1650 4747 1768 4822 major,
1784 4745 1904 4807 tertius
1927 4763 1983 4808 su·

326 4838 449 4900 lentad
464 4837 624 4910 coelestia,
647 4837 687 4899 de
704 4839 827 4902 virtute
845 4839 882 4900 in
896 4841 1053 4904 virtutem
1065 4859 1125 4904 es·
1181 4858 1325 4919 premas.
1350 4843 1482 4904 Primus
1506 4843 1556 4906 est
1581 4841 1696 4904 sedere
1721 4859 1821 4920 super
1843 4843 1981 4906 flumina

326 4935 515 5007 candentes,
530 4934 635 4998 donec
656 4937 759 4998 Deum
781 4937 918 5000 deorum
936 4939 1072 5002 videant
1092 4941 1125 5003 in
1179 4939 1370 5016 Babylonis,
1387 4939 1551 5002 secundus
1572 4941 1623 5001 est
1641 4939 1757 5002 sedere
1773 4940 1814 5002 ad
1834 4957 1983 5004 mensam

327 5034 418 5096 Sion.
435 5033 597 5094 Caeterum
608 5033 723 5096 clerici
736 5033 855 5098 dehent
867 5051 992 5112 ungere
1006 5053 1125 5122 corpus
1180 5036 1306 5109 divitis,
1333 5035 1450 5099 tertius
1475 5037 1526 5100 est
1548 5037 1664 5099 sedere
1686 5037 1720 5097 in
1744 5038 1903 5099 navicula
1930 5039 1983 5100 Si-

326 5129 461 5202 Christi,
488 5129 575 5207 quod
601 5129 652 5192 est
676 5131 836 5206 Ecclesia,
863 5132 1005 5196 fovendo
1033 5134 1125 5198 illam
1180 5134 1299 5196 monis.
1316 5137 1353 5196 ln
1367 5135 1474 5212 primo
1497 5134 1613 5197 sedent
1636 5133 1761 5208 fideles,
1778 5136 1814 5195 in
1834 5137 1981 5200 secundo

325 5227 427 5292 verbo
442 5226 568 5305 pariter
580 5227 613 5290 et
631 5229 795 5305 exemplo,
814 5229 851 5292 ut
868 5229 1124 5294 imitenturenm
1175 5235 1327 5308 juvenes,
1343 5231 1488 5292 intortio
1503 5247 1611 5293 senes.
1629 5233 1787 5308 inprime
1811 5234 1933 5306 renati,
1947 5235 1980 5296 iu

325 5325 383 5405 qul
398 5325 497 5402 coepit
511 5323 622 5388 iacere
635 5325 668 5387 et
680 5325 810 5396 docere,
827 5327 917 5403 quia,
931 5331 990 5402 qai
1001 5332 1124 5404 [cccrtt
1180 5328 1326 5391 secundo
1344 5328 1495 5402 litterati,
1516 5328 1552 5390 in
1572 5329 1670 5391 tertio
1691 5329 1832 5406 praelati.
1849 5332 1980 5392 Primus

325 5423 359 5485 et
374 5423 537 5491 meat,
553 5425 607 5485 dic
617 5426 953 5500 mapaasaocaoaur
966 5427 1002 5488 in
1017 5441 1124 5506 ropac
1174 5426 1346 5504 justificat,
1370 5426 1534 5488 sccundus
1556 5426 1737 5500 illuminat,
1753 5427 1875 5489 tertius
1901 5445 1980 5492 con-

326 5525 490 5584 cadcram
505 5517 637 5600 (Matth.
653 5537 685 5594 v,
700 5520 746 5602 9).
1179 5525 1331 5586 summat.
1348 5523 1480 5586 Primus
1494 5525 1672 5602 generalis,
1689 5524 1855 5588 secundus
1878 5527 1980 5603 parti-
