4108 6418
59 305 120 365 am
150 280 154 286 '
571 295 730 369 ouium
752 295 1017 356 contemtum.
1042 295 1119 358 nia.
1143 297 1183 357 11.

1646 307 1706 379 250

61 464 150 526 earet
179 461 221 522 ni.
253 457 452 536 praedictus:
488 451 731 532 propterquod
766 452 854 514 idem
911 454 1049 529 existat,
1079 455 1256 517 statuimus
1285 460 1318 518 et
1343 460 1530 532 sancimus,
1559 466 1594 526 ut
1619 469 1707 530 sicut

63 559 255 638 procurator
271 556 419 617 nostram
437 553 641 616 audientiam
661 549 852 628 appellavit.
910 555 1026 614 contra
1050 555 1233 615 Romanam
1248 553 1429 617 Ecclesiam
1452 561 1603 624 nonnisi
1626 581 1707 625 cen-

62 658 223 731 Quocirca
254 654 336 716 disc.
352 670 384 715 v.
419 650 616 713 mandamus
641 649 727 727 quod
751 649 779 709 si
799 665 855 710 res
909 650 1039 711 tenaria
1061 651 1166 712 currit
1189 653 1408 730 praescriptio,
1426 658 1607 720 secundum
1622 677 1706 722 con-

61 759 107 818 ita
127 771 163 815 se
191 753 303 825 babet,
332 751 487 814 revocato
511 750 547 810 in
571 748 703 810 irritum
725 748 753 808 si
776 747 853 824 quid
911 747 1707 827 stitutionescanonicasetlegitImassanctiones

62 853 135 932 post
159 850 349 928 hujusmodi
375 848 632 926 appellationem
657 844 855 906 inveneritis
910 846 957 907 ita
971 861 1102 923 quoque
1123 846 1189 923 ipsi
1214 848 1365 910 ecclesiae
1385 851 1525 912 minoris
1547 855 1706 933 temporis

62 958 186 1013 temere
215 948 425 1022 attentatum,
461 945 607 1006 audiatis
642 958 794 1015 causam,
824 943 858 1003 et
910 943 1119 1020 praescriptio
1134 959 1201 1005 non
1216 943 1367 1008 obsistat.

63 1049 144 1125 quod
167 1046 364 1108 canonicum
388 1044 498 1116 luerit,
519 1041 743 1119 appellatione
759 1041 854 1117 post-

62 1147 179 1222 posita,
195 1142 363 1206 statuatis.

281 1317 494 1408 TITULUS
526 1318 638 1404 XVII

219 1517 263 1562 ua
283 1511 612 1562 raascmermmaus
635 1493 694 1575 (1).

151 1618 274 1680 Priori
288 1613 515 1682 eteoooentat
529 1613 695 1674 Lateran.
720 1607 772 1689 (a)
1215 1634 1351 1696 CAPUT
1375 1637 1400 1695 Ι.

366 1737 503 1799 CAPUT
522 1737 547 1797 Ῑ·
951 1768 1055 1837 Quum
1066 1782 1202 1828 causam
1218 1782 1291 1843 quae
1306 1767 1395 1828 inter
1405 1769 1438 1829 te
1460 1785 1502 1830 er
1516 1771 1612 1846 parte
1627 1787 1706 1844 una,

101 1893 196 1954 Sedis
202 1887 401 1968 Apostolicae
407 1881 673 1962 circumspectio,
682 1893 756 1958 quae
767 1877 857 1938 circa
912 1865 945 1925 oi
958 1862 1171 1925 Benedictuin
1186 1863 1359 1942 syndicum
1370 1866 1616 1930 communiiaiis
1632 1870 1711 1931 Coi·-

64 2007 177 2052 omnes
197 1988 361 2050 ecclesias
376 1972 858 2062 suaeproridentiaeconsuevit
913 1961 1022 2022 noian-
1033 1961 1167 2022 1101111118
1177 1961 1281 2038 IPSIUS
1293 1963 1537 2026 00mmussiiaiis
1547 1980 1590 2025 ex
1600 1965 1708 2027 altera

64 2082 558 2155 nabereeousiiium,i11arum
585 2072 857 2138 indemnitatibus
912 2057 1113 2134 vellebatur,
1132 2058 1252 2121 d1100i0
1276 2059 1298 2120 s·
1325 2075 1357 2119 n·
1384 2056 1432 2140 (e)
1461 2041 1708 2124 assuetorum

1123 1175 1336 1267 TITULUS
1359 1177 1493 1268 XVIII

982 1360 1026 1407 oa
1047 1359 1246 1419 asarenam,
1263 1361 1306 1408 ar
1327 1363 1371 1409 aa
1391 1365 1555 1413 aunrcnrn
1575 1350 1634 1433 (2).

1010 1461 1117 1522 Petro
1131 1464 1255 1524 Lcortts
1269 1459 1316 1542 (c)
1328 1467 1370 1526 dc
1384 1467 1540 1528 correcto.
1557 1465 1608 1548 (d)

64 2183 273 2264 propensiori
296 2180 393 2243 debet
418 2177 528 2241 studio
552 2188 758 2254 praecavere,
783 2185 857 2248 quae

65 2284 126 2360 ipsi
153 2284 312 2360 tanquam
344 2274 493 2339 membra
521 2272 623 2350 capiti
650 2267 857 2333 cohaerentes

66 2380 222 2458 specialis
247 2377 311 2440 sibi
335 2371 596 2436 necessitudinis
622 2367 756 2432 vinculo
781 2363 860 2425 sunt

66 2477 245 2538 adstrictae.
276 2473 354 2534 inde
380 2470 431 2532 est
459 2468 544 2546 quod
572 2481 672 2544 quum
700 2463 856 2524 Lateran.

66 2575 208 2636 eeclesia
225 2569 370 2648 speciale
387 2566 570 2628 membrum
580 2561 779 2640 Apostolicae
796 2559 860 2618 Se-

66 2673 116 2732 dis
133 2674 166 2734 et
183 2667 229 2750 (b)
252 2664 395 2730 Romani
418 2662 582 2742 pontilicis
602 2657 739 2738 propria
764 2653 860 2716 sedes

101 2847 140 2918 (ll
156 2847 194 2905 Ge
208 2845 273 2901 titre
288 2847 332 2898 est
345 2841 371 2898 le
387 2839 433 2896 18θ
447 2836 483 2894 de
497 2837 524 2893 la
541 2832 707 2906 coropiiutio
716 2829 819 2902 priano
833 2833 862 2884 et

66 2918 90 2974 le
105 2919 155 2975 260
172 2912 345 2972 desociaret.
362 2909 571 2980 (lre'porienncs.

102 2986 146 3062 (a)
163 2984 262 3042 Priori
275 2989 300 3038 et
315 2979 462 3040 conventui
491 2974 685 3034 Lateroocasi.
703 2970 860 3030 canonico·

67 3075 129 3116 rum
153 3055 329 3128 regularium
360 3054 394 3107 1).
423 3047 586 3120 Augustini.
616 3041 861 3115 praeruptionem

68 3127 261 3186 centenarium
285 3123 315 3179 iu
330 3121 453 3196 gratiam
473 3117 602 3175 ecclesiae
621 3117 649 3172 S.
667 3113 786 3172 ioannis
804 3113 860 3168 La·

69 3197 236 3260 teraueusis,
253 3201 379 3266 utpotes
399 3189 488 3248 eciale
504 3186 663 3246 membrum
678 3183 758 3241 Sedis
775 3183 862 3254 Apos-

70 3272 160 3329 tolica
184 3264 336 3324 introduxit
386 3262 516 3328 onorius;
534 3273 569 3314 co
600 3271 631 3312 ar
653 3261 770 3310 umento
787 3250 862 3324 quod

70 3343 114 3398 ilia
131 3348 238 3396 tautum
255 3338 347 3393 locum
363 3331 493 3390 habuerit
514 3335 611 3386 contra
630 3271 789 3384 Iotaanam
805 3325 860 3379 Ee-

70 3411 187 3468 ciesiam
214 3414 298 3480 caput
324 3403 451 3461 omnium
478 3400 674 3464 ecclesiarum,
701 3402 732 3453 ut
756 3393 863 3450 scilicet

70 3483 230 3552 ubicunque
244 3486 382 3535 terrarum
407 3473 495 3531 Sedes
514 3473 642 3528 Romana
663 3466 862 3538 possessiones

72 3553 209 3618 habuerit,
223 3549 277 3606 hac
287 3543 499 3619 praescriptione
508 3541 648 3605 luiciatur,
660 3545 689 3594 et
698 3535 863 3594 constitutio

72 3621 222 3682 iustiniani
237 3621 330 3676 iocum
355 3623 465 3673 tantum
483 3612 597 3678 habeat,
619 3622 684 3664 can.
710 3607 753 3676 16,
779 3620 806 3677 q.
835 3605 862 3660 3.

72 3697 160 3764 Quam
190 3690 305 3764 quidem
330 3686 477 3745 Novellam
513 3681 548 3739 ad
576 3680 713 3737 ecclesias
742 3675 865 3732 orientis

73 3773 179 3822 tantum
197 3762 337 3835 pertinere
354 3757 449 3814 docuit
463 3753 605 3825 (injectus,
622 3763 709 3821 quum
726 3754 822 3803 tamen
837 3751 866 3800 et

73 3833 264 3894 occidentales
290 3824 553 3900 comprehenderit,
575 3828 607 3878 ut
627 3835 663 3876 ex
686 3817 802 3876 Novella
825 3817 865 3873 ill

73 3905 237 3964 ostenditur.
251 3900 399 3973 originem
410 3895 525 3968 quidem
536 3891 707 3950 oentenaria
721 3887 867 3961 praeserip-

75 3979 158 4034 tionis
176 3973 342 4048 ingratiam
359 3971 509 4026 Emesena
530 3963 659 4021 ecclesia
676 3958 864 4017 introductam

75 4049 160 4106 luisse
174 4051 289 4103 notatur
303 4057 338 4098 ex
351 4038 500 4110 Procopio,
516 4036 546 4093 in
565 4030 694 4091 Historia
710 4033 867 4096 creancet

74 4123 281 4190 cousequenter
293 4112 328 4170 ad
344 4113 502 4168 ilomauam
515 4103 673 4164 Ecclesiam
695 4100 865 4167 traductam,

75 4199 104 4248 ut
114 4191 174 4263 jam
191 4183 325 4245 annotavi
341 4180 376 4239 ad
390 4180 460 4237 titul.
475 4179 515 4234 oe
528 4175 686 4248 proscripa
703 4169 778 4244 apud
796 4172 864 4228 Gre-

76 4277 136 4334 gor.
156 4255 236 4328 Quod
252 4263 347 4312 autom
371 4253 399 4308 in
419 4266 482 4322 cap.
501 4249 533 4304 13
555 4254 583 4304 et
604 4245 647 4309 ll,
662 4244 719 4299 eod.
743 4243 800 4309 tit,
817 4255 868 4312 per

78 4335 234 4390 itomanam
250 4323 407 4383 Ecclesiam
420 4319 579 4390 intelligere
590 4317 651 4372 vuit
668 4313 798 4385 cujacius
818 4326 865 4366 ec·

77 4403 192 4459 etesium
206 4401 233 4456 S.
249 4396 335 4463 Petri,
353 4408 410 4448 nou
425 4399 468 4448 est
480 4385 706 4454 exaudiendum
727 4381 866 4454 siquidem

78 4472 196 4530 ecclesia
210 4470 237 4527 S.
253 4467 326 4525 Petri
338 4479 395 4520 non
407 4471 450 4519 est
461 4459 601 4533 praecipua
612 4455 712 4514 sedes:
730 4455 868 4510 imovero

78 4543 197 4600 ecclesia
214 4542 241 4597 S.
257 4535 375 4596 toenitis
387 4530 597 4594 Latarancnsis‚
614 4534 643 4584 ut
655 4527 714 4598 ipse
727 4523 869 4581 Honorius

81 4615 223 4686 prolitetur
245 4609 299 4665 boc
321 4621 398 4676 cap,
414 4605 442 4660 in
458 4617 513 4674 qua
528 4599 642 4672 quidem
654 4597 746 4654 soleat
766 4609 866 4650 conse·

80 4687 149 4742 erari
167 4680 272 4741 suriani
293 4675 453 4741 Pontifices,
472 4679 502 4729 et
522 4668 624 4728 deiude
650 4669 677 4723 iu
695 4665 815 4722 scelesta
839 4665 867 4720 S.

80 4757 152 4812 Petri
169 4750 311 4816 coronari,
328 4755 357 4805 ut
379 4751 518 4802 testantur
533 4740 582 4824 qui
605 4740 679 4795 vitas
702 4735 869 4807 Pontificum

81 4826 317 4896 conscripserunt.
333 4817 463 4888 Quinque
477 4821 582 4870 etenim
596 4808 678 4866 sedes
694 4805 867 4878 patriarcha·

82 4899 121 4954 les
135 4894 293 4954 constitutae
309 4889 420 4946 luerunt
436 4889 544 4942 iterna.
560 4881 654 4938 Prima
670 4885 698 4935 et
718 4879 868 4949 prmprua

82 4977 109 5024 et
123 4976 151 5024 ut
166 4971 250 5036 eaput
263 4961 435 5031 reliquarum
452 4953 598 5020 Laterani3
612 4948 737 5007 sectanda
751 4963 814 5020 quae
829 4955 872 5002 est

82 5030 382 5106 constantinopolitani
399 5023 565 5102 patriarcha
580 5020 616 5079 ad
627 5022 654 5078 S.
667 5022 799 5088 Pctrum3
815 5025 870 5074 ter·

83 5111 120 5166 tia
133 5103 313 5166 Alexandrini
330 5099 365 5158 ad
381 5102 409 5158 S.
431 5097 565 5164 Paulum3
588 5098 686 5166 quarta
702 5087 872 5146 Antiochoui

85 5181 118 5238 ati
131 5184 158 5238 S.
175 5176 292 5236 hieriam
303 5171 449 5244 liajorem,
466 5175 493 5224 et
508 5165 605 5238 quinta
624 5159 871 5233 HIerosolymitani

84 5251 119 5309 ad
134 5253 160 5308 S.
175 5245 366 5306 Laurentium.
377 5243 444 5311 Quae
459 5245 579 5311 quatuor
589 5235 696 5292 ultimae
708 5238 773 5288 suut
787 5243 873 5286 mom·

84 5321 131 5378 bra
153 5319 277 5377 basilicae
304 5311 523 5377 Lateranensis,
548 5322 611 5379 quaa
639 5303 752 5376 proprie
772 5301 874 5358 dicitur

87 5392 210 5450 Ecclesia
223 5391 360 5451 Romana,
372 5390 402 5439 ut
411 5379 556 5439 annotavit
566 5375 728 5448 onuphrius
740 5374 875 5428 nactam

85 5465 116 5519 tte
130 5463 277 5532 episcopot.
294 5461 319 5512 et
332 5455 410 5511 titul.
423 5451 478 5509 Sed
494 5449 569 5506 dicet
592 5445 704 5518 aliquis,
722 5458 772 5500 cur
787 5442 875 5516 igitur

87 5535 113 5589 iu
123 5533 177 5589 hoe
187 5546 250 5602 cap.
262 5525 404 5586 lionorius
413 5521 486 5580 idom
499 5518 678 5594 privilegium
690 5513 875 5573 Lateranensi

87 5604 223 5668 ecelesiae,
247 5597 322 5673 quod
341 5599 475 5654 liomame
494 5589 632 5662 indulget,
655 5601 741 5659 quum
758 5587 873 5642 latera·

89 5676 184 5731 rtertsis
196 5670 295 5728 eadem
319 5668 353 5725 sit
373 5681 438 5722 curn
456 5666 593 5728 listriana,
615 5667 642 5715 ot
658 5667 751 5716 tatncn
767 5655 877 5713 videtur

914 2155 1708 2232 SergiietBacchidiaconocardinaliduxerimus

913 2252 1192 2324 committendam,
1210 2253 1246 2315 tu
1260 2253 1397 2330 syndico
1404 2254 1476 2332 ipso
1491 2259 1656 2332 praesento
1671 2258 1707 2318 in

919 2350 1067 2428 ejusdem
1099 2349 1281 2410 cardinalis
1316 2351 1521 2428 proposuisti
1552 2369 1706 2430 praesen-

913 2449 971 2521 tia,
998 2446 1084 2525 quod
1104 2448 1265 2525 potestas,
1290 2449 1457 2522 rectores,
1481 2449 1648 2526 syndicus,
1676 2453 1710 2514 et

915 2546 1055 2622 populus
1072 2546 1291 2617 Cornetanus,
1307 2561 1366 2622 pro
1378 2561 1417 2607 eo
1431 2545 1516 2624 quod
1532 2549 1569 2608 P.
1587 2548 1620 2610 et
1632 2547 1706 2610 Phi.
1761 2543 1762 2550 ’

915 2643 1019 2705 laicos
1048 2643 1088 2704 de
1117 2642 1257 2705 Corneto
1291 2658 1392 2720 super
1419 2642 1560 2720 quadam
1586 2645 1706 2715 vinea,

916 2819 1114 2895 distingueret
1135 2819 1372 2893 hn,quia,quum
1387 2817 1454 2877 dleit
1471 2821 1629 2878 itomanam
1650 2823 1706 2879 Ee-

916 2895 1045 2960 alesiam,
1055 2891 1142 2947 intelli
1166 2892 1187 2948 it
1206 2890 1422 2947 universalem?
1442 2898 1471 2946 at
1485 2891 1532 2948 hie
1544 2893 1640 2962 agitur
1657 2908 1707 2966 pe·

916 2965 1059 3022 culiariter
1081 2961 1117 3018 de
1144 2906 1276 3044 Vasiliea,
1305 2975 1356 3017 seu
1378 2961 1483 3033 templo
1503 2965 1701 3031 Lateraucnsi,

918 3041 1000 3108 prout
1011 3048 1063 3090 suo
1078 3031 1184 3089 ambitu
1199 3038 1368 3088 eoutmctur.
1386 3031 1437 3090 Vel
1469 3032 1543 3088 otius
1559 3033 1704 3091 existima·

917 3109 975 3188 rim
986 3103 1142 3188 lionorium
1155 3102 1210 3158 hoc
1220 3101 1401 3174 privilegimn
1415 3047 1565 3175 inVngere
1577 3118 1634 3159 non
1651 3111 1708 3161 iarn

917 3178 1041 3234 itaetlloae
1060 3173 1256 3240 bateranensi,
1279 3187 1363 3244 quarn
1381 3175 1511 3244 personis
1524 3181 1553 3232 ct
1566 3175 1652 3232 rebus
1673 3189 1709 3232 ex

917 3251 977 3321 ipsa
992 3243 1229 3318 dependentibus,
1246 3259 1296 3315 pro
1308 3243 1410 3315 quibus
1428 3242 1565 3301 dubitatio
1581 3245 1641 3303 lieri
1674 3261 1707 3302 o·

918 3325 999 3401 terat,
1021 3331 1109 3390 quum
1125 3329 1181 3371 nou
1197 3314 1310 3387 proprie
1325 3313 1377 3370 sub
1392 3313 1472 3371 titulo
1492 3315 1628 3373 Romame
1651 3261 1705 3373 Vo-

917 3391 1011 3447 clesraa
1023 3385 1341 3469 eornpreheodereotur.
1361 3387 1395 3440 Et
1410 3384 1464 3441 hoc
1478 3385 1648 3443 confirmare
1664 3387 1705 3443 vi-

918 3461 1000 3518 detur
1016 3457 1162 3528 inscriptio
1177 3457 1262 3528 butus
1275 3455 1388 3526 capitis,
1408 3469 1472 3526 quae
1490 3465 1545 3524 est,
1566 3457 1665 3512 Priori
1683 3461 1709 3513 et

918 3529 1064 3610 conventui
1081 3525 1276 3593 lateranensi,
1299 3540 1335 3582 ex
1355 3540 1412 3596 quo
1436 3526 1573 3598 colligere
1596 3528 1662 3584 licet
1679 3529 1708 3584 in

918 3609 1040 3674 gratiam
1070 3610 1256 3670 personarum
1277 3594 1333 3651 hoc
1357 3593 1509 3652 indulsisse
1537 3599 1707 3654 lionorium.

919 3675 1049 3727 tieterum
1078 3669 1175 3724 neseio
1209 3680 1245 3721 an
1280 3664 1335 3721 hoe
1361 3665 1542 3737 privilegium
1569 3666 1710 3740 intelligat

920 3746 1076 3798 Pennottus
1101 3739 1130 3794 in
1152 3734 1281 3792 ilistorio
1309 3735 1477 3792 chroormo
1499 3737 1709 3806 canonicarem,

921 3812 967 3869 lib.
991 3811 1042 3893 lii,
1064 3824 1128 3892 cap.
1153 3808 1198 3876 52,
1218 3806 1286 3863 dum
1318 3805 1357 3862 ait
1380 3805 1535 3863 lionorIum
1558 3809 1609 3876 lll,
1632 3823 1709 3866 anuo

921 3886 933 3939 1
959 3898 1003 3940 sui
1031 3879 1220 3954 portlocatus,
1241 3877 1355 3949 insigne
1377 3877 1558 3949 privilegium
1584 3894 1636 3935 suo
1653 3895 1712 3936 mo·

921 3953 1045 4010 uastatio
1072 3948 1256 4008 bateraneasi
1276 3949 1316 4020 (iu
1345 3962 1402 4019 quo
1427 3950 1582 4004 callenicus
1608 3947 1711 4020 luerat)

921 4024 995 4096 grati
1007 4023 1095 4078 animi
1107 4020 1318 4093 significatione
1328 4019 1480 4075 contulisse
1493 4019 1511 4075 1
1523 4019 1586 4078 idus
1598 4035 1714 4077 novem·

920 4081 989 4164 bris,
1008 4092 1162 4150 iudIetioue
1181 4093 1216 4158 V,
1238 4105 1286 4161 per
1307 4103 1424 4145 manum
1449 4091 1585 4160 tierneo,
1613 4091 1714 4164 prioris

922 4169 949 4223 S.
967 4163 1111 4238 Frigdiani
1123 4179 1130 4232 ;
1144 4159 1219 4244 quod
1234 4161 1320 4216 etiam
1334 4157 1458 4217 relerunt
1472 4147 1645 4233 o'nupinius,
1662 4162 1710 4219 lib.

924 4239 962 4292 De
974 4237 1090 4294 Ronmn.
1104 4233 1243 4305 Pontion„
1258 4236 1286 4287 et
1298 4230 1344 4286 lib.
1354 4232 1387 4300 V,
1404 4231 1444 4286 De
1454 4233 1712 4302 Rarissimam,

922 4323 984 4379 cap.
1001 4307 1018 4362 2
1036 4313 1065 4362 et
1085 4305 1115 4374 33
1137 4303 1263 4375 liapbaci
1288 4303 1500 4370 volaterranus,
1518 4303 1564 4358 lib.
1587 4305 1666 4372 lilll,
1686 4312 1715 4361 et

926 4378 1050 4434 Laertius
1072 4374 1248 4433 Cherubiuus
1271 4373 1301 4429 in
1328 4372 1476 4428 Baliaris:
1508 4387 1592 4430 nemo
1620 4383 1714 4432 nutem

924 4450 1034 4505 illorum
1047 4446 1115 4504 dicit
1126 4446 1209 4517 quale
1224 4451 1299 4500 esset
1313 4441 1386 4498 istud
1401 4444 1594 4516 privilegium.

960 4518 998 4591 (o)
1014 4517 1132 4575 Rotnani
1147 4515 1289 4587 Pontificio
1301 4515 1422 4584 propriu
1437 4516 1522 4572 seces.
1540 4517 1625 4573 Notat
1635 4515 1712 4572 enim

924 4589 1087 4661 onuphrius
1102 4587 1128 4643 in
1145 4586 1219 4642 dioto
1245 4586 1379 4641 Iratctotu
1393 4585 1425 4640 de
1445 4585 1563 4655 episcop.
1586 4589 1611 4640 et
1637 4586 1714 4641 titul.

925 4659 1076 4718 Pontifices
1103 4661 1246 4714 itomanos
1270 4656 1298 4711 iu
1319 4655 1489 4728 patriarchio
1504 4655 1583 4727 juxta
1599 4657 1716 4712 Latera·

926 4745 1044 4812 oensem
1059 4729 1217 4794 basilicam,
1233 4742 1284 4783 seu
1299 4726 1326 4782 S.
1345 4726 1508 4793 salvatoris,
1524 4726 1568 4781 vei
1582 4727 1719 4782 Constan-

925 4802 1063 4858 tinianum
1085 4798 1221 4856 fabricato
1241 4812 1292 4868 per
1314 4796 1391 4851 mille
1410 4809 1501 4851 auitos
1523 4803 1717 4852 commoratos

926 4873 1023 4941 luisse,
1037 4871 1168 4928 videlicet
1182 4884 1216 4926 us
1237 4882 1272 4924 ue
1287 4865 1322 4922 ad
1341 4865 1495 4923 Clementis
1521 4867 1545 4925 V
1568 4865 1715 4938 pontilica·

926 4952 995 5002 tum.
1014 4944 1047 5001 V.
1064 4957 1139 5024 sup,
1156 4883 1269 5004 coiVno,
1291 4943 1349 4993 not.
1366 4937 1392 4993 l.

994 5015 1003 5082 )
1019 5014 1056 5071 Ca
1070 5019 1133 5068 titre
1146 5017 1189 5066 est
1204 5010 1229 5065 lo
1245 5009 1291 5065 19Θ
1306 5007 1342 5064 de
1354 5007 1380 5064 la
1395 5007 1561 5076 Compitutio
1573 5007 1717 5077 primast

926 5087 953 5143 le
963 5013 1010 5143 Vb
1021 5083 1072 5140 des
1087 5080 1197 5162 1111111.Ι
1212 5079 1422 5160 Gregorieooes.

963 5155 1000 5228 (c)
1016 5156 1098 5210 Petro
1109 5155 1222 5236 leona.
1238 5152 1345 5234 Forsan
1358 5149 1406 5206 hic
1416 5156 1478 5206 erat
1490 5163 1526 5204 ex
1539 5147 1655 5216 iamilia,
1673 5149 1722 5206 vel

927 5234 1014 5302 geute
1029 5227 1132 5284 Leonis
1146 5223 1245 5279 illustri
1262 5235 1290 5277 m
1306 5221 1389 5285 urbe,
1411 5227 1539 5291 tempore
1561 5220 1721 5278 iunocentii

929 5301 979 5366 lll,
992 5297 1028 5354 da
1038 5311 1093 5369 qua
1108 5292 1173 5352 vide
1184 5295 1265 5350 Gesta
1280 5293 1368 5364 ipsius
1380 5290 1548 5347 iunocentii.

959 5368 1000 5440 (ri)
1012 5368 1053 5423 Dc
1067 5368 1193 5424 corneto.
1206 5364 1358 5422 Cornutum
1371 5370 1414 5418 est
1429 5360 1495 5418 urbs
1509 5361 1680 5490 effiseopaiis
1693 5363 1722 5418 in

929 5439 1038 5497 Tusciae
1058 5437 1170 5500 tinibus,
1191 5448 1291 5491 versus
1312 5434 1423 5490 Latium
1446 5439 1509 5504 post
1557 5441 1647 5488 artam
1671 5433 1722 5490 liu·

930 5509 1054 5577 vium,in
1067 5507 1199 5574 colle,sic
1210 5504 1284 5561 diota
1294 5519 1309 5560 a
1321 5519 1410 5560 cornu
1422 5502 1506 5575 bujtrs
1517 5504 1594 5561 urbis
1604 5504 1721 5576 insigni.

966 5581 1002 5652 (a)
1016 5580 1047 5636 0.
1063 5580 1231 5636 Sanctorum
1245 5575 1335 5646 Serpit
1347 5579 1372 5630 et
1388 5576 1501 5630 Bomoi.
1515 5575 1651 5647 intelligit
1667 5577 1721 5634 Oc·

933 5652 1077 5710 turianum
1093 5664 1127 5705 ex
1140 5647 1237 5704 illustri
1258 5645 1362 5702 loinilia
1377 5647 1511 5702 coartitum
1528 5647 1723 5719 Signicusiutn
