4078 6442
122 255 185 320 ⁴85
767 252 892 316 LIBER
913 246 1124 314 CENSUUM.

117 415 240 487 rantia,
256 412 343 493 quod
364 409 461 486 absit,
484 409 526 474 ad
541 411 775 475 detrimentum
790 427 916 490 propo·
972 408 1124 489 Gregorii
1139 411 1387 484 monasterium,
1408 413 1462 474 cui
1478 414 1590 477 Urana
1605 418 1655 478 est
1669 431 1770 478 voca-

116 513 192 576 sitae
207 513 240 574 et
253 510 413 575 divinitus
427 510 547 574 oblatae
566 507 797 572 retributionis
816 507 918 571 obve-
970 507 1097 582 bulum,
1108 523 1182 570 cum
1193 508 1284 570 omni
1296 525 1356 570 suo
1370 509 1540 583 thesauro,
1552 512 1680 575 scilicet
1694 529 1769 576 cum

117 610 201 682 niet,
215 610 277 672 etc.
295 625 314 669 r>
972 606 1413 684 capsaargentea‚reliquias
1424 609 1668 686 sacricorporis
1678 613 1770 688 ejus-

159 709 210 768 Ex
230 703 356 783 synodo
377 705 491 768 habita
518 703 554 766 in
578 704 778 767 Dalmatiae
799 703 917 780 legatis
971 703 1045 764 dem
1057 700 1147 765 beati
1161 703 1314 780 Gregorii
1335 704 1534 779 continente,
1551 721 1627 768 cum
1641 708 1770 768 duabus

118 807 219 880 Papae
232 802 384 879 Gregorii
397 805 468 874 vll,
485 799 612 864 scilicet
626 800 820 864 aGebizone
838 801 918 863 tunc
971 799 1137 873 crucibus
1154 816 1229 861 cum
1243 800 1348 862 calice
1362 801 1395 864 et
1408 801 1540 878 patena,
1554 819 1629 864 cum
1643 803 1770 866 duabus

117 900 314 962 monasterii
339 901 535 962 Sanctorum
561 897 726 962 Bonilacii
751 898 785 960 et
806 897 917 960 Alexii
972 897 1105 958 coronis
1119 897 1243 969 careia,
1259 898 1398 974 gemmis
1413 899 1551 972 ornatis,
1568 917 1642 962 cum
1656 905 1769 964 Evan-

117 997 248 1072 abbate,
265 1012 353 1058 nunc
371 1011 451 1058 vero
476 997 645 1058 Gaesenate
666 995 834 1073 episcopo,
856 1010 918 1056 nec
971 994 1135 1071 galiorum
1158 994 1253 1056 textu
1277 994 1318 1056 de
1338 997 1487 1072 argento,
1503 1013 1644 1075 cumque
1658 998 1770 1060 omni-

1627 255 1628 258 ’
1711 255 1769 318 486

117 1111 188 1160 non
199 1096 232 1157 et
247 1109 267 1155 a
281 1093 453 1167 Folcuine,
467 1092 735 1170 Forosempronii
749 1093 915 1170 episcopo,
971 1090 1033 1154 bns
1046 1091 1117 1154 suis
1124 1091 1308 1168 mobilibus
1321 1093 1354 1154 at
1367 1093 1592 1156 immobilibus
1605 1094 1701 1157 bonis
1715 1098 1772 1157 :ut

116 1209 193 1271 quae
206 1190 352 1270 synodus
367 1190 508 1252 babetur
526 1189 561 1250 in
573 1189 710 1254 archivo
723 1189 812 1252 sacri
824 1189 919 1267 pala·
973 1189 1086 1252 Sancti
1094 1189 1185 1251 Petri
1195 1188 1314 1266 legatis
1324 1207 1456 1268 semper
1468 1191 1511 1254 sit
1523 1192 1564 1254 ad
1577 1193 1769 1270 hospitium,

115 1291 160 1352 tii
175 1289 421 1362 lateranensis,
435 1288 471 1349 in
485 1303 550 1366 qua
565 1287 605 1350 de
617 1303 721 1364 regno
736 1286 769 1349 et
787 1286 828 1349 de
839 1301 918 1364 rege
972 1286 1005 1349 et
1016 1287 1150 1348 omnino
1161 1286 1197 1348 in
1206 1287 1368 1363 potestate
1378 1303 1504 1350 eorum.
1518 1292 1588 1352 Hoc
1601 1291 1713 1354 tamen
1723 1291 1773 1353 in-

111 1387 294 1467 ,Dalmatiae
309 1385 357 1448 ita
370 1385 460 1448 inter
477 1385 588 1447 cetera
606 1385 730 1461 legitur
744 1405 753 1445 1
769 1387 816 1446 De
837 1399 919 1446 cen·
971 1382 1131 1460 terposito
1141 1385 1267 1456 tenore,
1280 1383 1317 1445 ut
1325 1385 1410 1446 nulli
1422 1384 1482 1446 alii
1496 1387 1650 1463 potestati
1663 1387 1770 1460 detur,

80 1481 85 1494 '
119 1485 229 1556 sibus,
250 1484 320 1546 sive
342 1483 466 1546 tributo
490 1484 551 1544 200
574 1469 811 1554 bisantiorum,
836 1495 918 1559 quos
973 1480 1031 1542 sed
1041 1480 1133 1543 omni
1146 1480 1294 1557 tempore
1308 1483 1421 1544 Sancti
1431 1482 1523 1544 Petri
1534 1484 1577 1545 sit
1586 1485 1769 1560 proprium,

117 1582 217 1644 debet
229 1597 292 1642 rex
303 1579 444 1643 croatie
456 1581 555 1657 atque
567 1579 750 1648 Dalmatiae,
765 1580 799 1641 et
809 1577 919 1640 fideli-
972 1577 1772 1654 eterne,meisquosuccessoribusdefensumat-

118 1681 188 1742 tate
198 1677 359 1740 Ecclesiae
382 1680 541 1742 Romanae
562 1677 710 1754 praestita
733 1674 776 1738 ab
790 1675 916 1738 eodem.
972 1673 1186 1752 queabomni
1196 1674 1330 1735 homine
1340 1675 1482 1736 liberum
1492 1675 1524 1739 et
1534 1679 1773 1740 securumcu-

115 1793 139 1838 11
153 1775 338 1838 innomine
351 1778 475 1838 sanctae
488 1773 715 1837 etindividuae
732 1773 916 1846 Trinitatis,
968 1775 1166 1850 juscumque
1190 1770 1301 1834 autem
1324 1773 1465 1835 audacia
1488 1774 1668 1836 temerario
1687 1791 1771 1837 ausu

118 1889 209 1936 anno
229 1873 410 1936 Dominicae
432 1871 675 1934 Incarnationis
697 1872 786 1944 1076,
809 1869 919 1931 indic-
972 1868 1773 1948 prelatummonasteriumexassignatotnesauro

120 1971 212 2034 tione
227 1973 276 2044 14,
290 1985 403 2033 mense
415 1968 559 2032 Octobri.
574 1971 641 2046 Ego
660 1967 847 2030 Demetrius
862 1965 919 2044 qui
973 1966 1166 2044 privaverit,
1190 1966 1374 2030 terribilem
1396 1967 1489 2030 illam
1506 1969 1630 2046 jndicis
1645 1987 1771 2045 vocem,

121 2069 156 2130 et
179 2066 337 2129 Sumimir
359 2079 542 2143 nuncupor,
565 2065 626 2126 Dei
643 2063 752 2141 gratia
778 2062 918 2125 croatiae
973 2079 1072 2142 qnam
1093 2062 1245 2125 diabolus
1267 2079 1342 2126 cum
1365 2065 1435 2126 suis
1453 2066 1583 2141 angelis
1598 2067 1773 2130 auditurus

121 2165 361 2243 Dalmatieeque
376 2163 454 2237 dux,
477 2179 498 2225 a
520 2163 554 2226 te
577 2161 709 2224 domine
728 2160 859 2236 Gebir0,
876 2175 919 2222 ο11
973 2161 1035 2234 est,
1065 2160 1189 2222 audiat
1219 2160 1398 2234 Praeterea,
1428 2179 1529 2239 quum
1557 2166 1625 2226 Deo
1646 2165 1774 2228 servire

120 2263 319 2340 Apostolicae
342 2261 437 2324 Sedis
456 2259 635 2337 legatione,
665 2258 792 2323 domini
812 2258 919 2321 nostri
973 2269 1115 2332 regnare
1130 2255 1266 2328 sit,vice
1285 2255 1374 2318 beati
1388 2257 1490 2330 Petri,
1507 2259 1540 2320 et
1556 2258 1682 2320 domini
1693 2276 1774 2322 nos-

122 2364 222 2438 Papae
237 2359 388 2435 Gregorii
400 2358 595 2436 potestatem
608 2357 771 2430 obtinens,
783 2356 818 2419 in
827 2356 920 2434 Salo
973 2353 1017 2415 tri
1030 2354 1130 2429 Pepae
1146 2352 1309 2429 Gregorii,
1329 2351 1427 2431 atque
1448 2356 1522 2432 post
1543 2371 1772 2421 successorum

120 2456 380 2520 nitanabasilica
390 2456 504 2518 Sancti
516 2455 618 2528 Petri,
628 2453 780 2532 synodali
792 2455 825 2516 at
834 2469 918 2515 con·
973 2449 1011 2512 in
1032 2448 1222 2526 Apostolica
1249 2449 1344 2523 Sede,
1363 2467 1415 2512 me
1429 2451 1495 2512 tuis
1511 2453 1663 2514 manibus
1676 2470 1771 2518 com·-

121 2554 215 2616 cordi
247 2553 350 2616 totius
376 2553 460 2614 cleri
486 2553 520 2614 et
542 2551 656 2629 pepuli
681 2550 854 2625 electione,
879 2548 919 2613 de
973 2547 1080 2620 mitto,
1096 2546 1130 2608 et
1143 2547 1389 2620 committenda,
1405 2547 1491 2610 hanc
1504 2549 1697 2614 fidelitatem
1711 2568 1771 2614 sa-

120 2651 327 2724 Groatorum,
355 2647 683 2726 Dalmatinorumque
705 2649 803 2724 regni
829 2646 921 2725 regi-
974 2644 1142 2707 cremento
1158 2643 1302 2707 stabilio.
1318 2648 1398 2722 Ego,
1411 2646 1558 2724 inquam,
1573 2651 1770 2724 Demetrius,

94 2793 97 2798 ψ
120 2748 212 2810 mine
223 2763 284 2826 per
294 2746 465 2815 vexillum,
481 2759 606 2817 ensem,
620 2745 797 2821 sceptrum
812 2745 845 2806 et
858 2758 920 2807 co·
974 2742 1033 2820 qui
1047 2742 1080 2803 et
1092 2741 1329 2812 Sumimir,l)ei
1339 2743 1447 2819 gratia
1460 2744 1493 2806 et
1504 2746 1703 2822 apostolica
1717 2751 1774 2810 Se-

119 2859 239 2908 renam
251 2842 428 2906 investitus
442 2843 542 2920 atque
555 2840 753 2903 constitutus
773 2856 845 2914 rex,
858 2839 920 2903 tibi

118 2942 279 3014 devoveo,
297 2938 454 3017 spondeo,
478 2939 513 3001 et
532 2937 702 3017 polliceor,
719 2953 772 3000 me
792 2939 922 3000 incom-

120 3037 327 3100 mutabiliter
345 3036 584 3114 complaturum
603 3035 726 3110 omnia,
742 3050 816 3113 quae
836 3035 920 3098 milri

121 3137 180 3200 tua
193 3134 377 3199 reverenda
392 3133 537 3212 injungit
552 3133 723 3196 sanctitas.
745 3132 919 3207 Videlicet,

124 3233 205 3296 utin
218 3231 371 3295 omnibus
385 3232 419 3295 et
432 3246 492 3310 per
504 3231 615 3294 omnia
628 3230 827 3309 apostolicae
843 3229 921 3295 sedi

120 3330 220 3394 iidem
243 3330 425 3402 observem,
446 3329 480 3392 et
498 3328 657 3408 quidquid
680 3328 744 3392 hoc
762 3328 798 3391 in
816 3344 920 3406 regno

119 3428 188 3490 tem
197 3426 508 3507 ApostolicaSedes,
517 3441 617 3504 quam
627 3426 680 3486 sui
691 3425 792 3503 legati
803 3441 922 3488 sanxe-

61 3563 65 3570 ‚
121 3524 210 3598 runt,
230 3527 289 3587 aut
312 3523 497 3596 sanxerint,
518 3521 792 3584 irrevincibiliter
809 3523 922 3584 custo-

119 3622 222 3696 diam,
243 3621 410 3700 justitiam
438 3619 601 3692 excolam,
628 3617 789 3680 ecclesias
805 3617 922 3680 deien-

119 3719 214 3794 dam;
250 3717 421 3795 primitiae,
444 3715 597 3789 decimae,
632 3714 845 3794 omniumque
879 3713 922 3776 ad

122 3813 749 3891 ecclesiaspertinentium,procurator
762 3811 920 3886 existam3

121 3912 201 3974 vitae
216 3910 456 3988 episcoporum,
468 3908 747 3988 presbyterorum,
759 3908 921 3971 diacono·

122 4024 209 4082 rum,
226 4007 579 4085 subdiaconorumque,
593 4006 630 4069 ut
650 4004 752 4078 caste,
767 4006 800 4069 et
816 4020 921 4083 regu-

122 4106 239 4167 lariter
265 4104 390 4176 vivant,
417 4102 611 4182 provideam
634 4124 642 4165 :
665 4119 840 4181 pauperes,
869 4102 923 4165 vi-

121 4202 216 4275 duas,
246 4201 344 4280 etque
370 4201 515 4278 pupillos
538 4201 725 4277 protegam
741 4199 921 4277 parentelae

120 4299 273 4362 illicitam
285 4297 438 4376 copulam
453 4297 639 4369 destruens,
656 4296 839 4373 legitimam
856 4294 920 4359 do-

120 4397 188 4460 tem
200 4395 311 4468 anulo,
329 4393 578 4471 sacerdotisque
590 4393 822 4456 benedictione
835 4408 920 4456 cou-

974 2838 1026 2900 dis
1047 2838 1133 2902 dono
1156 2853 1228 2912 rex,
1245 2837 1287 2900 ab
1302 2838 1365 2902 hac
1380 2840 1462 2904 bora
1483 2841 1519 2902 in
1538 2843 1636 2905 antea
1652 2845 1773 2908 Sancto

975 2936 1085 3010 Petro,
1100 2938 1134 2999 et
1147 2936 1281 2998 domino
1293 2952 1367 2999 meo
1380 2939 1539 3016 Gregorio
1554 2942 1665 3017 Papae,
1682 2941 1772 3004 suis-

975 3049 1039 3112 que
1053 3024 1307 3096 successoribus
1319 3036 1480 3098 canonice
1499 3037 1700 3101 intrantibus
1714 3055 1772 3104 ero

975 3127 1104 3206 fidelis3
1120 3129 1153 3192 et
1167 3129 1203 3192 ut
1216 3129 1300 3206 ipse,
1316 3129 1387 3194 eive
1398 3130 1471 3208 post
1483 3145 1559 3192 eum
1571 3131 1675 3194 futuri
1689 3136 1775 3195 Pon·

974 3225 1096 3304 titices;
1113 3227 1184 3291 sive
1194 3227 1296 3306 legati
1308 3242 1423 3292 eornm
1437 3227 1540 3292 vitam
1555 3229 1613 3292 aut
1626 3231 1773 3294 membra

975 3325 1125 3403 perdant,
1151 3326 1210 3388 aut
1229 3326 1415 3403 capiantur,
1431 3342 1540 3404 neque
1558 3327 1595 3388 in
1619 3328 1771 3401 consilio,

975 3437 1082 3499 neque
1096 3421 1132 3482 in
1143 3420 1230 3484 facto
1246 3437 1320 3498 er03
1332 3423 1365 3486 et
1379 3423 1572 3496 consilium,
1589 3425 1676 3501 quod
1691 3425 1773 3487 mihi

975 3517 1188 3590 crediderint,
1217 3518 1260 3580 ad
1286 3517 1419 3579 illorum
1446 3519 1602 3580 damnum
1631 3521 1775 3584 scienter

975 3614 1061 3676 nulli
1079 3612 1251 3676 intimabo.
1265 3617 1416 3690 Regnum
1437 3618 1560 3687 autem,
1580 3617 1668 3703 quod
1690 3618 1774 3680 milri

975 3727 1036 3788 per
1055 3725 1191 3772 manum
1211 3711 1314 3783 tuam,
1326 3710 1457 3772 domine
1475 3711 1607 3781 Gehizo,
1618 3715 1772 3788 traditur,

975 3807 1119 3870 fideliter
1127 3806 1288 3880 retinebo,
1298 3808 1331 3870 et
1340 3806 1434 3880 illud,
1448 3823 1611 3886 suumque
1616 3811 1673 3888 jus
1684 3815 1775 3890 Apo-

976 3904 1102 3967 stolicae
1126 3903 1204 3966 Sodi
1229 3903 1341 3980 aliquo
1361 3903 1497 3980 ingenio
1516 3905 1694 3984 aliquando
1707 3925 1773 3971 non

976 4001 1180 4064 subderem.
1196 4001 1372 4065 Dominum
1386 4017 1496 4064 meum
1509 4005 1633 4081 Papam
1649 4007 1775 4083 Grego-

975 4099 1074 4174 rium,
1089 4098 1122 4161 et
1138 4113 1216 4160 suos
1236 4113 1457 4172 successores,
1471 4100 1571 4178 atque
1587 4101 1724 4178 legatos,
1744 4104 1774 4164 si

975 4196 1011 4258 in
1036 4211 1144 4258 meam
1169 4194 1365 4272 potestatem
1389 4196 1559 4270 venerint,
1590 4197 1774 4263 honorifice

975 4293 1165 4371 suscipiam,
1177 4293 1211 4354 et
1223 4292 1362 4356 honeste
1375 4292 1536 4367 tractabo,
1551 4296 1585 4357 et
1595 4297 1772 4371 remittam,

975 4388 1009 4451 et
1028 4387 1256 4466 undecumque
1278 4402 1332 4448 me
1347 4387 1573 4462 invitaverint,
1590 4407 1649 4467 pro
1664 4392 1700 4453 ut
1713 4409 1775 4470 po-

120 4494 268 4565 stituam,
287 4493 320 4554 et
334 4491 546 4554 constitutam
567 4489 737 4568 corrumpi
759 4506 826 4553 non
838 4505 920 4568 per·
973 4485 1057 4558 tere,
1071 4485 1121 4547 eis
1133 4484 1393 4563 simpliciterque
1407 4485 1550 4548 serviam
1563 4503 1593 4548 s.

121 4587 670 4664 mittam3bominumvenditionem
682 4587 918 4663 contradicam3
1015 4581 1096 4645 item
1109 4581 1145 4642 in
1159 4581 1300 4659 quodam
1321 4581 1446 4644 tomulo
1467 4583 1774 4650 Lateranensi.1n-

120 4689 222 4765 atque
233 4685 269 4746 in
283 4685 448 4758 omnibus
468 4699 544 4762 qum
562 4684 605 4746 ad
624 4683 835 4748 rectitudinis
851 4683 922 4746 sta-
976 4679 1031 4740 tar
1043 4679 1172 4748 cetera,
1185 4678 1399 4755 Spicionerus
1411 4679 1479 4740 dux
1490 4682 1633 4743 Boemiae
1645 4686 1773 4761 accepit
1844 4687 1847 4694 '

120 4785 193 4848 tum
220 4781 417 4860 congruunt,
444 4784 513 4844 Deo
539 4779 686 4853 auctore,
712 4795 767 4842 me
789 4795 920 4858 aequum
973 4773 1143 4837 licentiam
1157 4779 1281 4851 aPapa
1293 4775 1443 4847 Nicolao,
1459 4775 1524 4836 sibi
1536 4778 1688 4852 portandi
1703 4781 1770 4840 mi-

121 4880 309 4944 exhibeam.
318 4879 540 4940 Ducentorum
557 4891 688 4954 qnoque
700 4875 920 4940 bizantiorum
974 4870 1291 4948 thrametpromisit
1301 4886 1337 4931 se
1345 4871 1500 4933 daturum
1508 4873 1599 4934 omni
1614 4889 1701 4937 anno
1713 4879 1771 4938 100

120 4977 293 5050 tributum,
305 4991 454 5038 meorum
467 4974 614 5037 omnium
629 4972 781 5035 considtu
795 4973 921 5050 prima·
974 4967 1076 5030 libras
1091 4967 1220 5044 argenti
1235 4967 1380 5030 deterre
1395 4982 1472 5040 sua,
1489 4969 1623 5032 nomine
1638 4987 1767 5035 census.

120 5077 225 5147 tuum,
250 5073 370 5136 Sancto
396 5073 495 5134 Petro
517 5087 577 5150 par
594 5069 742 5147 singulos
759 5083 865 5132 annos
884 5070 919 5131 in
1013 5066 1063 5126 Ex
1082 5065 1211 5142 regesto
1229 5064 1382 5141 Gregorii
1401 5067 1503 5141 Papae
1518 5067 1589 5139 Vll,
1611 5067 1668 5130 lib.
1682 5072 1768 5132 Vlll.

122 5170 379 5233 Resurrectione
406 5169 554 5240 Domini,
584 5167 626 5229 de
656 5165 738 5228 mihi
761 5177 919 5230 concesso
974 5178 1046 5239 cap.
1068 5163 1119 5234 27,
1139 5160 1271 5237 legitur,
1290 5161 1377 5239 quod
1401 5161 1442 5223 de
1461 5161 1603 5240 singulis
1619 5164 1770 5230 domibus

122 5283 226 5345 regno
235 5265 471 5345 persolvendos
481 5265 606 5342 statu03
621 5265 654 5327 et
665 5265 702 5326 nt
714 5263 789 5342 post
800 5278 853 5325 me
863 5278 920 5326 re-
973 5258 1067 5340 regni
1086 5259 1291 5322 Francorum
1312 5275 1398 5320 unus
1420 5259 1577 5321 denarius
1592 5277 1653 5339 pro
1668 5279 1770 5356 censu

120 5365 267 5443 gnaturi,
278 5364 341 5426 hoc
355 5362 444 5425 idem
458 5363 616 5441 perpetuo
631 5359 773 5434 servent,
785 5375 916 5434 censeo,
972 5343 1060 5418 teau
1075 5355 1165 5418 Petri
1180 5354 1432 5434 persolvebatur
1445 5357 1639 5435 antiquitus.
1655 5377 1674 5422 c
1688 5364 1772 5426 Gre-

122 5461 423 5539 corrobore,.atque
436 5460 561 5523 sancio.
577 5462 669 5522 Dono
681 5459 829 5538 insuper,
843 5473 919 5520 con·
972 5451 1098 5531 gorius,
1123 5467 1241 5515 servus
1266 5466 1439 5516 servorum
1459 5451 1530 5527 Dei,
1548 5454 1677 5519 dilectis
1692 5458 1771 5525 tiliis

122 5560 215 5633 cedo,
225 5560 324 5638 atque
330 5557 488 5621 confirmo
500 5556 698 5637 Apostolicae
705 5555 792 5630 Sedi,
804 5557 918 5620 Sancti
972 5549 1094 5613 nostris
1107 5552 1144 5612 P.
1156 5548 1336 5613 Albanensi
1352 5550 1518 5629 episcopo,
1532 5553 1565 5616 et
1579 5555 1615 5616 G.
1627 5556 1771 5637 principi
