4078 6442
339 329 399 392 eet
809 315 986 382 nomnen
1006 315 1053 376 111
1072 309 1526 408 orant-annuemus
1950 311 2007 370 ωε

339 481 484 562 equidem,
504 483 555 542 sed
569 497 634 558 que
648 439 733 540 luerit
747 478 823 538 lama
842 475 939 536 refert.
956 477 1030 536 llum
1041 471 1139 533 Slbtlla
1193 477 1371 540 metuerunt,
1384 483 1437 526 seu
1451 466 1604 528 tammam
1617 467 1803 532 meritoriam.
1817 468 1853 528 ln
1867 482 1934 541 qua
1951 467 2005 526 ler-

339 585 403 646 lo'ce
418 581 605 659 prophetissae
618 587 679 639 eret
693 580 722 637 in
738 580 840 648 Roma,
854 582 883 634 et
897 575 1096 647 sieutlloyses
1109 577 1140 628 et
1192 575 1247 639 tur,
1267 569 1361 628 subite
1379 567 1558 626 exsilientem
1578 564 1686 624 lentem
1705 566 1762 624 elei
1778 579 1932 642 magnum
1953 565 2007 624 be·

338 684 417 743 Elias
430 682 563 740 viderunt
576 679 717 740 Christum
736 677 765 733 in
780 681 888 743 mente,
904 673 941 732 ita
960 671 1056 730 sibilla
1071 671 1135 730 Vir·
1192 667 1295 736 mines,
1311 666 1357 724 dic
1375 663 1509 738 quadam
1530 664 1647 724 vidisse.
1667 664 1721 734 Qut
1739 663 1814 734 iens,
1835 681 1891 738 pen
1911 672 2000 722 tetam

339 782 439 856 ginem
454 787 484 838 et
494 779 596 838 Filium
612 776 715 834 meruit
727 770 925 845 contemplari.
943 791 954 822 ι
969 771 1004 828 Et
1014 775 1136 836 extunc,
1192 765 1271 824 illam
1288 763 1365 822 diem
1384 761 1550 833 decurrens,
1570 770 1708 836 unquam
1723 763 1813 832 naus,
1828 762 1868 822 ael
1888 763 2002 821 ilumen

340 881 380 938 ait
399 877 551 946 Honorius,
574 873 748 934 Octevianus
771 869 915 944 probibuit
928 882 966 926 ne
986 867 1052 940 quis
1070 879 1138 922 eum
1191 877 1283 936 usque
1306 860 1454 936 pergebat.
1478 863 1611 936 Augures
1636 859 1798 934 symbolum
1823 861 1913 934 ends
1939 875 2000 918 esse

339 966 495 1036 nominum
509 972 676 1047 appellaret,
689 969 755 1043 quia
771 974 856 1026 natus
869 973 915 1026 est
928 967 989 1024 ilex
996 971 1138 1038 regumet
1191 961 1286 1020 oleum
1300 959 1442 1030 dixerunt,
1458 959 1621 1020 nescientes
1636 965 1732 1016 tamen
1751 971 1875 1032 puerum
1896 967 1999 1016 netum

338 1073 478 1139 imminue
491 1069 739 1130 dominantium·
1190 1069 1257 1118 ease
1276 1058 1306 1116 in
1327 1057 1474 1118 Bethleem
1496 1057 1544 1130 qai
1566 1057 1701 1130 princepe
1722 1063 1800 1114 esset
1821 1055 1921 1129 pacis.
1946 1056 1999 1114 Sel

348 1201 354 1208 ·
374 1171 525 1244 Virgilium
546 1171 633 1226 ettam
652 1165 783 1235 adhibet,
805 1163 918 1222 dulcem
938 1168 1062 1235 metam,
1087 1159 1136 1233 nui
1190 1156 1364 1230 paulopost,
1380 1153 1564 1216 deillolacta
1576 1154 1713 1212 certiores
1727 1151 1795 1212 lacti
1808 1161 1890 1222 sunt,
1908 1168 1997 1226 quum

337 1269 441 1330 cecinit
455 1267 642 1326 infantulamt
660 1286 672 1316 r
690 1263 772 1324 Unde
783 1263 892 1322 Poeta:
1191 1260 1321 1328 pastores
1343 1260 1372 1312 et
1397 1267 1483 1326 regen
1508 1249 1647 1312 infantem
1669 1249 1799 1310 venerati
1821 1257 1905 1310 aunt.
1934 1252 1997 1310 lan

344 1365 350 1418 i
430 1367 470 1417 lin
482 1379 550 1416 nova
560 1361 692 1429 progenies
705 1359 767 1412 escle
781 1359 920 1411 dimittitur
929 1358 1020 1410 alte·
1190 1351 1300 1410 duobub
1327 1351 1440 1409 saeculis
1464 1350 1580 1425 elttptit,
1608 1347 1778 1420 Christiani,
1807 1350 1859 1422 qui
1885 1349 1999 1408 nullttttt

373 1457 512 1514 testeus
523 1461 552 1512 et
566 1451 684 1528 rigidior
697 1452 793 1508 lersan
804 1461 909 1518 ,nemer
923 1447 986 1506 bec
997 1444 1133 1504 condem·
1190 1449 1284 1508 adbuc
1296 1449 1434 1522 templum
1447 1449 1478 1507 in
1487 1447 1557 1506 urbe
1571 1446 1765 1524 possidebant,
1778 1445 1816 1504 ab
1825 1447 1994 1506 Alexandro

338 1560 397 1622 net,
411 1558 570 1612 nesautem
582 1550 702 1608 nonita.
718 1545 1133 1620 Presertimquumipsel'au·
1190 1549 1296 1607 severe
1315 1545 1478 1605 facultatem
1497 1546 1685 1620 impetrarunt
1702 1544 1866 1604 edificandi
1889 1547 1923 1602 in
1943 1545 1995 1604 bec

337 1650 383 1708 lua
391 1648 545 1722 Apostolus
558 1654 657 1721 poetes
671 1645 810 1706 citaverit.
1189 1646 1253 1704 loco
1275 1659 1394 1719 parvum
1413 1645 1577 1712 eeclesiam,
1593 1657 1681 1717 quam
1695 1641 1839 1701 dedicavit
1855 1643 1996 1703 (hllintus

374 1745 507 1820 Sequitur
520 1745 576 1802 alia
589 1743 798 1802 narratiuncula
811 1756 875 1815 quae
886 1739 1075 1814 explicatione
1089 1739 1133 1798 in·
1189 1743 1302 1802 Primus
1312 1743 1343 1799 el
1353 1747 1439 1814 parto
1452 1742 1528 1798 della
1543 1741 1671 1814 Vereins.
1687 1741 1755 1798 Post
1767 1740 1844 1799 illius
1859 1741 1994 1800 ecclesie

338 1843 427 1918 diget,
445 1858 509 1916 que
523 1842 586 1901 bec
601 1848 645 1900 est
661 1859 668 1900 :
686 1861 698 1892 r
715 1841 853 1914 Legimus
870 1839 957 1897 etiam
977 1836 1053 1912 quetl
1071 1835 1135 1896 lene
1189 1839 1581 1915 ruineminpersecutienum
1589 1846 1729 1912 tempere,
1738 1838 1831 1898 lulius
1840 1841 1868 1909 1,
1879 1841 1912 1898 S.
1924 1841 1994 1898 Pen-

336 1941 392 1999 elei
407 1947 563 2014 pertulum
577 1939 653 1998 diem
668 1939 698 1997 in
715 1937 832 1997 taberna
846 1937 999 2006 meritoria,
1016 1949 1080 2008 qum
1091 1941 1135 1994 eet
1189 1939 1257 1998 tilex
1271 1940 1358 1999 aliam
1372 1939 1504 2010 extruxit,
1519 1953 1606 2012 quam
1620 1937 1769 1996 basilicam
1783 1938 1947 2012 appellavit
1959 1938 1993 1996 cle

336 2039 459 2098 ecclesia
473 2038 503 2096 S.
516 2037 613 2097 Helie
628 2037 658 2095 in
671 2035 855 2106 transtiberi,
871 2033 1033 2110 largissime
1052 2049 1131 2092 ema·
1188 2041 1292 2096 sanctu
1307 2039 1406 2098 Μανία
1419 2039 1451 2094 ie
1463 2038 1569 2109 {emes
1584 2036 1639 2094 elei
1650 2037 1682 2094 bt
1694 2037 1814 2094 tabem
1826 2037 1990 2096 mbram.

336 2137 426 2206 navit,
441 2137 508 2209 quin
529 2135 577 2194 ille
596 2133 766 2193 nascebatur
786 2134 816 2192 in
840 2134 923 2192 terrie
942 2133 989 2206 qui
1006 2133 1086 2191 venit
1104 2134 1133 2190 in
1188 2137 1297 2196 Pluries
1310 2136 1493 2206 reedificata,
1506 2149 1597 2208 usque
1609 2131 1703 2194 adbuc
1717 2141 1886 2208 neemiam
1895 2143 1991 2193 servat

336 2234 453 2292 nemine
465 2233 617 2292 bomini.»
1187 2234 1264 2293 unde
1281 2233 1347 2293 lena
1365 2233 1422 2292 clei
1440 2233 1573 2304 exsilivit,
1588 2247 1654 2292 cum
1672 2231 1767 2292 debite
1788 2232 1989 2306 inscriptione.

371 2329 525 2390 Sciendum
546 2336 592 2390 est
613 2345 695 2404 erge,
716 2330 765 2388 ubi
786 2345 864 2388 nune
884 2329 995 2388 videtur
1014 2328 1132 2388 basilica
1186 2332 1248 2402 Quc
1263 2332 1293 2390 in
1308 2331 1371 2390 leco
1383 2332 1471 2407 igitur
1484 2331 1577 2390 extitit
1590 2331 1714 2406 primum
1727 2329 1877 2406 publicum
1891 2330 1989 2392 Chris·

335 2426 1129 2501 s.llerietetrarteerre,tnisselomumquantamve·
1185 2429 1327 2492 tianerum
1342 2429 1491 2506 templum.
