4106 6422
94 281 137 342 ao
743 277 853 341 onoo
881 279 1096 344 nonanus
1708 293 1749 358 30

95 453 195 522 nibus
219 459 380 538 providet,
403 475 463 538 pro
487 455 638 523 omnibus
652 457 817 534 invigilat,
833 473 894 536 pro
949 475 1027 523 arca
1050 461 1102 524 est
1123 459 1275 536 interius,
1300 465 1333 528 et
1362 465 1468 530 altare
1490 469 1533 531 ad
1557 459 1746 538 mensuram

95 561 191 636 cujus
206 559 319 636 utique
334 557 398 620 flde
412 559 448 620 ut
466 556 644 636 aliquando
660 569 726 618 non
749 555 891 631 deficiat,
948 557 1176 636 longitudinis,
1197 561 1381 625 latitudinis
1405 565 1438 628 et
1461 567 1645 631 altitudinis
1658 563 1748 636 arcae

95 656 154 720 sed
183 656 303 722 fratres
331 669 408 718 suos
436 657 618 729 confirmet,
646 655 717 733 ipse
742 653 895 716 Salvator
949 657 1115 719 conditum
1131 659 1182 721 est
1191 661 1355 738 superius,
1367 663 1455 726 inter
1468 666 1610 744 quatuor
1619 668 1748 732 colum-

95 756 224 817 exorat.
234 755 278 816 Iis
287 753 894 835 atquealiis2n0minibushaeoaulaDei
948 770 1009 816 nas
1022 753 1062 816 de
1075 756 1178 819 rubeo
1190 758 1370 837 porphyrio
1383 761 1443 824 sub
1452 764 1593 841 quodam
1606 765 1747 843 pulchro

95 852 253 914 nobiliter
275 853 310 914 in
334 852 456 918 divinis
486 853 618 931 paginis
650 852 837 926 decoratur,
861 853 894 916 et
949 852 1085 917 ciborio.
1100 857 1137 916 In
1151 873 1214 935 quo
1232 857 1375 935 quidem,
1389 861 1592 934 utafferunt,
1607 864 1745 927 multum

94 949 289 1013 honoratur.
949 952 998 1014 est
1017 953 1256 1026 sanctuarium,
1277 957 1334 1018 sed
1355 957 1452 1036 quale
1472 959 1515 1022 sit
1534 977 1601 1023 nou
1620 979 1746 1040 agnos-

949 1051 1038 1121 cunt,
1052 1067 1129 1114 nam
1143 1069 1262 1116 nomen
1275 1057 1347 1133 ejus
1360 1055 1523 1121 nesciunt.

737 1123 895 1186 dmm·
989 1160 1027 1219 ln
1039 1157 1138 1222 altari
1156 1177 1248 1230 vero,
1264 1161 1350 1240 quod
1368 1163 1521 1242 superius
1536 1167 1586 1228 est
1598 1165 1746 1244 ligneum

949 1255 990 1317 de
1001 1257 1138 1333 argento
1151 1261 1353 1336 coopertum,
1362 1261 1460 1339 atque
1470 1262 1530 1323 sub
1543 1279 1582 1326 eo
1590 1264 1745 1336 interius,

948 1354 999 1415 est
1017 1355 1083 1416 tale
1103 1356 1329 1418 sanctuarium
1349 1379 1358 1418 ι
1382 1361 1507 1436 septem
1525 1360 1743 1440 candelabra,

133 1453 230 1520 Hanc
267 1459 380 1538 itaque
415 1459 662 1522 sacrosanctam
702 1458 892 1532 basilicam,
949 1468 1022 1528 (111ae
1045 1451 1180 1516 fuerunt
1204 1455 1241 1516 in
1268 1455 1373 1533 priori
1401 1456 1627 1522 tabernaculo.
1649 1462 1744 1524 Unde

92 1549 186 1618 omni
208 1558 330 1620 mundo
353 1557 586 1630 reverendam,
611 1556 803 1618 beatissima
826 1559 895 1618 He-
948 1549 1073 1611 Paulus
1085 1551 1166 1613 dicii
1182 1553 1349 1629 aposlolus
1364 1570 1372 1608 :
1387 1557 1657 1619 Taberntwltlttm
1670 1563 1746 1636 scott-
1770 1551 1777 1560 ¹

93 1654 171 1716 lena
187 1654 393 1717 Constantini
406 1653 596 1733 materpost
606 1655 794 1732 perceptum
805 1654 893 1716 sacri
948 1646 1021 1706 ium
1034 1649 1086 1709 esi
1093 1651 1261 1722 Primum,
1278 1653 1315 1711 lii
1330 1652 1512 1725 quoerant
1525 1657 1742 1730 θᾱῖῑίίθῑᾱῡνα,

92 1749 303 1829 baptismatis
336 1754 589 1825 sacramentum,
621 1750 892 1830 incomparabilis
947 1743 981 1804 ei
993 1759 1124 1817 mensa,
1141 1747 1746 1825 etPrODOSiil'ODailtlm‚duaecii0itur·

93 1841 278 1911 sanctuarii
300 1841 457 1910 thesauro
483 1847 611 1920 ditavit,
626 1847 712 1926 quod
738 1848 893 1910 videlicet
946 1843 1077 1916 sarecto,
1106 1844 1140 1904 ct
1163 1859 1311 1907 attacum
1342 1846 1561 1921 turribulum,
1589 1851 1624 1912 ct
1651 1863 1745 1914 taraus

91 1945 134 2008 de
154 1939 465 2023 Hierosolym'itanis
486 1943 635 2023 partibus
652 1947 771 2022 rogatu
785 1945 891 2023 ipsius
946 1954 1056 2002 ostreo
1070 1943 1197 2003 bobone
1208 1957 1349 2016 mortuo,
1374 1948 1463 2019 quod
1483 1947 1601 2008 babuit
1621 1963 1746 2010 secuu-

91 2044 234 2120 Augusti
249 2035 573 2120 illiItranspor'tavi't‚
587 2043 674 2122 quod
689 2043 730 2105 ab
744 2043 890 2123 antiquis
946 2039 1028 2099 duan
1052 2038 1327 2115 tabernaculum,
1353 2045 1442 2116 quod
1462 2045 1591 2106 dleitur
1604 2046 1743 2109 'Salacia

92 2141 171 2204 ante
186 2141 448 2204 incarnationem
459 2135 594 2203 ¹Domini
609 2141 717 2204 suerat
736 2141 893 2204 recondi·
945 2137 1157 2198 sanctorum.
1171 2139 1211 2199 Ei
1230 2137 1277 2198 ihi
1300 2139 1395 2215 vitta
1413 2142 1537 2210 Aaron,
1557 2157 1630 2220 ‹111ae
1643 2142 1741 2205 iron-

92 2239 173 2312 tum‚
190 2240 223 2302 et
244 2241 319 2317 post
343 2233 611 2313 destructionem,
629 2249 701 2318 quae
722 2256 743 2302 a
766 2235 839 2302 Tito
859 2240 891 2303 et
946 2231 1073 2296 fluerat·
1088 2233 1741 2319 EiiabulaeiesiamentiveivimaMOySb

91 2335 298 2412 Vespasiano
322 2335 481 2399 Romanis
503 2334 707 2414 principibus
730 2335 818 2399 iacta
841 2337 892 2398 le-
922 2341 924 2344 ’
946 2345 1010 2408 qua
1022 2331 1187 2410 percussit
1198 2331 1248 2393 bis
1262 2332 1400 2404 silicem,
1415 2335 1447 2395 et
1459 2333 1742 2416 duxeruntaquee.

91 2433 192 2510 gitur,
215 2431 298 2495 inibi
320 2431 505 2496 habebatur
528 2435 708 2496 residuum.
742 2435 890 2498 Totidem
946 2429 1026 2490 Item
1040 2430 1117 2491 sunt
1129 2427 1175 2492 ibt
1186 2429 1339 2508 reliquiae
1359 2431 1398 2493 de
1412 2432 1585 2496 cunabulis
1597 2437 1740 2498 Domini.

92 2534 179 2592 Deus
194 2531 401 2608 omnipotens
422 2533 552 2596 viscera
567 2532 806 2595 misericordiae
822 2549 890 2595 suae
945 2528 991 2588 De
1016 2527 1167 2608 quinque,
1190 2528 1331 2607 panibus
1358 2529 1534 2600 ordeaciis,
1559 2531 1592 2594 et
1615 2532 1742 2594 duobus

90 2632 250 2692 Romanae
269 2629 348 2692 huic
367 2630 516 2692 ecclesiae
532 2631 666 2708 dignata
682 2631 733 2692 est
746 2631 887 2707 aperire,
945 2624 1101 2702 piscibus.
1117 2628 1198 2689 Item
1212 2643 1327 2688 mensa
1340 2627 1482 2690 Domini.
1494 2629 1645 2692 Linteum
1654 2631 1742 2694 unde

92 2744 192 2804 quum
209 2725 383 2805 jamdicta
406 2729 524 2806 regina
548 2729 784 2802 sanctuarium,
805 2729 889 2806 quod
945 2722 1084 2784 extersit
1095 2723 1195 2802 pedes
1208 2723 1445 2802 discipulorum
1454 2742 1600 2789 suorum.
1615 2729 1742 2792 Tunica

90 2825 152 2888 Dei
166 2825 247 2887 nutu
262 2824 302 2887 de
318 2825 452 2888 civitate
473 2825 589 2889 sancta
611 2825 820 2890 Hierusalem
843 2840 891 2887 se·
945 2817 1166 2890 inconsutilis,
1174 2837 1272 2899 quam
1285 2819 1464 2901 secltvirgo
1476 2825 1671 2890 Marial'ilio
1680 2843 1741 2889 suo

17 2989 20 2994 ,
88 2939 167 2984 θωη
195 2922 344 2984 attulerit
366 2922 408 2984 ad
434 2921 555 2995 illium,
585 2921 620 2984 in
648 2921 747 3001 liujus
776 2939 891 2986 sacro-
945 2917 1084 2979 Domino
1102 2920 1215 2983 nostro
1234 2915 1314 2982 Jesu
1336 2919 1478 2992 Christo,
1491 2938 1565 3002 quae
1582 2923 1617 2985 in
1635 2925 1741 2987 morte

90 3019 216 3082 sanctae
243 3018 406 3092 basilicae,
437 3035 511 3097 quae
538 3020 754 3082 sacerdotalis
782 3021 833 3083 est
857 3021 891 3084 θῖ
944 3013 1049 3092 ipsius
1068 3030 1089 3077 a
1109 3015 1269 3079 militibus
1288 3018 1406 3081 sortita
1433 3019 1494 3090 esi,
1515 3036 1583 3086 non
1604 3022 1739 3084 scissa:

92 1121 137 1181 ss.
150 1122 243 1188 <lived
252 1125 369 1184 obtuto
380 1135 458 1197 quoe
467 1119 503 1185 in
514 1123 638 1198 tempto
647 1123 726 1199 post

296 1220 424 1282 tionem
439 1222 583 1296 reperta
600 1221 693 1294 suut,

180 1319 315 1381 Hetcuo
328 1319 444 1380 nsoter
453 1319 611 1394 portavit
622 1323 667 1381 ud
677 1320 798 1393 littura.

88 3109 212 3194 regia,
231 3115 399 3180 transtulit
424 3115 660 3180 babitaculum.
690 3117 782 3190 Quod
811 3119 889 3198 quia
944 3129 1042 3190 quam
1055 3111 1132 3175 dum
1146 3113 1299 3177 Salvator
1317 3115 1399 3178 inibi
1419 3119 1652 3192 reservaverit,
1669 3113 1742 3182 hae·

88 3213 236 3280 nondum
248 3215 381 3293 proprio
394 3214 587 3292 designatur
598 3231 641 3278 ex
653 3216 797 3286 nomine,
811 3216 890 3279 licet
943 3211 1028 3272 rosis
1050 3211 1104 3273 vol
1123 3213 1269 3276 scissura
1292 3214 1370 3278 tidei
1393 3214 1451 3278 diu
1469 3232 1535 3278 non
1555 3218 1618 3281 erit
1639 3217 1740 3281 inea.

89 3313 247 3390 indignus
266 3313 328 3374 sim
341 3327 461 3378 nomen
474 3315 546 3391 ejus
559 3312 762 3392 depromere,
776 3315 888 3377 tamen
944 3311 1150 3388 Purpureum
1156 3312 1388 3376 vestimentum
1399 3315 1546 3393 ejusdem
1558 3315 1741 3378 salvatoris

87 3407 125 3474 ln
144 3411 271 3474 bonore
289 3428 358 3474 suae
370 3410 480 3474 laudis
492 3427 558 3474 non
571 3410 725 3474 differam
745 3427 820 3475 oum
833 3429 889 3474 re-
943 3406 976 3472 et
989 3406 1230 3486 Redemptoris.
1244 3413 1291 3473 De
1303 3410 1466 3488 sanguine
1481 3413 1514 3476 et
1523 3429 1610 3492 aqua
1624 3413 1740 3476 lateris

88 3509 239 3572 verentia
252 3509 435 3574 nominare.
943 3505 1074 3567 Domini
1097 3506 1252 3593 ampullae
1277 3507 1361 3571 duae.
1388 3511 1603 3582 Circumcisio
1627 3513 1742 3573 Domi-

130 3608 212 3670 Item
224 3607 500 3674 annoDominicae
510 3605 886 3680 incarnationisuccnx,
943 3600 989 3660 ni·
1016 3585 1193 3664 sudaiinm
1214 3605 1301 3681 quod
1325 3605 1388 3665 fuit
1410 3623 1511 3682 super
1533 3608 1633 3684 caput
1654 3611 1738 3686 ejus,

85 3704 277 3768 Alexander
288 3708 380 3782 Papa
393 3705 530 3788 quartus
549 3704 586 3765 in
605 3702 658 3764 die
670 3701 888 3764 dedicationis
943 3696 1030 3774 quod
1045 3697 1096 3760 est
1114 3714 1216 3759 unum
1240 3698 1280 3759 de
1307 3700 1452 3778 quinque
1476 3701 1737 3778 linteaminibus

86 3802 190 3879 liujus
220 3801 370 3863 ecclesiae
410 3801 630 3862 sacrosanctae
661 3798 888 3862 corroboravit
943 3793 1062 3872 quibus
1084 3795 1330 3861 sanctissimum
1354 3814 1474 3877 corpus
1496 3799 1644 3879 ejusdem
1668 3806 1739 3866 Do·

86 3899 121 3960 et
144 3897 353 3961 continuavit
382 3913 496 3960 omnes
529 3913 743 3976 quascunque
770 3897 885 3959 indul·
942 3891 1025 3955 mini
1051 3894 1157 3957 nostri
1171 3893 1235 3956 ruit
1252 3895 1449 3960 involutum.
1466 3899 1524 3959 Est
1548 3898 1595 3960 ibi
1610 3900 1739 3963 deloco

86 3996 228 4073 gestias,
251 4011 272 4058 a
295 3985 547 4074 quibuscunque
574 3987 721 4057 summis
741 3994 885 4059 Ponti'fl-
941 3991 1155 4054 Ascensionis
1170 3993 1292 4056 Christi
1309 3995 1345 4055 in
1360 3995 1491 4057 coelum.
1515 3997 1562 4058 De
1577 3999 1740 4074 sanguine

87 4094 194 4165 cibus,
220 4108 419 4172 quocunque
440 4094 587 4171 tempore
614 4108 790 4156 concessas
805 4115 813 4155 z
828 4093 885 4156 sed
941 4089 1049 4150 sancti
1069 4089 1209 4152 ,loannis
1230 4091 1400 4169 Baptistae.
1416 4095 1462 4156 Ι)θ
1478 4094 1614 4172 pulvere
1633 4095 1666 4158 et
1685 4095 1739 4158 ci-

81 4193 120 4254 et
138 4191 216 4253 illas
235 4190 474 4269 principaliter,
489 4206 572 4268 quas
589 4189 706 4254 beatus
727 4192 886 4254 silvester
941 4202 1022 4248 nere
1036 4186 1198 4250 combusti
1212 4189 1361 4267 corporis
1376 4191 1525 4270 ejusdem
1540 4194 1737 4256 Praeourso-

86 4289 218 4351 abunde
239 4289 355 4351 statuit
372 4289 405 4352 et
423 4287 569 4359 donavit,
589 4288 770 4353 inclinatus
784 4291 886 4368 justis
940 4284 988 4346 ris
1003 4285 1137 4347 Christi·
1154 4285 1307 4349 Cilicium
1329 4289 1460 4366 ejusde
1486 4289 1564 4368 pilis
1588 4290 1738 4354 camelo·

83 4386 241 4466 precibus
264 4386 400 4448 humilis
427 4388 460 4449 θῖ
485 4385 756 4449 christianissimi
781 4389 887 4450 (tons-
940 4399 1026 4444 rum.
1049 4386 1096 4446 De
1123 4399 1246 4447 manna
1269 4386 1449 4464 sepulturae
1473 4388 1579 4451 sancti
1598 4391 1738 4453 Joaunis

85 4485 218 4554 tantini,
233 4485 267 4548 et
277 4485 317 4547 de
329 4471 467 4562 speciali
488 4484 717 4548 misericordia
730 4486 764 4548 et
776 4487 885 4563 gratia
941 4481 1161 4558 Evangelistae
1172 4482 1318 4560 ampulla
1328 4484 1438 4561 plena.
1451 4486 1578 4548 Tunica
1590 4488 1739 4566 eiusdem

86 4582 279 4662 prorogavit
301 4597 358 4644 eas
391 4597 496 4661 usque
527 4580 569 4646 ad
595 4583 682 4646 diem
703 4583 887 4648 dedicatio-
938 4579 1089 4657 Apostoli
1102 4581 1135 4642 et
1149 4580 1381 4658 Evangelistae,
1398 4598 1462 4660 qua
1476 4586 1645 4662 suprSita
1663 4602 1740 4648 001¹-

85 4681 139 4742 nis
150 4678 384 4758 Apostolorum
396 4680 488 4744 Petri
499 4681 533 4744 et
543 4680 652 4743 Pauli.
940 4676 1076 4754 poribus
1088 4677 1189 4740 trium
1200 4680 1373 4757 juvenum,
1394 4682 1623 4754 surrexerunt,
1641 4697 1736 4743 mor·

939 4774 988 4838 tui
1003 4774 1093 4836 enim
1107 4776 1240 4838 fuerant
1251 4778 1386 4855 propter
1399 4792 1565 4840 venenum
1577 4779 1664 4856 quod
1679 4778 1736 4840 bi-

86 4879 143 4939 111.
164 4879 214 4939 De
237 4892 323 4940 orco
350 4878 385 4940 et
411 4878 550 4940 solutu
574 4878 885 4954 corrueruntque
939 4871 1068 4935 borant.

234 4977 316 5038 sunu
327 4977 365 5038 tu
377 4978 516 5039 basilico
527 4976 730 5038 salvatore.

252 5117 259 5132 ,
802 5117 809 5132 ,
939 5059 1307 5134 metamaucus,
1332 5063 1740 5138 qtetoppouuutdcabs-

124 5119 164 5179 I¹¹
175 5116 239 5179 ¹¹³⁰
250 5117 582 5197 ¹t³q¹¹⁹⁸³⁰r⁰⁸³¹¹⁰t³
595 5117 812 5181 L³t⁰¹⁸³¹¹⁰¹¹⁸¹
823 5117 885 5181 Μ’
977 5161 1137 5222 carisione
1153 5159 1373 5234 capernaum,
1390 5161 1424 5223 et
1435 5159 1602 5239 arcoe‚jvct
1615 5160 1738 5224 altoris

84 5215 180 5278 silica
212 5213 376 5278 salvatori
405 5219 486 5279 lesu
505 5215 635 5279 Christo
663 5217 738 5294 ueoj
761 5216 882 5286 dicata,
978 5259 1109 5319 incensi

84 5331 157 5392 quae
175 5313 274 5392 caput
286 5314 336 5375 est
347 5314 473 5386 mundi,
488 5331 562 5394 quae
580 5313 814 5395 patriarchalis
833 5315 884 5378 est
1111 5300 1119 5319 ⁸

83 5413 116 5474 et
128 5411 323 5490 imperialis,
337 5411 433 5474 sedes
445 5415 496 5476 ast
507 5413 698 5492 apostolicae
715 5412 883 5476 cathedrae
976 5411 1100 5473 Verum
1119 5409 1369 5489 quamplurimi
1396 5423 1568 5471 sacrorum
1591 5411 1737 5474 volumi-

82 5509 294 5588 pontiflcalis‚
306 5510 339 5572 et
350 5509 386 5571 in
396 5510 544 5588 ejusdem
557 5511 707 5574 ecclesiae
718 5526 778 5574 ara
787 5511 883 5590 prin·
937 5524 1017 5571 num
1031 5509 1064 5572 et
1075 5508 1291 5571 historiarum
1310 5505 1473 5584 protunda
1496 5509 1655 5587 mysteria
1674 5509 1739 5571 mi-

82 5606 182 5686 cipali
195 5609 245 5672 est
256 5624 335 5672 arca
347 5607 481 5672 foederis
494 5608 636 5681 Domini,
648 5609 712 5682 vel,
727 5609 762 5674 ut
774 5608 880 5683 aiunt,
936 5623 1000 5672 nus
1011 5606 1192 5688 pmdenter
1202 5605 1452 5684 investigantes,
1467 5623 1529 5670 nec
1546 5605 1739 5684 intelligen-
