4090 6426
73 250 140 312 sss

75 411 287 474 audientiam
313 412 536 489 appellarunt.
564 415 651 476 Sane
672 433 733 477 nos
754 417 876 482 audilis

75 525 155 584 quae
179 509 327 586 ipsorum
348 511 472 584 nuntii,
489 529 590 589 super
618 513 680 573 his¹
692 531 879 592 proponere

75 606 267 680 uoluerunt,
277 608 496 672 etinteltectis
511 609 729 673 nihilominus
745 613 875 688 litteris,

76 720 163 780 quas
189 703 285 766 nobis
308 722 409 784 super
427 707 542 768 eodem
571 709 714 770 curastis
743 713 875 788 negotio

76 801 262 874 destinare,
293 803 436 866 tractatu
464 805 585 867 exinde
613 823 688 868 curn
717 808 875 872 iratribus

75 901 206 961 nostris
219 899 332 963 habito
347 902 536 978 diligenter,
554 905 586 966 et
597 905 709 982 utique
719 906 827 980 nobiS,
844 909 877 968 et

77 998 208 1060 eisdem
222 997 381 1062 iratribus
402 1001 525 1062 nostris
546 1003 755 1065 concorditer
768 1005 875 1066 visum

77 1094 153 1167 suit,
165 1097 202 1160 ut
215 1096 290 1174 ipsa
304 1098 449 1175 capitula
464 1099 505 1158 ad
527 1099 718 1176 hujusmodi
734 1103 875 1164 concilia

77 1194 217 1255 invitari
228 1193 380 1268 debeant,
397 1195 429 1257 et
449 1212 564 1258 eorum
579 1197 737 1259 nuntiiad
752 1199 877 1262 tracta-

77 1291 134 1349 tus
150 1286 292 1360 admitti,
315 1287 460 1350 maxime
489 1305 590 1366 super
615 1289 684 1351 iilis
714 1293 874 1372 quaeipsa

78 1385 273 1461 contingere
288 1385 434 1462 capitula
449 1385 699 1463 dignoscuntur.

79 1655 109 1704 et
124 1640 442 1720 capitutontn'ooncnst,
454 1649 505 1706 vel
521 1650 639 1721 Senon,
654 1651 701 1723 qui
716 1649 785 1708 obiit
800 1665 876 1706 anno

80 1719 163 1786 1222,
187 1719 230 1775 ret
250 1693 384 1776 Gualtcro
398 1721 522 1778 Cornuto
546 1723 594 1792 qui
616 1723 765 1779 coronavit
779 1722 877 1780 Renris

78 1789 303 1859 Shudovicurn,
320 1797 348 1846 et
363 1790 426 1862 ejrrs
440 1807 558 1848 uxorem
578 1794 782 1866 Margaretarn,
799 1807 875 1850 anuo

1 1867 2 1870 ’
81 1861 162 1916 trau.

117 1968 178 2023 ltoc
195 1966 348 2038 capitulum
369 1981 425 2024 non
448 1974 491 2024 est
519 1969 677 2027 innocentii
702 1972 752 2037 ΙΙΙ,
773 1977 803 2026 ut
817 1969 875 2026 vult

79 2037 168 2094 editio
183 2038 321 2106 volveris,
334 2037 384 2096 scd
393 2038 509 2095 honorii
529 2040 626 2105 nostri,
640 2048 672 2098 ut
684 2055 785 2098 omrres
797 2041 873 2098 tiss

79 2108 196 2165 codices
215 2079 300 2164 tidem
323 2107 439 2178 iaciunt,
463 2116 492 2164 et
518 2110 578 2182 ipse
593 2111 724 2184 Ctrjncius
744 2111 873 2168 advertit.

78 2181 150 2236 Tota
166 2179 285 2250 quaestio
304 2186 365 2235 erat
393 2195 428 2237 en
453 2180 639 2252 capitulorum
669 2181 875 2239 cathedralium

81 2256 292 2320 procuratores,
307 2265 380 2321 quos
400 2251 487 2322 vulgo
506 2251 641 2324 syndicus
664 2260 777 2320 vocant,
801 2253 875 2309 lutc-

80 2335 160 2376 resse
175 2319 297 2378 debcant
306 2320 423 2393 synodis
432 2323 663 2394 provincialibus,
673 2323 781 2381 licctde
792 2323 876 2380 rebus

79 2398 109 2447 ot
123 2391 246 2448 rresotiis
260 2391 376 2464 privatis
390 2393 577 2464 capitulorum
600 2407 657 2450 non
673 2401 786 2467 agatur,
801 2393 876 2466 quod

79 2435 226 2533 negabant
238 2463 411 2520 senonensis
426 2461 668 2536 archiepiscopus,
690 2473 718 2521 et
733 2465 795 2537 ejus
815 2463 874 2520 sul·

81 2532 224 2614 l'raganei.
239 2534 380 2590 Honorius
395 2541 490 2591 tamen
506 2550 552 2590 res
572 2535 659 2593 ondet
671 2537 794 2608 capitula
812 2551 876 2592 esse

81 2603 226 2659 inroranda
242 2602 277 2660 ad
293 2602 456 2675 huiusmodi
471 2551 602 2674 concilia,
618 2614 646 2662 et
660 2621 760 2664 eorum
773 2621 875 2680 procu·

80 2680 190 2729 ratores
205 2673 240 2729 ad
254 2681 390 2745 tractatus
406 2674 584 2743 admittendi,
600 2676 725 2733 maxime
741 2691 827 2748 super
841 2677 875 2733 it·

79 2745 116 2799 lis
145 2759 209 2814 quae
233 2745 293 2816 ipsa
313 2745 481 2816 coritingere
509 2747 633 2818 capitula
659 2747 875 2830 dignoscuntur.

78 2815 249 2871 constitutio
264 2813 556 2941 baecestsinffutaris,
573 2816 611 2874 ita
631 2823 662 2874 ut
675 2833 723 2874 vix
742 2832 877 2890 expresse

79 2885 239 2956 reperiatur
267 2899 304 2940 an
321 2899 429 2942 evocari
451 2899 466 2942 a
486 2887 544 2943 sint
566 2887 688 2958 capitula
704 2889 732 2944 in
749 2889 878 2945 conciliis

78 2953 313 3083 Brevinciatlbus,
332 2962 363 3012 ut
375 2957 452 3012 ineis
463 2964 661 3082 procuratores
670 2957 807 3043 sutfragia
824 2957 875 3015 ba·

99 3033 176 3092 eant,
187 3040 272 3096 arrum
284 3040 467 3109 nusquamne
487 3042 610 3086 rarocos
620 3029 881 3102 subscripsissem:

80 3097 236 3170 periarnus,
250 3096 305 3152 nist
320 3112 347 3152 rn
370 3097 512 3169 plerisque
527 3098 674 3172 Hispanias
693 3101 832 3169 conciliis,
848 3107 877 3156 et

80 3167 238 3239 pracsertim
259 3167 528 3237 Tarraconensibus
551 3170 580 3226 in
599 3169 701 3240 quibus
716 3179 876 3243 procurato·

78 3253 126 3294 res
137 3238 319 3294 ecclesiarum
331 3238 537 3296 cathedralium
548 3247 613 3297 ante
627 3241 744 3298 abbates
753 3241 875 3298 subscri·

78 3308 172 3365 bunt:
189 3316 322 3366 evocatos
344 3309 457 3382 quidem
480 3309 567 3368 inisse
583 3310 619 3368 ad
644 3312 875 3385 respondendum

80 3379 116 3436 de
128 3379 212 3436 rebus
224 3384 253 3435 et
267 3381 390 3452 negotiis
404 3382 607 3439 ecciesiasticis
626 3391 737 3440 constat
753 3399 788 3440 ex
807 3385 877 3442 Con·

80 3451 147 3506 citio
160 3450 287 3523 generali
302 3449 354 3507 sub
366 3453 595 3520 innocentiani,
610 3453 639 3508 in
651 3467 715 3526 cap.
735 3470 829 3525 prore,
844 3455 876 3508 de

79 3522 235 3588 Praebent,
251 3527 280 3577 et
302 3535 337 3578 es
363 3537 428 3579 can.
453 3523 486 3579 Ι3
514 3523 626 3580 concilii
655 3524 876 3580 'tarraconensis

80 3591 163 3664 primi
180 3608 186 3648 ε
203 3591 335 3662 Epistola
352 3608 409 3649 nan
422 3595 513 3649 sotum
533 3609 548 3649 e
572 3593 743 3651 cathedralis
757 3595 876 3650 ecclesia

75 3663 258 3734 presbyteris,
272 3664 468 3719 verumetiam
487 3663 520 3718 dc
544 3664 706 3720 diocesaneis
727 3665 764 3720 ud
785 3665 875 3720 conei-

80 3735 152 3788 tinrn
166 3734 293 3789 trebatii.
309 3733 390 3788 ltatio
401 3732 512 3790 videtur
527 3732 589 3789 brec
601 3749 665 3790 esse
680 3749 744 3805 quac
759 3733 874 3790 subici·

80 3813 152 3860 tura
168 3806 279 3860 toaone
299 3804 451 3874 patriarch.
466 3803 632 3870 Alexandr„
657 3819 733 3861 auno
751 3805 802 3862 133
822 3847 830 3873 ‚
847 3805 874 3860 in

78 3874 202 3932 concilio
216 3873 370 3930 Tarracon.
387 3888 491 3946 nempe
513 3875 580 3944 qnia
600 3876 782 3932 attentanda
796 3877 875 3931 ecete-

78 3947 128 4001 sin
140 3943 393 4014 metropolitanam
404 3944 677 4012 concitamentum,
686 3947 876 4002 etsntnbritus

78 4015 193 4072 consilii
219 4014 323 4085 quain
341 4015 439 4071 mattis
463 4017 592 4072 consistit
614 4017 719 4086 potins,
746 4033 830 4088 quara
846 4018 875 4073 in

75 4087 178 4156 pnrrcis
197 4085 375 4141 subtrabitur
399 4087 476 4142 circa
490 4103 522 4142 ea
535 4103 594 4158 perc
614 4088 646 4142 in
660 4087 729 4158 ipsis
748 4089 875 4145 coercitiis

77 4157 231 4213 tractanda
244 4160 310 4212 sunt
322 4174 329 4214 :
342 4155 449 4213 ideirco
463 4163 539 4214 vetat
562 4159 704 4241 episcopis
720 4172 755 4215 nc
771 4175 872 4232 procu-

79 4235 190 4283 ratores
202 4226 318 4282 eosdem
340 4228 451 4284 mittant
464 4228 511 4300 qui
526 4229 670 4285 constituti
685 4237 750 4286 sunt
766 4245 780 4286 a
794 4230 872 4302 capi·

78 4298 156 4355 tutis.
174 4297 255 4354 Ratio
268 4297 322 4352 etia
337 4298 474 4355 sumenda
486 4307 577 4356 estex
590 4300 702 4356 actione
714 4300 875 4372 primaeuo·

78 4369 137 4425 cilii
152 4366 402 4436 Chalcedonensis,
433 4370 460 4425 in
485 4370 604 4442 epistola
633 4371 813 4442 imperatoris
839 4371 874 4428 ad

79 4439 248 4498 Dioscorum
259 4437 496 4496 Alexandrinum:
508 4461 519 4491 ι
531 4441 600 4494 doro:
607 4447 706 4506 πρῶτον
714 4442 873 4510 ὑπέργραψαν

80 4511 213 4577 steps-rot,
225 4517 269 4560 νῦν
280 4509 322 4558 διὰ
333 4527 355 4560 τι
366 4505 642 4576 restaurante-aridos
654 4513 796 4564 ἐπισκόπων
808 4515 873 4564 ἐστὶν

79 4581 136 4644 tupi
151 4583 282 4644 κληρικῶν,
300 4578 326 4635 id
341 4586 385 4638 est
395 4596 402 4636 :
414 4581 471 4652 ipsi
488 4581 570 4652 primi
581 4581 808 4655 subscripserunt
822 4585 874 4640 cle·

79 4651 141 4719 rici,
155 4664 230 4706 nunc
252 4663 340 4722 quare
361 4650 508 4709 clarrrant?
521 4651 651 4725 Synodus
675 4655 873 4726 episcoporum

76 4729 198 4789 estnon
214 4721 392 4778 clericorum.
407 4723 460 4778 »Si
475 4723 552 4778 enirn
572 4723 741 4781 inConciiiis
756 4739 874 4798 gencra-

80 4793 152 4848 iibus
163 4797 280 4847 evocata
292 4790 370 4848 iniere
383 4793 515 4865 capitula,
528 4801 556 4850 et
569 4807 666 4850 eorum
677 4803 874 4866 procuratores

80 4864 109 4919 in
136 4861 181 4918 bis
209 4861 413 4934 subscripsere,
447 4865 536 4921 mutto
563 4865 656 4920 niaris
686 4865 714 4920 in
745 4867 874 4923 conciliis

1 4949 2 4952 ¹
81 4932 311 5006 rrrovirrciatibus.
329 4934 357 4990 Si
369 4935 417 5006 jus
434 4942 515 4992 vetus
530 4941 558 4991 et
572 4907 700 4992 ordinem
725 4937 872 5008 antiquum

82 5012 257 5076 spectemus,
284 5004 346 5060 sine
372 5003 458 5061 dubio
481 5005 622 5063 constabit
646 5007 738 5062 nullos
771 5016 871 5077 certus,

79 5074 215 5148 ericodes,
236 5082 284 5131 aut
299 5079 414 5148 negotia
430 5077 545 5133 tractari
559 5075 691 5134 debuisse
704 5077 811 5150 absque
828 5094 872 5136 ss·

79 5161 167 5202 sensu
186 5145 263 5213 cleri,
288 5161 372 5218 quern
402 5146 487 5203 bodie
506 5149 628 5220 capitula
657 5155 872 5221 repraesentant.

79 5219 181 5274 hiacus
203 5231 315 5288 quoqne
339 5217 615 5275 inordinationibus
639 5233 696 5275 non
724 5220 815 5277 sotum
837 5221 872 5278 ab

79 5287 232 5360 episcopis,
246 5285 297 5343 sed
311 5288 397 5344 etiam
411 5287 582 5360 presbyteris
597 5297 624 5346 et
638 5289 805 5348 diaconibus
817 5292 869 5347 irn-

79 5359 255 5432 ponebatur,
277 5363 306 5414 ut
328 5366 440 5416 constat
463 5375 497 5414 cx
523 5361 604 5431 epist.
622 5361 655 5418 33
673 5362 701 5418 S.
717 5363 871 5435 Cypriani:

79 5453 90 5478 ι
116 5428 390 5487 inordinationibus
411 5430 577 5487 clericorum
602 5433 726 5489 solemus
740 5448 790 5490 vos
805 5448 871 5490 eon-

78 5501 184 5567 sulcre,
200 5506 343 5568 strueres,
367 5506 395 5557 et
418 5501 516 5557 merita
530 5501 707 5572 singulorum
727 5506 871 5562 communi

77 5571 199 5628 consilto
227 5570 393 5643 ponderare.
412 5593 422 5620 ι
438 5570 516 5628 ldern
540 5573 568 5627 in
588 5587 652 5630 can.
679 5575 804 5632 eeclesia.
827 5577 870 5645 ΙΙΙ,

78 5657 108 5714 q.
125 5643 148 5702 Ι.
165 5643 195 5698 ln
209 5640 324 5712 judiciis
338 5641 411 5699 idem
429 5641 524 5712 sebar,
536 5657 599 5700 can.
614 5645 648 5701 23
665 5645 779 5702 concitii
797 5647 868 5704 Cne-

592 237 749 330 ounrm
771 259 1037 323 conpensare.
1058 264 1137 325 cre.
1161 267 1218 326 m.

1669 212 1729 334 sl

931 425 1132 486 Marianon.
1163 423 1213 504 (a)
1239 427 1272 488 et
1305 424 1354 506 (b)
1379 425 1518 493 Croton.
1546 433 1728 508 episeoms,

974 523 1007 582 ct
1023 520 1069 602 (c)
1082 525 1194 586 cocart
1208 527 1249 585 etc
1275 527 1417 601 Frtptdo
1433 530 1546 589 Gerre-o
1568 531 1728 592 castren.

971 623 1136 686 Moesis.

1238 785 1374 846 CAPUT
1390 787 1430 845 ΙΙ.

971 933 1096 994 ltilecto
1116 934 1185 995 illio
1214 935 1300 997 Rnio
1315 935 1434 998 abbate
1461 937 1585 999 sancta
1611 939 1727 1000 Mariae

931 1029 971 1090 de
986 1031 1088 1092 Carra
1110 1033 1299 1109 accepimus
1319 1034 1498 1107 referente,
1516 1035 1602 1113 quod
1627 1053 1728 1114 quum

931 1127 1003 1204 ipse
1018 1129 1139 1190 citatus
1153 1129 1279 1192 anobis
1295 1147 1355 1208 pro
1369 1148 1473 1194 causa
1486 1150 1560 1210 quse
1573 1133 1729 1196 uerteba-

930 1225 985 1286 tur
998 1226 1086 1288 inter
1101 1243 1137 1288 se
1153 1229 1185 1290 et
1199 1229 1437 1290 monasterium
1452 1231 1599 1306 ejusdem
1613 1234 1727 1306 Carra,

931 1323 1016 1400 quod
1032 1325 1073 1385 ad
1090 1325 1206 1386 Sedem
1221 1327 1445 1402 apostoticam
1462 1329 1553 1391 nullo
1564 1330 1730 1406 pertineat

931 1419 1110 1494 mediante,
1127 1435 1170 1481 ex
1194 1421 1289 1497 parte
1317 1438 1399 1496 una,
1416 1423 1450 1484 et
1476 1438 1551 1486 ten.
1574 1423 1597 1484 Ι.
1627 1441 1660 1484 n.
1678 1423 1729 1504 (d)

930 1678 1007 1749 ttae.
1023 1679 1049 1746 Ι,
1066 1679 1132 1736 etin
1147 1679 1228 1751 epist.
1247 1678 1351 1736 Leonis
1365 1679 1451 1764 Papae
1467 1677 1502 1736 ad
1514 1679 1665 1754 episcopos
1682 1682 1726 1739 Si·

930 1751 1001 1806 cilice
1017 1749 1173 1822 injungitur
1188 1750 1330 1822 episcopis
1342 1761 1437 1806 omma
1455 1765 1542 1823 agere
1556 1767 1620 1807 curn
1644 1754 1729 1812 totius

930 1821 998 1876 cleri
1020 1827 1150 1878 tractatu.
1173 1821 1252 1878 idem
1277 1821 1305 1890 in
1321 1835 1385 1877 ean.
1398 1836 1457 1876 ecee
1477 1836 1534 1892 epo,
1552 1823 1587 1879 95
1600 1824 1727 1884 distinet.

931 1891 1019 1964 idque
1031 1898 1089 1948 tam
1104 1892 1211 1948 clarum
1228 1899 1282 1960 est,
1298 1898 1327 1949 ut
1341 1891 1447 1948 nemini
1458 1893 1549 1950 subsit
1562 1892 1728 1966 ambigendi

930 1962 1019 2019 locus.
1036 1961 1091 2020 Sed
1119 1961 1233 2018 aulatim
1249 1962 1356 2034 hocius
1370 1963 1612 2032 inrrninutunrcst‚
1628 1973 1657 2021 et
1668 1963 1728 2022 iere

931 2033 1049 2089 ornnino
1069 2047 1084 2090 a
1108 2039 1244 2105 emptum,
1269 2033 1304 2089 de
1320 2048 1376 2104 quo
1398 2033 1483 2090 silere
1507 2049 1564 2090 non
1587 2035 1677 2107 potuit
1692 2038 1726 2093 D.

931 2103 1123 2176 Hieronymus
1133 2104 1164 2159 in
1178 2104 1270 2173 nptst.
1289 2105 1502 2173 adherentium,
1518 2111 1547 2160 et
1567 2105 1604 2162 ita
1620 2106 1727 2163 sensim

930 2174 1053 2246 capitula
1064 2173 1238 2231 cathedralia
1255 2173 1397 2254 repulsam
1411 2189 1494 2246 passa
1510 2181 1598 2232 sunt:
1616 2175 1725 2234 abbati·

930 2243 984 2301 bus
995 2254 1091 2301 tarnen
1105 2259 1162 2300 non
1176 2245 1277 2318 potiori
1286 2259 1350 2317 Jure
1364 2245 1470 2318 saepius
1480 2243 1576 2302 datum
1591 2246 1637 2318 jus
1649 2247 1726 2304 adsi·

931 2313 1015 2372 dendi
1029 2316 1056 2371 in
1072 2315 1199 2388 synodis,
1220 2315 1402 2380 crocodilis,
1424 2317 1551 2373 maxime
1565 2315 1611 2373 bis
1626 2319 1673 2390 qui
1688 2317 1729 2374 di·

931 2389 1042 2459 gnitate
1058 2385 1167 2459 prediti
1180 2393 1369 2458 essent,quos
1378 2387 1529 2444 Baeatosos
1543 2396 1646 2446 vocant
1657 2404 1726 2447 con·
1801 2461 1802 2464 Ἴ

931 2457 995 2514 cilia
1018 2457 1139 2540 Angites,
1169 2464 1198 2514 et
1214 2457 1300 2530 vrrlgo
1326 2457 1530 2530 subscripsisse
1557 2459 1726 2532 reperimus.

931 2528 1000 2596 Quae
1019 2536 1092 2584 ratro
1105 2528 1193 2586 movit
1210 2530 1357 2585 innocent.
1372 2530 1411 2586 ΙΙΙ
1431 2528 1467 2585 sd
1488 2528 1516 2586 d.
1547 2543 1610 2601 cap.
1631 2546 1727 2602 proce,

931 2604 963 2654 ut
977 2599 1052 2655 dicat
1065 2599 1188 2671 capitula
1205 2606 1314 2655 tantum
1343 2598 1379 2655 dc
1400 2599 1549 2656 honestate
1576 2615 1640 2658 esse
1662 2617 1728 2658 evo·

931 2668 1033 2732 canda,
1049 2678 1147 2726 contra
1163 2685 1248 2741 quem
1264 2671 1484 2728 Panormitnnrrs
1503 2670 1539 2727 de
1556 2673 1728 2730 necessitate

932 2739 1060 2796 vocanda
1076 2740 1241 2809 contendit;
1255 2741 1311 2797 imo
1329 2739 1403 2812 quod
1419 2739 1518 2797 lortius
1533 2747 1586 2810 est,
1604 2743 1727 2815 capitula

932 2812 1065 2867 rnutetcta
1082 2811 1244 2882 pecuniaria
1267 2811 1370 2867 mulcta
1387 2811 1474 2868 luisse
1488 2819 1600 2869 constat
1617 2815 1652 2870 ab
1674 2817 1729 2870 En·

931 2895 1014 2946 neco,
1023 2880 1238 2964 archiepiscopo
1246 2883 1452 2938 Tarraconensi
1464 2883 1490 2938 in
1501 2884 1623 2940 coercitio
1631 2886 1730 2941 Tarru-

931 2953 1050 3009 conensi
1066 2967 1132 3008 anor
1156 2954 1234 3020 raet,
1258 2952 1282 3008 si
1304 2954 1402 3010 venire
1422 2953 1630 3026 neglexissent3
1651 2954 1728 3012 unde

932 3029 1009 3095 patet
1023 3030 1160 3094 quantum
1183 3023 1303 3080 valuerit
1319 3023 1365 3080 bie
1387 3039 1456 3080 usus
1481 3025 1509 3080 in
1534 3022 1608 3082 dicta
1624 3034 1729 3083 metro·

932 3093 999 3166 poti.
1012 3096 1043 3150 lo
1058 3093 1217 3151 hoctamen
1231 3094 1333 3150 fallitur
1343 3096 1563 3152 Panorrnitaons
1575 3112 1661 3168 qrrurn
1677 3111 1725 3154 ca·

932 3163 1026 3237 pitulis
1040 3164 1087 3236 jus
1101 3171 1210 3221 tanturn
1231 3163 1379 3221 adsidendi
1398 3180 1454 3222 non
1468 3165 1617 3239 iudicandi
1631 3169 1727 3224 tribuit

930 3243 958 3292 et
971 3236 1047 3307 ipsos
1063 3235 1214 3308 episcopos
1226 3235 1427 3308 suffraganeos
1440 3252 1602 3294 assessores
1614 3238 1728 3295 adtrae

929 3307 1048 3364 tandum
1067 3313 1177 3364 tantum
1202 3321 1258 3362 non
1284 3305 1473 3364 decidendum
1492 3307 1603 3366 admitti
1622 3308 1727 3367 debere

930 3377 1000 3445 vult,
1018 3378 1055 3434 ita
1073 3385 1102 3434 ut
1117 3379 1194 3434 solus
1217 3376 1450 3450 archiepiscopus
1478 3380 1514 3435 sit
1526 3378 1613 3462 iudex
1628 3397 1634 3436 :
1651 3379 1728 3452 quod

931 3453 1026 3504 tanren
1039 3462 1138 3503 verum
1154 3461 1210 3503 rron
1227 3455 1284 3518 est;
1299 3463 1364 3504 nam
1377 3449 1539 3522 crepiscopr
1556 3465 1656 3506 vocent
1673 3451 1724 3507 ha·

930 3517 997 3574 bent
1011 3517 1178 3585 decisivam,
1207 3532 1273 3574 cum
1293 3525 1321 3574 et
1340 3533 1438 3574 eorum
1457 3527 1655 3591 procuratores
1673 3521 1726 3577 ba·

929 3587 1025 3654 beant,
1042 3595 1073 3644 ut
1091 3594 1190 3644 censet
1204 3586 1357 3644 declaratio
1370 3589 1557 3646 cardinalium
1573 3589 1608 3646 ad
1622 3605 1685 3662 cap.
1698 3593 1725 3660 Ξ,

930 3658 1068 3714 sessionis
1092 3659 1136 3726 ΙΙ,
1153 3671 1234 3714 conc.
1262 3657 1388 3715 Trident.
1407 3659 1440 3714 dc
1460 3661 1608 3730 reformat.
1626 3661 1678 3718 Ubi
1698 3669 1727 3719 et

931 3727 1048 3785 abbates
1069 3727 1339 3797 reornrnendatarios,
1360 3736 1389 3785 et
1402 3729 1533 3801 capitula
1548 3745 1649 3788 vocem
1667 3737 1727 3790 tan·

931 3805 990 3856 tum
1015 3799 1234 3856 consultativarn
1256 3798 1574 3872 babercrespondetur3
1587 3809 1725 3872 attamen,

929 3874 1130 3927 traetntnsvox
1144 3885 1200 3926 non
1216 3871 1307 3928 solum
1323 3870 1559 3942 disquisitionem,
1574 3873 1624 3930 sed
1639 3875 1725 3930 etiarn

929 3940 1104 3997 decisionem
1115 3941 1278 4013 significare
1289 3940 1372 3998 docet
1382 3941 1575 4012 jurisconsult.
1594 3944 1648 4001 inl.
1666 3945 1682 4002 9
1697 3952 1726 4002 ct

931 4013 974 4082 ΙΙ,
990 4011 1124 4083 tuith,
1135 4011 1170 4068 atl
1181 4012 1430 4070 liuideadntter.
1441 4011 1621 4072 Aliudestde
1638 4029 1724 4089 syno-

929 4082 973 4140 dis
983 4083 1192 4166 episcopalibus
1204 4083 1427 4155 uniuscujusque
1441 4083 1608 4156 hereseos,
1621 4101 1685 4144 cart.
1697 4087 1725 4155 b,

929 4155 1042 4212 conerlii
1054 4155 1171 4220 Arelat,
1186 4156 1246 4224 ivo,
1264 4162 1344 4227 parte
1359 4155 1385 4224 b,
1399 4170 1464 4212 can.
1482 4155 1544 4213 lib.

965 4259 1004 4334 (a)
1025 4262 1196 4318 Martcrnno
1216 4261 1351 4331 episcopo.
1379 4262 1550 4320 llartiranus
1573 4264 1724 4336 episcopa·

929 4338 984 4398 tus,
1000 4333 1067 4388 olim
1081 4333 1262 4401 btamerturn,
1279 4331 1315 4388 dc
1325 4347 1381 4460 Ἡιο
1397 4333 1476 4405 plura
1490 4333 1589 4392 histor.
1603 4337 1723 4392 honran.

928 4403 1090 4474 scriptores.
1108 4404 1215 4461 Unicus
1234 4410 1277 4460 est
1296 4419 1328 4460 sn
1354 4419 1497 4477 raganeus
1517 4405 1725 4479 archiepiscopi

928 4473 1071 4532 Coscntini
1086 4475 1112 4529 in
1127 4475 1214 4530 reteri
1230 4474 1333 4532 tlodice
1351 4476 1521 4532 Provinciati
1543 4477 1726 4546 hortincort

929 4552 1046 4601 uocatur
1062 4545 1296 4614 biarturanensis,
1312 4547 1490 4604 Mentoreos.

965 4649 1004 4723 (b)
1026 4651 1201 4708 Crotoniensi
1220 4653 1355 4724 episeopo.
1382 4654 1509 4721 Crotone,
1529 4653 1630 4711 civitas
1653 4655 1726 4725 epis

928 4722 1036 4794 cotialis
1060 4722 1089 4778 in
1113 4721 1239 4779 tlnltrbria
1263 4723 1316 4778 sub
1343 4722 1475 4794 ltbegino
1497 4723 1723 4796 archiepiscopo.

928 4793 1067 4850 Eumdern
1090 4792 1175 4850 habet
1194 4808 1259 4849 cum
1275 4794 1411 4850 Parisinis
1433 4795 1602 4864 apostolum,
1620 4809 1724 4867 nempe

930 4864 1094 4937 Dionysium
1110 4865 1324 4946 Areopagitam‚
1342 4871 1413 4920 teste
1428 4862 1558 4921 Gabriele
1573 4865 1681 4934 Burrio,
1692 4865 1726 4922 de

927 4935 1059 5006 antiquit.
1075 4935 1225 4992 Calabrae.

965 5041 1002 5115 (c)
1022 5041 1123 5098 Abbati
1137 5041 1170 5096 dc
1184 5039 1300 5110 Fripido
1319 5042 1415 5098 detrec.
1437 5040 1631 5098 cisterciensis
1645 5041 1722 5098 ordi·

928 5113 973 5169 nis
988 5129 995 5169 ε
1012 5127 1086 5169 uuus
1098 5109 1188 5168 codex
1204 5113 1261 5169 bis.
1276 5109 1371 5180 habet,
1381 5112 1417 5169 de
1427 5111 1532 5184 frigido
1542 5114 1650 5179 Genea,
1661 5115 1725 5171 Cas·

928 5182 1217 5247 trensisdioeecsis,ct
1232 5181 1327 5240 tbrsan
1344 5183 1601 5242 nielluscastrum.
1612 5185 1723 5254 Castro,

928 5255 994 5310 urbs
1015 5261 1058 5312 est
1077 5253 1248 5326 episcopalis
1269 5254 1322 5312 sub
1342 5253 1557 5327 orclriepiscopo
1590 5254 1721 5327 ilydrun-

928 5327 997 5384 tino.

963 5431 1004 5505 (d)
1025 5432 1204 5502 Episcopum,
1215 5437 1240 5488 et
1255 5432 1410 5502 castitatum
1423 5426 1631 5489 Neoccstrense.
1646 5435 1721 5491 Neo·

927 5503 1081 5560 castrensis
1099 5502 1281 5575 episcopatus
1305 5501 1475 5561 incelebris
1498 5503 1549 5560 sub
1565 5504 1721 5577 arehiepis-

926 5589 999 5646 copo
1014 5573 1146 5646 ilbcgioo
1161 5581 1231 5643 erat,
1247 5574 1389 5642 Niccstro,
1402 5576 1430 5632 in
1441 5577 1530 5632 veteri
1543 5574 1645 5633 Codice
1658 5577 1723 5636 Pro

926 5645 1039 5703 vinciali
1054 5647 1192 5703 Romano.
