4090 6426
287 201 345 260 113
899 187 1076 254 HONORll
1098 187 1144 250 111
1166 181 1314 250 OPERA.
1901 191 1954 256 lu

287 359 373 422 foret
396 359 622 419 Romanorum
644 350 840 414 Pontificum
862 349 1029 428 splendor,
1052 349 1086 410 et
1139 347 1259 410 nostro
1282 347 1450 410 1111111116
1477 349 1616 411 decreto
1639 351 1754 412 eidam
1780 353 1954 414 Romaene

288 456 446 517 Romanae
456 449 612 512 Ecclesiae
625 445 964 524 magnificentiaque
973 445 1084 506 tamen
1139 445 1953 524 nccusioeeeoerauternrpescaticumenum

286 551 322 612 in
336 565 520 628 pauperum
533 549 642 610 sinum
657 545 792 606 uberem
807 541 934 620 partem
949 557 1085 603 suarum
1140 542 1173 602 ei
1183 544 1303 604 Genua
1315 542 1378 613 cst,
1391 545 1563 604 donamus
1577 545 1628 605 iia
1639 545 1677 606 ui
1695 549 1734 606 ira
1747 549 1854 607 bonis
1868 550 1951 608 beati

288 665 387 727 opum
411 645 583 708 effundere
611 641 793 713 consuevit,
825 640 872 702 uti
894 639 1024 718 jamdiu
1050 639 1085 699 in
1139 639 1241 700 Petri
1256 643 1340 711 ipsae
1354 643 1456 714 Alpes
1474 655 1497 701 o
1511 643 1673 703 Taurinis
1688 643 1877 705 monitibus
1898 661 1949 706 us-

288 745 444 808 11111111
467 743 579 806 italice
600 741 688 803 edito
705 743 746 801 de
770 738 923 802 Caritate
944 735 1083 798 ostendi.
1139 738 1258 808 quood
1272 738 1486 812 Ligusticum
1496 752 1596 800 ocare
1605 741 1845 802 censeantur.
1867 742 1944 802 Fieri

289 847 405 922 Neque
428 843 464 903 in
488 845 637 903 Romano
661 838 790 900 tantum
816 851 908 912 agro,
923 834 1023 912 atque
1050 833 1085 893 in
1140 830 1272 908 quidem
1291 833 1399 910 potest
1417 835 1455 894 ut
1468 849 1586 910 parum
1599 837 1719 910 critici,
1735 837 1945 915 nimiumque

291 940 439 1002 finitimis
454 937 643 1000 abundabat
656 934 784 1010 ingenti
799 932 974 994 fundorum
989 930 1086 1007 copia
1140 929 1268 990 creduli
1289 930 1518 992 aurichalcum
1540 932 1623 992 illud
1652 950 1712 1010 pro
1736 951 1829 996 auro
1857 939 1945 996 acci·

290 1038 405 1099 eadem
426 1035 578 1106 ecclesia,
592 1033 650 1094 sed
665 1032 765 1093 etiam
783 1045 842 1106 per
855 1029 967 1092 varias
980 1027 1086 1090 ltaliae
1140 1026 1233 1103 piant
1244 1024 1347 1106 (quod
1359 1028 1575 1105 etTurrigius
1585 1029 1665 1092 fecit
1678 1031 1714 1092 in
1727 1032 1825 1094 libro
1833 1037 1946 1095 Groite

289 1137 411 1214 partae,
423 1136 521 1210 atque
529 1133 564 1192 in
573 1131 653 1194 Asia
662 1131 746 1207 ipsa.
761 1127 957 1189 Goelestinus
967 1129 982 1188 1
994 1128 1085 1202 Papa
1146 1125 1411 1202 Vaticanapari.
1426 1141 1463 1196 11,
1477 1141 1550 1202 cap.
1566 1125 1631 1206 6.);
1646 1143 1765 1190 verum
1781 1146 1887 1191 nemo
1902 1132 1947 1190 in-

289 1234 330 1296 ad
353 1231 575 1293 Theodosium
594 1229 763 1306 Juniorem
789 1225 973 1300 Augustum
1001 1223 1087 1285 scri·
1139 1222 1191 1284 ter
1205 1221 1352 1284 eruditos
1367 1224 1427 1296 est,
1444 1224 1502 1300 qui
1523 1225 1708 1299 ridendam,
1727 1227 1946 1304 putidamque

288 1331 381 1404 bens,
398 1345 485 1390 anno
500 1327 626 1388 Christi
635 1328 705 1398 432,
720 1321 997 1386 commemorabat
1008 1337 1087 1399 pos-
1140 1335 1207 1380 non
1236 1321 1396 1396 agnoscat
1421 1320 1514 1383 illius
1545 1323 1694 1401 epistolae
1710 1323 1943 1400 imposturam.

289 1428 456 1489 sessiones
475 1425 509 1485 in
523 1425 603 1486 Asia
624 1421 832 1494 constitutas,
848 1436 930 1498 quas
944 1419 1085 1481 illustris
1140 1417 1298 1481 Eumdem
1339 1420 1529 1493 auctorem,
1566 1419 1727 1482 similium
1766 1422 1944 1485 criminun

290 1526 324 1586 61
338 1524 460 1585 sanctae
481 1519 721 1583 recordationis
735 1517 854 1590 Proba,
865 1517 964 1592 longa
976 1532 996 1578 a
1010 1531 1085 1576 ma·
1139 1530 1233 1576 reum
1248 1516 1452 1593 deprehendi
1465 1518 1500 1578 in
1509 1519 1742 1582 Cornmeuiar.
1757 1522 1800 1581 da
1814 1524 1941 1583 Corona

286 1621 417 1699 joribus
427 1618 601 1690 vetustate,
611 1615 790 1694 reliquerat
804 1617 961 1676 Romanae
971 1613 1086 1674 Eccle-
1139 1617 1284 1685 Ferrea,
1297 1613 1377 1675 tom.
1391 1615 1798 1678 ll.Anecdotor.Latinor.
1809 1619 1944 1680 Hadria-

290 1719 368 1793 siae3
385 1717 414 1779 is
428 1732 507 1779 vero
522 1713 715 1792 imperatori
730 1710 947 1782 commendat,
965 1712 1087 1770 11111-
1139 1726 1203 1772 nus
1224 1726 1355 1789 quoque
1378 1713 1510 1774 Primus
1532 1713 1568 1775 in
1592 1714 1721 1792 epistol.
1748 1717 1790 1776 49
1818 1716 1943 1778 Codicis

290 1815 343 1875 nis
358 1812 465 1875 abhis
476 1809 705 1874 insidiantium
718 1807 911 1886 inquietudo
926 1804 1083 1866 discedat.
1140 1808 1307 1881 carolini,
1341 1810 1543 1886 patrimonia
1584 1811 1743 1873 Ecclesiae
1785 1815 1943 1876 Romana

290 1911 462 1973 Pertinent
482 1909 547 1970 ista
571 1907 613 1969 ad
637 1907 744 1983 prima
765 1903 923 1966 Ecclesiae
949 1901 1083 1963 saecula.

289 2009 372 2081 Quid
389 2009 423 2069 in
432 2003 707 2083 subsequentibus
720 2002 897 2078 contigerit
907 1997 984 2080 (hoc
997 1999 1085 2061 enim

288 2105 496 2184 potissimum
520 2101 749 2178 investigando
771 2097 911 2178 sumpsi)
930 2097 1083 2174 accipito

328 2203 440 2264 Primo
460 2203 534 2263 loco
556 2201 591 2262 in
612 2196 820 2277 patrimoniis
842 2197 906 2258 sita
923 2194 1001 2258 olim
1023 2193 1086 2256 fuit

290 2303 448 2364 Romanae
468 2297 625 2360 Ecclesiae
645 2293 829 2372 opulentia,
850 2293 913 2355 hoc
932 2293 983 2355 est
1001 2307 1086 2354 mas·

288 2399 347 2472 sis,
362 2398 504 2474 aliisque
519 2395 641 2467 fundis,
658 2409 740 2471 quos
754 2392 994 2468 augustorum,
1006 2390 1086 2452 alio·

287 2511 428 2575 rumque
443 2493 590 2556 fidelium
609 2491 716 2569 pietas
736 2490 772 2552 in
784 2489 887 2551 variis
902 2488 1084 2566 provinciis

290 2595 411 2658 Sancto
434 2593 532 2654 Petro
556 2589 753 2653 contulerat.
777 2590 898 2649 Eorum
924 2586 1086 2648 adminis-

286 2692 387 2755 tratio
403 2689 473 2752 fere
488 2705 619 2767 semper
639 2685 931 2750 commendabatur
953 2683 1085 2746 clericis

286 2790 320 2853 et
332 2787 543 2850 subdiaconis
557 2785 712 2862 spectate
725 2783 813 2856 fidei,
824 2782 880 2860 qui
893 2781 1085 2844 defensores

242 2961 245 2966 ¹
287 2879 1083 2961 atrectaresappellabantur.hctionariiquoque,

287 2983 359 3046 sive
378 2983 507 3044 actores
529 2980 570 3041 ad
592 2980 680 3040 idem
700 2993 820 3040 munus
844 2975 962 3038 delecti
978 2975 1083 3036 fuere.

288 3080 377 3142 Idem
393 3077 545 3141 fortassis
564 3075 708 3138 officium
731 3073 792 3136 sub
815 3073 956 3135 diversis
971 3074 1084 3136 nomi-

286 3177 385 3240 nibus
400 3175 472 3238 fuit.
490 3173 625 3238 Constat
639 3173 749 3235 autem
770 3187 813 3234 ex
833 3171 983 3249 epistolis
998 3174 1084 3234 Gre-

286 3275 374 3352 gorii
388 3274 512 3350 Magni,
528 3273 631 3334 fuisse
641 3269 736 3334 varia
750 3268 1009 3346 locupletissima
1030 3285 1085 3346 pa·

1140 1908 1397 1980 commemorat,
1432 1908 1540 1984 posita
1561 1907 1597 1969 in
1623 1908 1776 1985 partibus
1801 1913 1941 1984 Tuscia,

1141 2003 1285 2078 spoleto,
1309 2019 1372 2065 seu
1391 2005 1592 2079 Benevento,
1609 2007 1708 2084 atque
1727 2008 1873 2069 Gorsica
1898 2012 1940 2069 si-

1140 2099 1207 2160 mul
1232 2101 1264 2162 et
1288 2102 1483 2175 savinensi,
1509 2107 1571 2164 etc.
1604 2103 1738 2168 Modum
1763 2120 1865 2178 nere,
1886 2123 1941 2183 quo

1139 2197 1304 2274 ejusmodi
1316 2199 1528 2276 patrimonia,
1545 2199 1580 2262 in
1594 2201 1661 2262 tam
1678 2200 1828 2264 diversis
1843 2205 1942 2278 regio

1139 2293 1237 2356 nibus
1260 2295 1324 2358 sita
1343 2297 1551 2373 regerentur,
1577 2297 1842 2376 supralaudatus
1862 2304 1940 2362 Gre-

1139 2393 1254 2468 gorius
1267 2395 1408 2469 Magnus
1423 2394 1576 2470 plurimis
1587 2395 1738 2472 epistolis
1754 2397 1831 2458 suis
1845 2399 1942 2476 expli·

1139 2489 1203 2562 cat,
1220 2489 1389 2567 inquibus
1403 2490 1611 2553 admirabilis
1623 2493 1761 2570 effulget
1774 2496 1942 2572 aequitatis

1139 2601 1233 2648 amor
1262 2587 1361 2666 atque
1385 2588 1571 2665 prudentia.
1595 2590 1787 2652 chronicon
1811 2609 1942 2670 quoque

1139 2681 1308 2754 Earfense,
1324 2687 1409 2760 part.
1425 2685 1603 2754 1111111111
1618 2690 1699 2750 Iter.
1715 2689 1848 2762 Italic..
1863 2707 1941 2752 ame

1139 2780 1274 2854 editum,
1288 2783 1393 2844 multa
1405 2781 1505 2844 habet
1518 2785 1559 2846 de
1573 2784 1777 2846 actionariis
1783 2788 1941 2850 Ecclesia

1140 2880 1941 2948 Romanae.ErantautemetinGermaniareditus

1139 2975 1848 3060 6116116616311111111110111111111111111
1860 2985 1941 3044 unde

1139 3073 1386 3151 colligerentur,
1394 3075 1557 3140 incertum
1572 3077 1633 3139 est.
1645 3078 1807 3140 Nicotaus
1824 3081 1941 3142 enimi

1139 3174 1230 3249 Papa
1262 3172 1304 3234 ad
1330 3172 1554 3246 Ludovicum,
1585 3175 1772 3237 Germania
1805 3193 1939 3254 regem,

1139 3268 1298 3343 scribens,
1313 3267 1443 3347 epistol.
1455 3271 1506 3345 55,
1522 3271 1586 3332 sibi
1601 3273 1820 3334 constitutum
1841 3277 1893 3337 ait
1906 3277 1940 3338 de

285 3373 443 3436 trimonia
451 3374 574 3433 sanctae
588 3372 745 3433 Romanae
754 3367 911 3430 Ecclesiae
919 3366 955 3428 in
968 3367 1084 3430 Sicilia
1138 3366 1247 3443 legato
1268 3367 1427 3430 mittendo
1439 3389 1447 3428 :
1460 3385 1478 3428 a
1489 3371 1554 3430 Pro
1571 3369 1670 3430 unius
1681 3370 1762 3431 anni
1777 3372 1942 3434 reditibus

285 3472 407 3544 Gallia,
423 3470 541 3547 Appia,
558 3467 723 3540 Calabria,
740 3465 920 3544 campania
935 3465 1081 3537 Corsica,
1138 3480 1251 3527 rerum
1262 3465 1375 3528 Sancti
1384 3464 1475 3527 Petri
1487 3465 1524 3528 in
1534 3481 1637 3543 regno
1651 3468 1764 3530 vestro
1778 3469 1940 3532 sitarum:

286 3569 453 3642 Sardinia,
469 3566 645 3638 Dalmatia,
657 3564 812 3634 Thuscia,
824 3562 948 3635 Africa,
960 3562 993 3623 et
1007 3562 1083 3624 aliis
1138 3577 1238 3638 quum
1250 3562 1393 3625 duorum
1402 3579 1566 3626 annorum
1577 3566 1647 3642 jam
1658 3565 1812 3642 tempora
1825 3571 1944 3644 praete-

285 3669 320 3729 in
331 3668 425 3730 locis.
435 3659 1082 3727 Μ6111111611111111111111111111110-
1137 3658 1271 3732 rierint,
1298 3674 1341 3722 ex
1359 3677 1424 3739 quo
1446 3661 1572 3723 reditus
1594 3678 1638 3724 ex
1660 3662 1729 3724 illis
1752 3662 1944 3727 debuerunt

285 3765 382 3827 annis
394 3767 423 3826 V
435 3767 546 3841 Papae,
559 3759 795 3839 patrimonium
811 3757 935 3820 Siciliae
948 3758 981 3819 et
993 3757 1085 3818 Cala·
1138 3771 1211 3818 esse
1223 3757 1370 3834 collecti;
1385 3759 1486 3820 etnos
1495 3775 1538 3820 ex
1550 3759 1599 3820 eis
1610 3759 1695 3821 nihil
1707 3762 1944 3838 recepimus.»

284 3862 377 3924 briae.
393 3865 487 3935 Tum,
504 3861 538 3922 in
554 3859 622 3921 vita
639 3856 818 3930 Zachariae,
836 3855 974 3918 testatur
996 3854 1084 3916 idem
1139 3853 1293 3918 Pontifex
1309 3854 1408 3927 idem,
1424 3855 1461 3916 in
1477 3857 1619 3933 epistola
1634 3859 1664 3919 Il
1677 3857 1719 3920 ad
1739 3858 1944 3922 Michaelem

285 3958 443 4035 scriptor,
467 3957 621 4020 restituta
642 3953 746 4015 fuisse
764 3951 958 4014 Pontificio
981 3955 1085 4012 Tras-
1139 3953 1329 4012 Graecorum
1350 3952 1585 4029 imperatorem
1610 3955 1677 4016 alia
1695 3957 1852 4019 recenset
1869 3961 1942 4020 Ro-

284 4057 423 4127 murado,
435 4057 518 4116 duce
532 4053 704 4127 spontino
718 4053 905 4112 sabinense
917 4049 1084 4123 patrimo-
1138 4063 1244 4110 manae
1257 4049 1415 4110 Ecclesiae
1430 4050 1629 4127 patrimonia
1644 4068 1665 4113 a
1684 4053 1812 4115 Graecis
1834 4071 1942 4116 usur-

284 4154 393 4224 nium,
406 4153 493 4224 guod
500 4163 686 4224 peraunos
694 4161 802 4222 prope
812 4145 957 4222 triptota
965 4147 1084 4220 suerat
1138 4145 1225 4220 pata.
1243 4147 1454 4220 «Praeterea,
1469 4149 1592 4222 inquii,
1614 4149 1865 4212 calabritanum
1880 4167 1944 4228 pa-

284 4247 448 4319 cticiam,
466 4247 568 4320 utque
582 4247 791 4318 Narrzicrrse,
809 4243 916 4304 etiem
925 4242 1082 4304 61111111-
1138 4243 1330 4304 trimonium
1352 4245 1385 4305 et
1400 4243 1561 4315 Siculum,
1575 4261 1713 4324 quaeque
1731 4248 1859 4310 nostrae
1875 4252 1943 4310 Eo-

284 4341 1083 4419 omnum,etquenaconatanom,arccanaerne
1137 4341 1249 4402 clasiae
1271 4356 1429 4402 concessa
1452 4340 1597 4416 fuerunt,
1620 4344 1653 4404 et
1675 4359 1715 4404 ea
1736 4346 1942 4421 possidenda

283 4443 498 4514 nannetense,
514 4442 576 4502 etc.
597 4440 742 4502 Proinde
766 4455 866 4517 quum
889 4438 973 4515 legis
994 4439 1082 4516 apud
1137 4437 1289 4510 obtinuit,
1307 4441 1341 4500 et
1354 4438 1559 4515 disponendo
1583 4455 1642 4518 per
1655 4457 1732 4502 suos
1752 4441 1943 4506 familiares

284 4540 436 4607 eumdem
445 4538 659 4602 Anastasium
673 4538 709 4598 in
728 4537 805 4600 Vita
818 4536 957 4600 ioannis
967 4539 1037 4609 Vll,
1050 4538 1082 4599 et
1136 4549 1254 4612 regere
1273 4535 1408 4608 studuit,
1425 4537 1545 4599 restris
1567 4539 1842 4600 concessionibus
1862 4542 1944 4602 red-

283 4639 371 4717 apud
384 4637 525 4700 Paulum
540 4637 722 4697 Diaconum
735 4635 770 4696 11
787 4634 935 4697 Historia
950 4637 1083 4710 Lango-
1136 4634 1272 4710 dantur;
1287 4633 1444 4711 quoniam
1455 4635 1687 4698 irrationabile
1700 4637 1760 4710 est,
1778 4638 1816 4699 11
1826 4639 1943 4700 Eccle-

282 4737 430 4810 bardica,
447 4733 750 4807 donationemsive
760 4733 1002 4797 restitutionem
1015 4727 1082 4793 Pa‘-
1136 4731 1272 4794 siastica
1293 4732 1471 4809 possessio,
1488 4733 1576 4794 unde
1600 4732 1780 4796 luminaria
1799 4737 1832 4796 et
1852 4752 1941 4797 con-

280 4835 431 4900 trimonii
444 4834 576 4912 Alpium
592 4831 773 4894 uottiarum
786 4829 989 4906 abAriperto
997 4831 1081 4890 Lan·
1136 4829 1343 4892 cinnationes
1363 4829 1520 4892 Ecclesiae
1544 4831 1605 4892 Dei
1627 4830 1847 4903 deridebant,
1865 4833 1941 4895 tar-

282 4933 505 5013 gobardcrum
538 4945 616 5006 rege
639 4928 772 5001 factam,
787 4927 820 4990 et
839 4941 859 4988 a
876 4927 1079 5004 Luitprando
1135 4943 1216 4990 rena
1235 4927 1351 5005 quavis
1370 4927 1533 5004 potestate
1559 4927 1807 4991 subtrabuntur.
1830 4947 1850 4990 a
1871 4933 1941 4993 Leo

282 5031 510 5096 confirmatam
525 5027 682 5090 Ecclesiae
697 5028 856 5089 Romanae
871 5045 878 5084 ε
896 5024 949 5085 his
968 5023 1079 5086 verbis
1135 5025 1235 5086 etiam
1263 5027 1319 5096 IX,
1333 5025 1369 5085 in
1402 5025 1532 5101 epistol.
1557 5029 1576 5086 7
1607 5026 1649 5087 ad
1681 5029 1940 5091 Constantinum

282 5131 329 5192 nil
343 5129 433 5192 aliud
447 5125 631 5203 significari
643 5125 734 5202 puta,
748 5138 848 5200 quam
861 5122 979 5197 cortes,
994 5137 1082 5198 prae·
1135 5121 1389 5184 Monomacbum
1417 5122 1663 5199 imperatorem,
1675 5124 1790 5186 eadem
1824 5128 1939 5202 patri-

281 5229 353 5301 dia,
380 5228 414 5289 et
434 5225 566 5288 fundos.
595 5224 681 5284 Nam
708 5219 794 5298 quod
818 5219 1080 5281 Bartholomaeus
1135 5221 1246 5282 monia
1256 5220 1387 5296 repetit.
1397 5220 1461 5280 Sed
1474 5220 1633 5296 longehis
1644 5224 1772 5298 majora
1781 5221 1938 5297 donaria,

281 5325 444 5390 Zucchius
464 5324 500 5384 in
513 5321 648 5384 Hister.
665 5317 891 5381 Modoetieuai
905 5316 1080 5394 epistolam
1135 5316 1292 5379 Ecclesiae
1325 5318 1483 5379 Romanae
1516 5332 1537 5377 a
1565 5319 1781 5381 Constantino
1814 5321 1940 5396 Magno

279 5422 406 5500 profert
436 5418 477 5482 ab
509 5417 663 5496 ariperto
688 5415 845 5494 scriptam
863 5415 985 5478 ioanni
1007 5417 1077 5488 Vll,
1134 5413 1244 5476 oblata
1265 5413 1377 5491 patulo
1390 5429 1448 5475 ore
1463 5414 1682 5478 contendebat
1697 5415 1937 5494 Luitprandus,

282 5525 431 5584 Romano
462 5515 627 5588 Pontifici,
659 5515 695 5576 in
725 5529 789 5592 qua
821 5513 869 5576 ait
894 5536 901 5576 ι
938 5517 997 5576 Ec
1017 5523 1079 5582 hoc
1134 5512 1365 5576 Cremonensis
1380 5511 1566 5590 episcopus,
1584 5513 1618 5573 in
1634 5529 1694 5574 sua
1709 5513 1880 5590 legatione
1895 5519 1937 5578 ad
