4084 6428
98 246 169 323 897
557 246 721 310 ocmvh
742 247 932 310 Piscium.
956 249 1081 312 snam
1104 254 1282 326 oolam.

1687 269 1748 332 898

95 404 225 468 habere
244 402 412 482 diligendo
434 405 467 469 et
487 405 682 468 admirando
696 421 772 469 cum
786 397 895 484 lpos-
947 413 1166 484 pectamur...
1190 412 1326 496 (Philip.
1356 433 1404 493 nr,
1429 421 1495 502 20).
1521 423 1561 486 m
1587 424 1623 488 in
1646 426 1749 490 Libro

94 503 168 566 tolo
192 503 346 566 dicente:
376 504 519 578 onnam
544 506 898 580 incomprehensibilia
953 508 1150 586 Sapientiae:
1166 518 1449 592 ruperuntjustt
1459 521 1548 582 sicut
1561 527 1620 596 sot,
1634 527 1671 586 tu
1691 542 1750 590 re-

93 602 897 676 suntjuotctammettrivesttpaottesotaeeyusr
951 622 1018 681 prio
1040 609 1162 670 Patris
1182 626 1303 674 eorum
1330 592 1457 684 (matth.
1482 634 1556 692 xm,
1572 619 1636 700 43).
1655 624 1747 694 Quod

96 697 278 759 Sciendum
301 713 444 774 namque
476 699 528 758 est
553 697 639 774 quod
658 698 809 759 diabolus
833 698 898 759 ali·
951 718 1122 783 exponens
1144 710 1349 786 Augustinus
1376 713 1452 774 ait:
1477 731 1496 775 s
1520 717 1646 778 Coloris
1670 721 1744 782 cla-

93 794 231 871 quando
246 795 394 856 versutia
415 810 484 856 suae
508 794 712 871 deceptionis
726 793 897 856 intermis-
951 800 1033 862 ritas
1057 806 1180 878 quanta
1194 807 1258 868 erit
1280 808 1316 868 in
1334 811 1528 886 corporibus
1551 814 1743 892 electorum,

93 892 151 953 cet
174 907 295 968 aquam
325 891 596 953 contradictionis
627 892 722 970 aquis
755 892 895 954 sincerae
951 899 1082 974 quando
1101 903 1185 978 jnsti
1203 903 1375 984 ¹fulgebunt
1388 908 1483 969 ¹sicut
1502 911 1562 984 sol,
1585 912 1621 973 in
1642 930 1744 991 regno

92 989 363 1065 compunctionis
383 989 418 1050 ut
438 988 622 1064 praecipitet
641 990 847 1066 peccatorem
861 989 895 1050 in
951 1004 1059 1066 ratris
1075 1011 1204 1070 eorum!
1221 1014 1330 1083 »ouae
1343 1012 1478 1074 claritas
1490 1016 1526 1076 sn
1539 1017 1660 1080 christi
1676 1037 1746 1082 cor-

90 1085 254 1162 flblssum
274 1084 526 1162 deslelafiffllib
547 1088 580 1146 θῑ
603 1087 697 1163 Ρθῦῑῑ
718 1086 795 1148 ante
810 1102 894 1148 001¹·
949 1117 1029 1177 pore
1061 1107 1266 1182 resurgentis
1294 1109 1336 1170 ab
1366 1110 1470 1172 oculis
1505 1113 1744 1192 discipulorum

89 1183 147 1244 108
163 1182 635 1259 00rdiSflhy⁸SOSjud1010l¹1m
645 1183 715 1255 Uei,
730 1200 803 1260 <1¹1ae
818 1185 895 1247 flunt
949 1199 1141 1265 abscondita
1160 1203 1262 1268 fuisse
1281 1207 1490 1287 potiusquam
1505 1211 1649 1276 defuisse
1664 1232 1742 1278 ore,

90 1279 459 1357 incomprehensibilia,
467 1279 891 1358 etabyssumpeooatorum,

90 1394 170 1456 quae
183 1378 259 1440 sunt
271 1376 522 1450 inenarrabilia,
539 1378 576 1439 ut
600 1378 705 1454 possit
729 1379 892 1456 projicere

89 1475 131 1536 in
146 1475 300 1552 abyssum
316 1474 564 1547 tormentorum,
580 1491 653 1552 quae
675 1479 752 1538 sunt
772 1475 895 1538 intole-

89 1573 228 1646 rabilia,
245 1573 434 1635 omnimoda
446 1572 592 1634 salsitate
605 1571 740 1634 credere
754 1573 890 1646 faciens,

89 1671 182 1748 quod
195 1670 230 1731 in
244 1685 324 1732 voce
340 1670 582 1732 cataractarum
598 1669 784 1732 divinorum
796 1671 892 1748 judi-

89 1767 222 1828 ciorum
246 1767 385 1844 abyssus
399 1767 638 1829 tormentorum
660 1765 816 1843 abyssum
839 1767 894 1828 in·

88 1864 192 1926 uocat
206 1865 426 1941 peccatorum.
452 1863 545 1926 Unde
567 1879 703 1926 necesse
724 1864 774 1926 est
796 1864 892 1925 nobis

89 1962 131 2023 ut
144 1961 290 2024 levemus
305 1962 418 2024 oculos
433 1964 565 2023 nostros
580 1961 621 2022 ad
636 1961 777 2033 montes,
794 1960 890 2035 idest,

89 2058 136 2120 ad
152 2060 294 2129 sanctos,
309 2059 395 2120 unde
405 2059 519 2122 veniat
534 2059 698 2120 auxilium
710 2057 816 2120 nobis.

134 2157 277 2218 Thomas
292 2157 529 2234 interpretatur
542 2157 706 2234 geminus,
729 2158 763 2218 et
782 2156 891 2232 signi-

88 2253 174 2316 ficat
202 2255 294 2316 illam
322 2253 520 2332 sapientiam
547 2271 619 2331 quae
644 2253 776 2315 dabitur
804 2254 892 2314 elec-

86 2352 138 2414 tis
166 2351 206 2413 de
230 2352 419 2430 cognitione
446 2353 611 2414 creatoris
637 2352 670 2412 et
699 2351 889 2412 mundialis,

91 2450 190 2512 Unde
202 2450 397 2528 Apostolus:
412 2455 513 2514 Nunc
526 2463 689 2526 cognosco
712 2464 758 2510 ac
773 2449 889 2522 parte,

88 2549 177 2610 teum
200 2549 318 2610 autem
346 2562 549 2624 cognoscam
581 2548 671 2608 stem
702 2547 737 2608 et
769 2549 890 2623 cophi-

89 2644 152 2705 tus
168 2660 248 2706 sitm
267 2643 295 2724 (l
311 2645 383 2704 Cor.
409 2659 514 2716 xxm,
537 2643 602 2724 12).
626 2645 666 2705 Et
685 2644 888 2719 Gregorius:

89 2758 112 2802 s
128 2742 212 2813 Quid
235 2741 275 2802 de
294 2741 335 2802 iis
357 2757 428 2818 quae
451 2741 587 2804 scienda
608 2742 696 2808 sunt,
721 2741 887 2813 nesciunt,

89 2840 151 2917 qui
166 2838 325 2900 scientem
340 2839 451 2900 omnia
473 2838 636 2900 sciunti»
652 2835 796 2918 (Dialog.
817 2837 888 2899 Lib.

90 2952 139 3008 iv,
157 2952 185 2997 c.
201 2933 267 3014 33.)
599 2981 601 2986 ,

133 3033 276 3094 Thomas
298 3032 537 3111 interpretatur
557 3031 688 3106 dubius,
717 3031 795 3110 quia
823 3047 890 3094 non

91 3131 234 3194 credidit
254 3131 290 3192 in
316 3131 595 3193 resurrectionem
617 3130 683 3191 nisi
706 3129 887 3207 probando,

92 3229 128 3292 et
151 3228 317 3305 significat
336 3229 535 3306 sapientiam
555 3245 628 3305 quae
652 3225 785 3288 dabitur
800 3227 892 3288 eleo-

92 3325 149 3388 tis.
170 3329 248 3398 Quae
274 3326 414 3388 scientia
440 3326 538 3387 modo
562 3325 613 3387 est
632 3323 744 3397 dubia,
771 3324 889 3386 sedin

92 3424 338 3486 resurrectione
352 3424 418 3485 erit
429 3423 520 3485 certa
532 3423 565 3484 et
582 3423 696 3511 plena,
718 3422 796 3499 quia
809 3437 890 3498 cog-

90 3536 268 3582 noscemus
283 3517 411 3582 inc'erta
425 3521 459 3582 et
472 3520 602 3582 occulta
624 3519 798 3596 sapientiae
815 3519 887 3581 Dei.

94 3618 188 3682 Unde
203 3619 323 3680 isaias:
336 3619 478 3694 nepeta
492 3617 544 3678 est
559 3617 658 3678 terra
668 3618 815 3678 amentia
825 3619 890 3678 Do·

87 3719 181 3778 mint
198 3717 400 3790 secutaque
413 3718 525 3777 maris
547 3715 743 3790 operientes
765 3711 822 3792 (Is,
839 3729 886 3786 xr,

89 3811 139 3892 9).
170 3813 261 3876 Sicut
287 3829 381 3892 aquae
405 3813 519 3884 maris,
555 3812 684 3890 quoties
711 3811 887 3884 inundant,

85 3911 217 3973 terram
231 3911 385 3988 operiunt
398 3909 621 3972 immensitate
642 3925 714 3982 sua,
734 3907 794 3982 ita,
809 3910 889 3971 tuno

91 4009 183 4070 terra
204 4009 314 4070 cordis
333 4009 441 4070 nostri
463 4007 646 4084 replebitur
673 4007 814 4068 scientia
836 4006 889 4068 vel

88 4107 256 4183 sapientia
271 4106 413 4168 Domini.
431 4106 514 4177 Quia
534 4106 621 4166 siout
640 4104 721 4166 dicit
741 4104 887 4181 Aposto-

1 4210 5 4215 ”
88 4206 165 4266 lus:
183 4209 285 4268 Nunc
297 4217 460 4280 madesco
476 4218 522 4264 em
538 4202 652 4278 parte,
673 4203 753 4264 tunc
770 4203 888 4264 autem

88 4316 293 4377 cognoscam
306 4302 396 4362 sicut
409 4301 444 4363 et
454 4301 612 4377 copszttus
626 4315 715 4360 sum.

133 4398 266 4461 Nathan
285 4398 407 4460 dicitur
430 4398 572 4472 donum3
600 4396 649 4468 El,
665 4400 764 4458 Ueus.
795 4397 888 4458 Unde

91 4496 281 4559 Nathanael
295 4496 533 4572 interpretatur
547 4495 670 4556 donum
693 4495 763 4568 Dei,
790 4495 824 4556 et
837 4494 888 4556 si·

88 4595 228 4672 gnificat
237 4593 421 4656 claritatem
432 4593 525 4654 illam
538 4609 611 4670 quae
620 4591 753 4655 dabitur
765 4593 888 4654 sanctis

91 4693 128 4754 in
147 4691 402 4754 resurrectione.
428 4693 507 4763 Quae
530 4689 614 4752 hene
629 4689 752 4751 dicitur
766 4690 888 4751 donum

91 4791 163 4860 Dei,
193 4791 271 4868 quia
303 4805 460 4866 magnum
491 4788 613 4848 donum
647 4788 697 4848 est
720 4787 888 4849 hominem

91 4888 314 4966 resplendere,
337 4887 379 4949 ad
401 4884 653 4948 similitudinem
668 4885 738 4956 Dei,
755 4899 887 4948 serrum

91 4987 302 5064 resplendere
317 4985 359 5048 ad
374 4981 625 5046 similitudinem
635 4983 778 5056 Domini,
793 4999 890 5045 crea-

90 5085 199 5148 turam
232 5084 274 5145 ad
307 5082 558 5144 similitudinem
591 5081 779 5154 creatoris,
810 5081 888 5158 quia

90 5181 187 5244 electi
210 5181 310 5244 talem
325 5180 510 5242 claritatem
532 5179 700 5240 habebunt
721 5179 756 5240 in
769 5194 888 5240 resur-

1 5344 2 5349 ,
91 5279 249 5352 rectione,
262 5279 393 5358 qualem
407 5278 558 5360 Christus
571 5277 689 5340 habuit
703 5277 738 5338 in
752 5277 889 5340 transti-

91 5378 277 5454 guratione.
295 5377 485 5454 iulaesum
498 5376 621 5449 sancit,
645 5377 679 5437 et
693 5376 797 5438 erunt
821 5377 890 5450 sul-

92 5478 358 5552 ptdtincorpore
371 5473 889 5550 elibertinumitamdesutgore

82 5576 246 5656 ‘corporis
260 5574 343 5636 dicit
359 5573 561 5647 Apostolus:
586 5572 804 5634 salvatorem
823 5586 890 5635 ecc·

221 5747 337 5793 rhraon.
357 5736 465 5794 rouel.
592 5771 594 5777 =

949 1298 1056 1360 denda
1067 1303 1131 1362 est.

984 1432 1037 1489 ilio
1051 1431 1415 1494 Amanuensissermonam
1435 1439 1613 1515 interrumpit
1631 1451 1660 1501 et
1674 1461 1740 1517 pro·

948 1521 1075 1591 sequitur
1089 1519 1181 1578 rubris
1199 1521 1318 1612 litteris:
1339 1526 1378 1581 De
1390 1529 1554 1598 corporibus
1573 1532 1740 1606 glorificatis

948 1610 1180 1680 sarcasmum
1188 1612 1303 1669 retroiri
1312 1614 1441 1672 serrum
1452 1631 1501 1674 vn.
1515 1619 1638 1690 Serpens
1647 1623 1739 1692 Jecur,

948 1693 1118 1755 velutisihic
1131 1705 1208 1756 esset
1220 1703 1362 1758 sermonis
1374 1701 1449 1773 finis,
1459 1712 1488 1761 et
1503 1707 1573 1764 alter
1583 1708 1740 1783 subseque-

948 1792 1034 1842 retur.
1048 1786 1156 1844 liadem
1166 1788 1252 1846 verba
1261 1791 1362 1864 repetit
1372 1794 1459 1850 etiam
1468 1795 1497 1851 in
1512 1798 1653 1870 margine.
1663 1801 1738 1868 Quo·

948 1875 1025 1932 niam
1039 1889 1109 1932 vero
1126 1891 1161 1934 es
1181 1892 1245 1950 quae
1259 1886 1415 1951 sequuntur
1428 1897 1494 1939 oum
1516 1885 1741 1956 precedentibus

947 1964 1143 2022 omnimodam
1167 1963 1273 2022 habent
1293 1969 1514 2040 conuenionem,
1539 1987 1593 2029 neo
1620 1989 1741 2034 numero

947 2051 1054 2108 ordinis
1068 2060 1099 2108 nt
1111 2054 1205 2110 caeteri
1224 2067 1372 2112 sermones
1386 2057 1431 2114 vel
1444 2059 1536 2130 capita
1557 2060 1738 2136 distinguun-

947 2146 1001 2208 tur,
1013 2139 1122 2198 sublota
1133 2141 1347 2214 interruptione,
1359 2149 1505 2217 sequentia
1514 2150 1740 2221 praecedentibus

946 2232 1100 2288 contextim
1115 2229 1307 2305 adjungimus.

986 2355 1032 2414 De
1056 2351 1206 2412 claritate
1226 2367 1305 2415 vero
1329 2353 1449 2416 animae
1468 2353 1548 2418 dicit
1568 2359 1738 2422 ioannes:

947 2454 1057 2518 Quum
1071 2452 1290 2524 appartient,
1309 2455 1438 2514 similes
1452 2457 1484 2515 et
1499 2457 1642 2528 emmor,
1657 2461 1738 2530 pota

946 2553 1134 2613 videbimus
1161 2564 1240 2610 colu
1267 2551 1369 2612 sicuti
1392 2551 1444 2612 cst
1473 2548 1740 2634 (Joan.111,2).‘

946 2647 1046 2721 Quasi
1068 2646 1194 2708 diceret
1209 2668 1218 2706 :
1233 2646 1501 2724 quandovidehit
1523 2649 1635 2710 anima
1661 2667 1741 2712 nos-

943 2748 996 2809 tra
1007 2745 1172 2810 Christum
1182 2744 1421 2817 veramlucem,
1430 2746 1508 2824 quia
1518 2746 1589 2824 ipse
1600 2749 1650 2809 est
1659 2765 1740 2810 vera

944 2843 1004 2904 lux
1018 2859 1091 2921 quae
1105 2839 1273 2903 illuminat
1286 2857 1416 2904 omnem
1426 2843 1594 2905 hominem
1606 2845 1740 2908 venien·

944 2943 1010 3004 tem
1026 2941 1061 3002 in
1080 2940 1168 3001 hunc
1182 2940 1351 3000 mnndum.
1372 2941 1444 3017 lpse
1466 2941 1566 3002 etiam
1588 2941 1652 3004 erit
1670 2943 1739 3004 lux.

943 3040 1029 3100 Nam
1054 3054 1154 3114 quum
1176 3037 1325 3098 Christus
1345 3037 1389 3100 sit
1411 3038 1509 3115 caput
1533 3040 1683 3102 nostrum
1708 3041 1742 3102 et

944 3153 1005 3198 nos
1017 3134 1164 3197 membra
1176 3134 1292 3212 ipsius,
1307 3134 1393 3197 siout
1406 3135 1506 3213 caput
1519 3136 1583 3199 erit
1594 3136 1743 3198 lumino-

944 3251 1027 3306 sum,
1044 3233 1137 3296 itaet
1151 3232 1309 3294 membra.
1331 3233 1423 3294 Unde
1435 3233 1471 3294 in
1485 3235 1684 3313 Apocalypsi
1699 3235 1740 3296 de

944 3331 1094 3392 sanctis:
1118 3334 1197 3393 Non
1230 3330 1375 3406 eperunt
1405 3335 1534 3394 tumore
1570 3336 1737 3406 luceriam,

943 3443 1052 3504 neque
1077 3431 1207 3490 lumine
1244 3430 1345 3499 sot-is,
1380 3431 1543 3502 quoniam
1571 3433 1740 3492 Dominus

942 3532 1035 3589 Deus
1053 3525 1255 3588 Uurnioabtt
1269 3539 1327 3586 eos
1346 3522 1461 3601 (Apoo.
1477 3540 1562 3599 xxm,
1584 3527 1613 3598 5,
1631 3526 1677 3607 6).

983 3622 1171 3685 Notandum
1191 3621 1276 3699 quod
1292 3621 1479 3684 Nathanael
1496 3621 1618 3683 dicitur
1631 3639 1740 3685 ossea

944 3721 1057 3784 (ibana
1085 3719 1239 3793 Galileae,
1269 3720 1356 3796 quod
1384 3719 1622 3796 interpretatur
1647 3720 1739 3782 zelus

943 3817 1265 3894 transmigrationis,
1295 3817 1373 3894 quia
1401 3816 1451 3877 illi
1481 3816 1545 3880 soli
1572 3817 1742 3881 habebunt

944 3918 1102 3979 aeternam
1119 3915 1316 3986 claritatem,
1332 3914 1388 3991 qui
1403 3914 1528 3976 suntin
1542 3916 1613 3977 zelo
1627 3917 1740 3978 mans-

943 4013 1168 4092 migrationis,
1195 4012 1297 4084 idest,
1327 4012 1383 4089 qui
1406 4011 1531 4075 habent
1557 4011 1741 4076 terrentem

944 4128 1091 4174 amorem
1114 4109 1375 4186 transmigrandi
1397 4108 1547 4172 devitiis
1568 4111 1610 4172 ad
1634 4113 1743 4174 virtu-

943 4210 1024 4283 tem,
1045 4209 1086 4271 de
1101 4209 1164 4271 hoc
1178 4207 1300 4270 mundo
1320 4207 1362 4280 ad
1377 4208 1528 4282 Patrem,
1545 4209 1586 4270 de
1600 4209 1743 4272 tribula-

946 4308 1034 4370 tione
1054 4307 1119 4369 ista
1138 4306 1180 4369 ad
1204 4305 1360 4384 gloriam,
1384 4305 1424 4368 de
1448 4307 1588 4368 terrenis
1612 4307 1653 4370 ad
1673 4324 1743 4369 coe-

943 4405 1062 4477 lestia,
1088 4406 1129 4466 de
1152 4403 1390 4480 temporalibus
1415 4403 1457 4464 ad
1484 4406 1620 4466 aeterna.
1649 4405 1742 4468 Unde

943 4502 1143 4580 praeceptum
1166 4501 1292 4563 eratin
1309 4502 1396 4577 Lege
1415 4499 1540 4577 Moysis
1562 4501 1598 4564 ut
1618 4502 1739 4580 pisces,

943 4599 1000 4676 qui
1014 4615 1082 4661 non
1096 4597 1220 4660 habent
1233 4597 1395 4674 pennulas
1410 4597 1445 4658 et
1456 4613 1656 4674 squammas,
1674 4616 1740 4661 non

943 4695 1170 4758 comedantur.
1202 4694 1317 4756 Pisces
1349 4693 1427 4754 sunt
1461 4693 1613 4756 homines
1640 4695 1741 4774 hujus

943 4794 1075 4874 mundi;
1092 4792 1245 4870 pennulae
1263 4792 1340 4852 sunt
1354 4789 1571 4852 discretiones
1586 4793 1739 4868 rationis,

943 4891 996 4954 vel
1011 4890 1126 4953 sancta
1144 4888 1324 4962 desideria,
1346 4905 1419 4966 quae
1438 4888 1561 4956 habent
1581 4889 1660 4951 honi
1679 4891 1742 4954 ho-

943 4989 1049 5050 mines
1076 4987 1117 5048 ad
1142 4986 1291 5048 coelestia
1311 5002 1426 5064 regna.
1455 4988 1642 5065 Squammae
1664 4967 1742 5052 sint

943 5085 1171 5154 austeritates,
1193 5083 1414 5162 poenitentiae,
1438 5084 1490 5147 vel
1514 5085 1740 5149 continentiae.

944 5184 1057 5246 Pisces
1072 5183 1129 5260 qui
1144 5197 1211 5245 non
1230 5180 1354 5244 habent
1372 5182 1535 5260 pennulas
1545 5184 1589 5245 -et
1607 5199 1743 5260 squam-

944 5298 1014 5344 mas
1042 5296 1111 5343 non
1132 5280 1210 5342 sunt
1232 5279 1438 5352 comedendi,
1467 5279 1562 5353 idest,
1588 5281 1741 5344 homines

944 5381 999 5458 qui
1023 5378 1142 5442 nolunt
1162 5377 1394 5453 transmigrari
1414 5377 1455 5438 de
1470 5376 1533 5440 hoo
1549 5379 1677 5442 mundo
1699 5381 1741 5442 ad

943 5479 1087 5550 Patrem,
1110 5477 1151 5538 de
1164 5475 1307 5538 terrenis
1318 5474 1359 5536 ad
1370 5475 1531 5545 coelestia,
1546 5476 1587 5538 de
1602 5477 1693 5539 vitiis
1708 5481 1755 5543 et¹

943 5574 1087 5654 peccatis
1102 5573 1144 5636 ad
1160 5572 1309 5646 virtutes,
1327 5589 1393 5637 non
1409 5574 1487 5635 sunt
1502 5574 1666 5636 imitandi.

1568 5727 1613 5788 2⁹.
