4076 6420
48 212 127 274 793
517 211 862 290 QUADRaossmAE
882 211 1093 286 Domitios,
1109 214 1289 289 QUARTA.
1663 223 1678 280 ’i

45 371 172 434 ment
193 372 231 434 m
254 371 469 448 monendum
486 379 660 438 modorum
681 371 875 436 contemnet
928 372 1093 452 corporls3
1123 375 1181 454 qul
1206 377 1294 442 llror
1321 376 1482 455 abstergit
1509 378 1608 454 mala,
1637 378 1709 440 ides

51 466 193 547 (Prov.
213 484 310 541 xvru,
325 468 371 549 3).
388 470 441 532 Fit
458 486 538 534 vero
559 484 796 549 nonnunquam
811 513 819 542 ,
837 470 874 530 ut
929 472 1074 548 peccata.
1090 475 1137 535 nt
1145 479 1258 551 ptogoe
1273 475 1310 536 in
1330 475 1566 538 secretioribus
1584 475 1724 546 ventris,

50 565 145 626 baec
177 565 289 628 omnia
316 566 472 630 similiter
496 567 740 630 confessionem
768 567 875 644 impe-
929 567 1023 640 idest,
1041 569 1196 633 contritio
1209 572 1243 634 et
1260 572 1449 645 humiliatio
1463 573 1668 650 poenitentiae
1686 573 1724 632 in

53 662 184 724 diant.
199 662 262 724 Sed
275 664 349 739 quis
359 665 501 742 quatuor
513 665 556 726 iis
570 665 679 737 malis,
696 664 786 727 recta
804 667 873 741 jam
929 665 1163 728 secretioribus
1173 667 1293 730 animae
1303 669 1497 745 abstergunt
1509 669 1608 742 mala,
1625 669 1723 741 idest,

58 759 102 820 in
126 763 348 823 monumento
365 762 466 838 jacet,
489 763 522 824 et
539 762 630 826 velut
650 762 708 824 ille
725 777 873 837 evange·
928 763 1075 839 peccata.
1099 764 1318 828 Comminatio
1342 767 1393 828 est
1406 765 1539 844 quando
1564 766 1724 844 praelatus

53 856 164 919 lions
213 857 453 935 quatriduanus
491 860 593 937 putet.
629 859 794 936 Scriptum
824 860 876 920 est
929 859 1073 922 ostendit
1095 861 1127 923 et
1150 861 1302 939 praedicit
1318 863 1515 926 infernalem
1538 863 1726 926 damnatio-

53 953 259 1018 enimus
273 955 415 1029 mortuo,
435 955 527 1018 velut
543 955 599 1034 qui
619 957 764 1029 nonest,
787 955 874 1034 perit
928 971 1016 1017 nem.
1034 957 1127 1020 Unde
1155 958 1599 1038 Sibilla:‹Tartareumque
1620 961 1722 1022 cbaos
1842 942 1857 999 l

46 1051 254 1124 confessio.
269 1069 290 1113 s
928 1053 1126 1116 monstrabit
1137 1055 1227 1117 terra
1239 1055 1414 1118 dehiscens
1429 1056 1550 1131 sidest,
1569 1057 1724 1120 scindens
1817 1055 1839 1106 ‘i'

104 1149 202 1212 Sunt
222 1149 334 1212 autem
357 1149 552 1228 apponenda
574 1151 691 1214 contra
713 1149 873 1228 pudorem
928 1165 965 1212 se
981 1151 1125 1214 ostendit
1138 1153 1321 1215 tartareum
1336 1153 1449 1227 chaos,
1471 1153 1567 1228 idest,
1589 1153 1726 1232 uoragi·
1839 1179 1844 1188 ·

54 1246 299 1310 consideratio
327 1247 479 1320 rationis,
506 1247 695 1310 reverentia
713 1247 874 1311 intuentis
928 1264 1004 1310 nem
1026 1249 1244 1322 infernorum,
1269 1237 1358 1312 sicut
1377 1251 1459 1313 dicit
1477 1251 1607 1313 David:
1629 1251 1725 1314 Plutt

55 1344 142 1417 Dei,
163 1343 369 1421 comparatio
384 1345 520 1424 majoris
533 1344 749 1408 confusionis.
769 1343 874 1406 Simi—
927 1361 1034 1422 super
1044 1347 1243 1422 peccatores
1257 1351 1405 1422 moueos,
1421 1351 1523 1425 tants,
1530 1351 1684 1423 stuplmr,
1691 1349 1727 1411 et

57 1441 152 1504 liter
179 1441 295 1503 contra
316 1442 469 1504 timorem
488 1441 685 1521 apponenda
699 1443 778 1505 sunt
788 1441 872 1504 tria:
927 1444 1075 1518 sptmtus
1098 1448 1331 1519 procellarum
1354 1459 1441 1522 pore
1463 1447 1579 1510 coticis
1603 1459 1726 1508 eorum

58 1555 177 1616 quam
195 1540 239 1602 sit
258 1539 359 1615 longa
376 1555 474 1617 poena
495 1533 630 1612 inferni,
644 1554 745 1617 quam
760 1538 874 1615 gravis
929 1537 999 1620 (Ps.
1016 1542 1065 1613 10,
1081 1538 1128 1619 7).

52 1636 97 1698 et
108 1635 337 1708 infructuosa,
352 1636 595 1699 eteoontrario
609 1635 785 1714 praesentis
795 1635 876 1698 tem·
968 1637 1128 1698 Dominus
1153 1637 1238 1715 pluit
1249 1637 1386 1715 laqueos
1408 1651 1510 1716 super
1521 1639 1724 1716 peccatores,

58 1733 166 1813 poris
180 1733 384 1811 poenitentia
395 1749 492 1811 quam
505 1732 616 1796 brevis
629 1733 683 1806 sit,
700 1747 800 1811 quam
818 1733 873 1794 le·
927 1731 1025 1806 idest,
1041 1733 1233 1812 laqueantia
1253 1733 1418 1797 tormenta
1438 1750 1539 1812 super
1550 1733 1724 1797 damnatos

58 1830 133 1903 vis,
164 1845 265 1909 quam
287 1828 467 1894 fructuosa.
491 1831 612 1893 Contra
631 1846 724 1908 spem
743 1845 873 1908 quoqne
926 1831 964 1892 in
979 1829 1122 1893 inferno.
1138 1833 1317 1896 Tormenta
1329 1832 1485 1894 dicuntur
1506 1833 1630 1910 laquei,
1647 1833 1726 1908 quia

60 1927 151 1990 inde
174 1927 369 2006 opponenda
382 1930 461 1990 sunt
471 1928 536 1990 tria
554 1928 701 2004 scilicet,
716 1927 803 1990 bona
817 1927 874 1990 fu·
928 1929 977 1992 sic
991 1927 1145 2006 affligunt
1156 1929 1302 1991 animam
1316 1929 1350 1992 et
1368 1943 1501 2007 corpus,
1517 1929 1555 1990 ut
1575 1945 1643 1991 non
1660 1944 1725 2006 pa-

59 2026 139 2087 turi
161 2025 278 2087 saeculi
299 2025 475 2103 praesentis
493 2027 571 2090 vitae
594 2025 691 2088 bonis
716 2025 872 2098 certiora,
928 2024 1357 2090 tiantnroumalaboribus
1378 2024 1474 2087 solvi.
1491 2026 1618 2088 Etnota
1638 2025 1725 2103 quod
1836 2033 1841 2042 '

61 2121 293 2186 durabiliora.
319 2122 484 2201 Quidquid
505 2139 585 2186 vero
607 2123 643 2185 in
661 2122 725 2185 boo
750 2122 873 2185 mundo
928 2123 1052 2186 dieitur
1065 2124 1161 2200 pluit,
1175 2123 1252 2201 quia
1268 2122 1355 2184 sicut
1368 2121 1483 2200 pluria
1492 2122 1643 2186 funditur
1662 2138 1725 2184 su-

61 2219 264 2282 desiderari
283 2221 391 2298 potest
409 2221 573 2284 incertum
586 2221 681 2284 astet
694 2219 872 2293 modicum,
928 2237 989 2299 per
1001 2221 1126 2282 terram
1151 2219 1188 2281 in
1209 2220 1323 2282 multis
1348 2219 1462 2297 guttis,
1486 2219 1535 2282 ita
1561 2219 1727 2282 tormenta

64 2318 103 2380 et
116 2318 159 2380 ut
173 2318 223 2379 ita
235 2317 354 2391 dicam,
370 2319 648 2382 momentaneum.
927 2318 1103 2382 mittuntur
1114 2317 1151 2379 in
1163 2317 1321 2396 reprobos
1336 2315 1635 2380 innumerabilibus
1649 2333 1725 2398 poa-

104 2417 166 2478 ita
185 2417 300 2478 contra
315 2416 580 2493 desperationem
592 2415 659 2477 tria
675 2414 752 2477 sunt
764 2428 873 2492 oppo-
928 2415 992 2478 nis.
1007 2415 1101 2478 Unde
1127 2415 1267 2479 dicitnr:
1282 2415 1384 2492 Ignis,
1409 2414 1550 2494 sulphur
1551 2457 1613 2476 .....
1635 2415 1726 2492 ignis

63 2513 209 2574 nenda:
238 2513 335 2574 Prius
346 2513 445 2588 rigor
462 2529 559 2591 quem
580 2512 720 2574 assumit
733 2527 777 2574 ex
788 2527 873 2573 con-
928 2513 1057 2576 cruciat
1084 2513 1221 2587 ardore,
1251 2512 1393 2590 sulphur
1419 2513 1561 2585 factore,
1589 2512 1727 2590 spiritus

62 2609 235 2682 fossione,
250 2609 359 2687 gratia
377 2609 436 2671 Dei
449 2625 548 2686 quam
564 2625 632 2671 non
651 2610 809 2671 moeretur
831 2625 874 2671 ex
928 2609 1172 2688 procellarum,
1208 2609 1306 2684 idest,
1342 2610 1463 2672 sentus
1493 2610 1727 2688 tempestatum

60 2707 278 2780 humilitate,
295 2706 458 2768 auxilium
469 2705 554 2784 quod
567 2704 668 2768 habet
680 2707 805 2783 exejus
818 2706 874 2767 cui
924 2707 1118 2786 jactatione,
1132 2707 1289 2785 quoniam
1298 2706 1404 2787 jactat
1416 2707 1590 2770 damnatos
1604 2707 1645 2769 de
1660 2723 1726 2770 uno
1773 2761 1775 2764 .

64 2804 256 2867 confitetur
279 2803 524 2881 compassione,
540 2817 672 2880 semper
685 2803 773 2865 anim
788 2818 875 2866 eom·
928 2804 1001 2866 loco
1030 2803 1071 2866 ad
1097 2804 1212 2878 alium,
1241 2804 1328 2866 sicut
1348 2804 1429 2866 dicit
1451 2802 1514 2867 Job
1530 2806 1602 2866 :Ao
1626 2807 1727 2879 aquis

64 2901 191 2979 passio
206 2899 296 2962 ducit
305 2900 474 2962 bominem
488 2901 530 2962 ad
542 2900 782 2978 poenitentiam.
795 2900 874 2962 Tria
927 2905 1063 2965 utoium
1093 2902 1290 2964 transibunt
1316 2905 1362 2963 od
1390 2906 1541 2964 colorem
1564 2903 1725 2963 utmtum.

64 3000 152 3062 sunt
189 2997 451 3074 inpoenitentia
482 2997 746 3060 consideranda:
779 2997 874 3060 dolor
929 2996 1015 3078 (Job.
1031 3015 1126 3072 xxrv,
1143 2998 1208 3079 19).
1225 2999 1265 3060 Et
1277 2999 1350 3060 baec
1362 2999 1475 3060 omnia
1493 2997 1571 3060 sunt
1588 3013 1665 3074 pars
1676 3013 1729 3060 oa·
1793 3052 1795 3056 .

67 3095 250 3175 praeteriti,
265 3093 416 3158 custodia
427 3095 542 3169 futuri,
554 3094 737 3158 satisfactio
748 3093 871 3157 delicti.
927 3096 1013 3170 licis,
1038 3095 1125 3158 idest
1149 3095 1316 3174 passionis
1341 3109 1468 3157 eorum.
1489 3096 1529 3157 ut
1542 3096 1621 3158 nota
1641 3096 1727 3173 quod

66 3195 179 3256 Dolor
194 3193 326 3272 culpam
341 3193 465 3271 placat,
481 3191 667 3256 satisfactio
681 3192 799 3255 vitium
817 3207 875 3254 sa·
928 3181 1008 3256 dicit
1022 3209 1096 3256 esse
1109 3195 1239 3271 partem
1251 3192 1378 3265 calicis,
1395 3192 1473 3270 quia
1488 3207 1595 3270 pauca
1609 3192 1730 3254 dicun-

63 3291 142 3364 nat‚
161 3289 313 3352 custodia
328 3291 505 3354 sanitatem
528 3289 650 3353 servat.
673 3291 712 3352 ln
726 3289 779 3351 his
792 3305 872 3351 cus·
926 3291 982 3353 tur
1007 3290 1048 3352 da
1072 3289 1248 3353 tormentis
1273 3288 1398 3350 inferni
1418 3289 1454 3350 in
1480 3289 1728 3366 comparatione

59 3387 166 3452 'todia
183 3388 287 3450 futuri
296 3389 439 3466 primum
452 3388 561 3450 locum
570 3387 671 3459 tenet,
686 3386 780 3449 dolor
792 3402 874 3464 pras·
927 3403 1044 3450 eorum
1059 3403 1132 3465 quae
1146 3387 1233 3448 sunt.

66 3487 167 3548 teriti
179 3486 371 3559 secundum,
382 3485 565 3548 satisfactio
580 3484 693 3547 delicti
707 3484 871 3546 ultimum.
967 3483 1163 3556 Promissio,
1187 3482 1237 3546 est
1264 3481 1396 3560 quando
1420 3480 1579 3560 praelatus
1608 3481 1727 3558 dignos

68 3586 155 3656 Quae
179 3583 307 3646 tantum
325 3582 466 3661 proficit,
483 3581 642 3660 quantum
659 3581 780 3644 oaetera
794 3580 872 3643 efd-
927 3581 1057 3643 fructus
1069 3578 1483 3658 poenitentiaetacientibus
1495 3578 1528 3640 et
1541 3577 1637 3640 bonis
1648 3594 1730 3656 ope-

71 3682 130 3743 cit.
148 3683 231 3744 Haeo
244 3681 311 3744 tria
325 3681 374 3743 sio
386 3679 559 3760 pensanda
577 3678 656 3740 sunt
670 3677 707 3740 ut
721 3678 766 3740 sit
779 3678 874 3740 dolor
928 3678 1020 3742 ribus
1034 3677 1231 3740 vacantibus
1245 3674 1408 3755 promittit
1430 3675 1534 3738 ritam
1556 3674 1727 3739 aeternam.

68 3779 210 3856 plenus,
225 3777 376 3842 custodia
388 3777 545 3856 perfecta,
562 3774 745 3839 satisfactio
760 3775 871 3853 digna.
928 3769 1093 3851 Quoniam
1109 3775 1244 3837 homoa
1267 3776 1335 3836 Deo
1351 3772 1483 3835 creatus
1496 3771 1548 3834 est
1558 3772 1600 3834 ad
1615 3773 1730 3849 peroi-

114 3875 309 3939 Gonsolatio
324 3875 375 3938 est
390 3875 522 3954 quando
537 3873 695 3954 praelatus
709 3873 875 3937 confortat
908 3893 911 3899 ·
928 3873 1081 3952 piendam
1094 3871 1236 3948 gloriam
1259 3885 1413 3948 supernae
1427 3868 1669 3942 retributionis,
1692 3871 1730 3932 ut

71 3974 269 4050 peccatores
282 3973 407 4050 positos
417 3973 452 4034 in
464 3971 646 4035 afflictione
657 3970 871 4050 poenitentiae,
927 3970 1103 4035 transferri
1117 3969 1223 4047 possit
1237 3967 1278 4030 ad
1290 3967 1431 4045 gloriam
1442 3966 1626 4030 coelestium
1638 3982 1731 4030 man·

73 4070 129 4132 rel
140 4069 333 4149 inqualibet
347 4069 415 4132 alia
428 4069 654 4142 tribulatione,
670 4069 723 4131 vel
738 4066 875 4130 infirmi·
928 4069 1070 4132 stonum.
1092 4064 1359 4142 UndejDominus
1374 4063 1458 4125 bene
1468 4062 1642 4139 agentibus
1657 4063 1731 4125 dic-

73 4167 156 4242 tate,
175 4167 410 4230 etconsolatur
424 4183 494 4240 eos,
508 4165 665 4246 quoniam
681 4165 755 4243 pius
769 4165 803 4228 ct
816 4165 875 4226 mi·
928 4166 1024 4228 turus
1050 4164 1122 4227 est:
1143 4163 1274 4236 Venite,
1301 4160 1469 4224 deucdtctt
1495 4159 1619 4222 Putris
1646 4164 1728 4235 moi,

75 4265 224 4328 sericors
243 4265 403 4327 Dominus
428 4265 574 4342 remittet
600 4263 635 4326 in
660 4262 874 4326 tribulatione
926 4261 1278 4338 perspiciterepuum
1294 4301 1356 4320 .....
1371 4256 1504 4338 (Matth.
1520 4273 1600 4330 xxv,
1615 4255 1682 4337 34).
1727 4281 1728 4286 ’

75 4363 226 4438 peccata
243 4362 337 4425 Unde
351 4361 456 4424 David
473 4361 509 4424 ln
532 4376 676 4439 persona
689 4359 874 4440 peccatoris
969 4362 1040 4422 Duo
1054 4373 1134 4420 vero
1153 4357 1262 4435 pisces
1284 4356 1362 4418 suut
1385 4355 1538 4432 exempla
1559 4354 1730 4431 patientiae

76 4458 180 4522 dicit:
202 4461 396 4524 Secundum
427 4460 683 4522 multitudinem
717 4461 874 4520 dolorum
929 4450 1729 4528 etobedientiaePotteutto,sicutfuitiniosepb,

76 4571 237 4620 meorum
249 4559 496 4620 consolationes
507 4557 587 4628 tuce,
600 4557 757 4627 Dommc,
768 4555 876 4628 loettli·
929 4553 1086 4631 quoniam
1100 4567 1167 4614 non
1181 4549 1327 4613 reddidit
1341 4547 1466 4610 malum
1480 4562 1540 4625 pro
1554 4548 1642 4610 malo
1653 4549 1729 4610 suis

76 4655 247 4718 caverunt
264 4658 421 4716 animem
442 4668 557 4716 mcom
581 4650 650 4732 (Ps.
673 4653 724 4720 93,
747 4649 811 4731 19).
836 4651 876 4712 ut
929 4650 1098 4722 fratribus,
1116 4648 1174 4712 sed
1185 4647 1309 4710 bonum
1321 4661 1382 4724 pro
1394 4644 1483 4707 malo
1499 4643 1655 4708 retribuit
1667 4646 1729 4718 eis,

77 4751 222 4814 Esther:
238 4769 258 4813 c
279 4751 342 4824 Qui
366 4750 523 4812 irasceris
551 4748 584 4810 et
611 4747 875 4810 misericordiam
929 4747 1007 4827 quia
1022 4747 1139 4810 contra
1151 4761 1209 4808 eos
1229 4743 1322 4806 nullo
1336 4743 1452 4806 dolore
1471 4743 1580 4804 motus
1594 4742 1655 4814 ast,
1672 4742 1731 4804 sad

79 4847 175 4922 facis,
196 4848 229 4911 et
246 4847 357 4910 omnia
374 4847 511 4927 peccata
529 4844 701 4907 bominum
714 4845 750 4907 in
765 4844 875 4907 tribu·
929 4845 1014 4908 dixit
1028 4845 1077 4906 eis
1093 4843 1226 4908 :Nolite
1241 4842 1376 4913 timere,
1396 4853 1462 4903 uec
1487 4841 1617 4902 durum
1636 4841 1731 4902 vobis

79 4944 206 5008 latione
218 4944 367 5008 dimittis.
383 4962 404 5006 s
418 4944 552 5018 Quoties
567 4943 657 5005 anim
674 4942 797 5020 aliquis
814 4959 877 5019 pa·
928 4943 1091 5006 videatur
1104 4943 1192 5017 quod
1216 4938 1421 5000 omedtdistis
1433 4950 1505 5010 me,
1528 4951 1595 5013 pro
1620 4937 1732 4999 solute

81 5043 164 5105 titur
176 5043 384 5122 corporalem
405 5040 632 5104 infirmitatem
651 5040 709 5102 aut
727 5039 874 5118 aliquam
929 5043 1023 5104 cutm
1040 5039 1160 5102 vestro
1174 5036 1271 5098 misti
1284 5050 1341 5098 me
1359 5037 1528 5097 Dominus
1548 5033 1631 5096 oute
1657 5047 1730 5094 oos.

79 5139 339 5214 tribulationem,
375 5139 473 5202 toties
507 5154 644 5201 suorum
664 5137 874 5216 peecatorum
930 5135 1026 5219 (Gen.
1039 5150 1117 5209 xnv,
1131 5132 1177 5214 5).
1193 5128 1733 5204 Obedfeuttoe,sicut·fuitintbra·

82 5237 220 5301 maculae
235 5237 460 5314 deterguntur.
473 5235 753 5298 UndeSalomon:
769 5238 876 5298 Livor
929 5235 1018 5308 ham,
1045 5249 1122 5296 cum
1143 5231 1303 5294 Dominus
1324 5228 1410 5291 dixit
1429 5228 1485 5289 ei:
1511 5231 1598 5290 Toou
1622 5228 1733 5300 tilium

82 5333 689 5411 muncruobsteroiimoloetptoooe
708 5335 746 5396 to
759 5346 876 5396 secrc-
928 5331 1158 5410 unigenitum,
1182 5341 1284 5404 quem
1306 5328 1430 5403 ἀπέρω,
1449 5327 1560 5398 froco,
1586 5324 1621 5388 et
1644 5323 1733 5399 offer

85 5430 228 5496 fioribus
244 5432 378 5494 oeuiris
392 5427 505 5511 (Prov.
522 5446 580 5500 xx,
596 5429 663 5511 30).
678 5429 780 5493 Livor
800 5429 876 5493 vul-
929 5444 1009 5494 eum
1024 5432 1062 5491 m
1070 5425 1305 5491 holocaustum
1315 5438 1426 5498 supro
1438 5437 1549 5485 uuum
1561 5422 1732 5484 montium

84 5529 175 5591 ueris
187 5531 238 5596 est
251 5529 440 5604 infirmitas,
457 5529 510 5594 vel
535 5526 691 5608 quaelibet
705 5527 874 5592 tribulatio
929 5525 1030 5600 ortem
1055 5523 1298 5588 monstravero
1319 5519 1379 5582 tuoe
1394 5515 1489 5599 (oen.
1506 5533 1590 5604 mr,
1605 5514 1651 5597 2).
1668 5517 1731 5590 Qui
