4084 6428
116 311 176 371 877
578 305 741 368 odnnvn
762 303 952 366 PASCHAE.
977 303 1104 367 linuit
1124 304 1286 368 TERTIA.
1698 301 1758 362 878

115 468 242 531 mentis
261 463 389 530 cestrie
402 464 437 528 et
447 464 580 526 induite
590 479 718 526 novum
737 465 909 528 bominem
963 479 1047 526 rum.
1069 464 1161 542 Ipsos
1176 465 1287 526 autem
1299 477 1428 542 cogere,
1444 467 1547 529 Deum
1562 465 1613 528 θεῖ
1626 479 1756 540 cogere.

114 568 175 640 oct
198 567 386 627 secundnm
409 566 521 624 Deum
545 563 686 623 creatus
704 563 757 624 est
774 565 908 634 injus·
963 564 1036 638 lpse
1051 559 1139 624 enim
1152 561 1300 624 dicturus
1313 564 1384 624 est:
1401 563 1494 630 taod
1507 567 1569 623 unt
1586 579 1632 624 ecc
1648 565 1758 624 mint-

116 665 194 724 ttttc
219 662 253 724 et
273 661 457 723 sanctitate
472 659 634 720 octttotts
654 657 750 738 (pr.
772 675 819 726 iv,
841 657 906 736 23).
962 663 1030 720 mm
1043 659 1282 733 metsfectstts,
1297 661 1522 733 mibisectstts
1534 659 1664 739 (natm.
1676 677 1756 732 xxv,

115 761 155 822 Et
167 759 275 820 sinon
290 758 377 819 esset
389 757 537 818 vetustas
553 755 590 816 in
609 771 677 827 ore,
699 771 766 817 non
779 754 909 832 ,diceret
962 753 1246 835 40).1de0autem
1272 756 1439 831 peregrini
1464 757 1613 818 habitum
1638 756 1757 829 induit,

115 857 309 934 Scriptura:
333 854 638 916 Recednntoetera
652 857 765 914 decre
779 853 906 914 oestro.
963 854 1056 914 utin
1076 853 1203 930 judicio
1225 851 1329 914 libere
1351 852 1439 915 dicat
1459 876 1467 914 ε
1488 859 1621 928 Hospes
1641 856 1704 928 snt,
1725 855 1759 916 et

114 957 154 1016 Et
175 953 355 1032 Apostolus
380 952 485 1013 dicit:
514 954 631 1013 Omnis
657 963 773 1012 seiano
797 955 909 1011 maius
962 952 1142 1027 collegistis
1162 966 1218 1012 me
1238 948 1368 1029 (Mattlr.
1393 967 1473 1024 xxv,
1495 950 1561 1030 35).
1587 951 1759 1027 Cogendus

113 1051 359 1127 nonprocedct
372 1053 413 1112 de
426 1050 625 1120 erecestre,
645 1050 749 1110 sedst
766 1050 844 1122 puts
858 1047 909 1108 est
964 1049 1015 1109 est
1028 1063 1108 1123 ergo
1130 1048 1288 1110 Dominus
1312 1050 1348 1110 ut
1371 1047 1556 1124 hospitetur
1575 1049 1758 1122 nobiscum,

112 1148 546 1220 bonuscdoediltcettonem
554 1144 911 1222 ndetutdetgrattcm
964 1145 1053 1221 quia,
1075 1144 1112 1206 ut
1133 1145 1207 1222 ipse
1229 1146 1278 1206 ait
1297 1165 1305 1206 ε
1323 1149 1479 1222 Regnum
1502 1151 1666 1208 coewtnm
1688 1149 1762 1206 cim

116 1247 336 1309 audientibus
349 1243 444 1324 (Eph.
461 1258 507 1317 iv,
522 1240 590 1322 29).
607 1243 671 1304 Sed
688 1245 721 1306 θῖ
739 1242 780 1303 de
794 1241 910 1303 vetus·
959 1242 1106 1316 petitur,
1123 1242 1157 1303 et
1178 1242 1317 1304 violenti
1334 1242 1503 1317 temptent
1524 1245 1605 1304 titud
1627 1241 1758 1322 (Mattlr.

112 1342 182 1403 tate
208 1340 321 1428 operis
348 1339 549 1400 mentionem
572 1336 663 1411 facit,
698 1352 773 1399 cum
807 1335 907 1397 dicit:
963 1335 1585 1414 11,12).Gogendusestautemnonvi
1598 1340 1759 1416 corporis,

111 1439 209 1502 snut
231 1438 436 1500 ecbtbutstts
456 1437 612 1498 membra
632 1434 752 1496 vestra
773 1437 910 1495 seruire
963 1451 1026 1498 nec
1050 1435 1210 1498 violentia
1237 1437 1421 1514 personali,
1451 1435 1515 1498 sed.
1539 1437 1758 1511 orationihus,

111 1535 291 1610 iniquitati
304 1531 703 1611 cdtotqcttctemtliom.
717 1545 765 1603 vr,
782 1528 847 1609 19).
863 1532 910 1590 lle
964 1532 1105 1609 vigiliis,
1134 1533 1365 1611 eleemosynis,
1397 1536 1430 1596 et
1462 1535 1592 1596 caeteris
1625 1535 1759 1612 pietatis

111 1635 209 1711 cujus
242 1631 343 1694 etiam
380 1629 597 1694 renovatione
638 1626 834 1706 subjungit:
853 1627 911 1688 Ita
965 1629 1130 1708 operibus,
1158 1632 1244 1708 quod
1272 1632 1309 1692 in
1333 1631 1479 1710 bospitio
1511 1632 1621 1694 cordis
1654 1633 1761 1698 nostri

111 1731 272 1794 exbibete
283 1743 375 1790 otene
383 1731 541 1790 membra
554 1727 673 1788 oestro
686 1726 911 1796 semirasus·
964 1727 1127 1805 hospitari
1139 1727 1304 1804 dignetur.
1323 1729 1361 1790 ln
1375 1729 1430 1791 via
1445 1745 1524 1791 vero
1539 1728 1710 1792 nobiscum
1724 1731 1761 1792 in

113 1827 202 1889 titioe
216 1827 538 1898 tesaoctittcattbne
552 1821 664 1903 (lbid).
965 1825 1075 1902 specie
1096 1826 1264 1902 peregrini
1288 1827 1447 1888 Dominus
1468 1825 1630 1902 graditur,
1653 1827 1760 1890 sedin

153 1924 375 2002 Hospitalitas
401 1923 501 1985 etiarn
528 1937 595 1984 non
627 1921 678 1982 θεῖ
711 1917 908 1990 omittenda,
965 1922 1102 1984 castello
1115 1923 1335 1998 cognoscitur,
1347 1923 1437 2000 quia,
1449 1925 1485 1985 ut
1499 1923 1673 2000 Apostolus
1687 1925 1758 1988 aits

114 2023 192 2100 quia
205 2023 242 2084 in
256 2038 296 2084 ea
308 2019 500 2084 meruerunt
513 2033 713 2095 cognoscere
727 2016 908 2090 Christum
963 2024 1057 2082 Dum
1069 2035 1191 2082 sumus
1208 2024 1246 2081 tn
1264 2035 1422 2094 corpore,
1443 2026 1715 2097 peregrinamur
1739 2033 1761 2082 c

114 2137 193 2182 uam
213 2121 306 2198 prius
325 2119 413 2181 oculi
435 2134 549 2180 eorum
560 2115 768 2185 tenebantur,
780 2130 822 2176 ne
835 2129 910 2174 eum
964 2121 1110 2178 Domino
1132 2116 1264 2195 (licor.
1282 2133 1313 2191 v,
1330 2116 1375 2196 6).
1397 2119 1487 2180 Utin
1506 2119 1601 2190 θθθῖο,
1623 2119 1659 2180 ut
1680 2119 1761 2182 dicit

115 2217 371 2294 cognoscerent3
392 2231 470 2277 nam
490 2215 566 2292 quia
593 2213 680 2292 apud
700 2229 736 2274 se
754 2211 911 2274 amabant
963 2216 1109 2276 ioannes
1126 2235 1133 2273 ι
1151 2218 1341 2276 Videbimus
1355 2231 1435 2277 eum
1444 2217 1546 2278 sicuti
1561 2217 1612 2278 est
1627 2214 1756 2296 (ilcan.

116 2316 295 2382 Dominum
311 2313 343 2378 et
357 2312 565 2388 dubitabant;
578 2312 641 2373 hoc
656 2309 776 2386 agebat
796 2307 911 2369 Domi·
964 2327 1013 2384 111,
1026 2309 1072 2390 2).
1091 2310 1184 2372 Unde
1198 2311 1373 2388 Apostolus
1391 2335 1398 2373 ε
1421 2317 1579 2376 Videmus
1592 2330 1683 2376 nnnc
1693 2329 1761 2390 per

113 2430 177 2474 nus
198 2412 280 2474 ioris
296 2412 332 2474 in
351 2413 456 2474 oculis
472 2409 632 2488 corporis,
649 2407 736 2486 quod
750 2405 837 2483 apud
852 2421 910 2467 eos
963 2413 1138 2483 speculum
1158 2412 1197 2470 te
1221 2411 1515 2485 benignissimum
1539 2413 1657 2474 cotem
1669 2414 1758 2486 facte

112 2509 277 2586 agebatur
291 2510 326 2570 in
340 2509 447 2570 oculis
461 2507 582 2570 cordis.
609 2506 702 2568 Unde
715 2504 750 2566 et
763 2503 860 2564 tinxit
874 2517 910 2563 se
963 2508 1161 2581 adfaciem.
1180 2510 1282 2568 Nunc
1304 2522 1466 2584 cognosco
1484 2523 1531 2570 ecc
1544 2511 1660 2582 porte,
1680 2511 1761 2572 tunc

113 2608 251 2684 longius
267 2607 328 2677 ire,
345 2604 440 2676 idest,
457 2603 641 2680 composuit
658 2602 712 2664 vel
731 2599 910 2676 assumpsit
963 2603 1082 2666 autem
1104 2617 1315 2679 cognoscam,
1340 2606 1430 2666 sicat
1449 2605 1484 2667 et
1503 2607 1659 2684 cognitas
1680 2623 1760 2668 mem

112 2702 401 2778 iormamlongius
416 2701 547 2762 euntis:
569 2699 694 2775 lingere
711 2697 799 2759 enim
816 2713 910 2758 com-
964 2698 995 2779 (1
1013 2702 1088 2762 Cor.
1108 2715 1183 2773 1111,
1209 2699 1273 2779 12).
1299 2704 1373 2780 Ipse
1397 2703 1506 2766 autem
1530 2704 1618 2764 visui
1646 2707 1760 2767 nostro

113 2815 243 2878 ponere
258 2799 409 2859 dicimus.
432 2797 525 2859 Unde
544 2797 577 2858 et
595 2794 833 2872 compositores
848 2793 909 2854 luti
965 2797 1056 2859 dabit
1068 2798 1226 2873 gaudium
1250 2799 1283 2860 et
1306 2799 1467 2875 laetitiam,
1482 2801 1538 2878 qui
1562 2817 1637 2863 cum
1660 2803 1759 2864 Patre

112 2911 275 2958 vocamus
302 2894 431 2971 figulos.
468 2894 554 2953 Deus
578 2893 666 2953 enim
688 2890 737 2952 eis
762 2903 909 2966 praesens
964 2895 998 2958 ot
1012 2895 1271 2972 spiritusaneto
1274 2938 1335 2958 .....

113 2994 199 3064 erat,
213 2993 246 3054 et
260 2992 334 3070 qiris
346 2991 444 3063 esset,
461 3005 527 3070 non
540 2987 743 3051 ostendebat.
758 2987 838 3058 Quis
853 3003 910 3047 au-

110 3093 180 3154 tem
206 3089 330 3152 rectius
352 3088 475 3150 dicitur
495 3086 627 3163 figulus,
651 3100 750 3163 quam
771 3084 829 3144 ille
853 3083 908 3160 qui

113 3189 273 3252 universa
294 3186 401 3258 tinxit,
426 3184 459 3246 et
476 3183 623 3246 condidit
645 3197 688 3244 ex
709 3181 835 3243 nihiloi
863 3183 909 3244 lle
1284 3137 1432 3227 XXVII

113 3302 179 3364 quo
207 3285 367 3361 scriptum
393 3283 462 3345 est:
492 3281 684 3354 deterreat
709 3279 910 3354 singillatim

112 3379 437 3459 cordceornths.
452 3393 562 3450 xxxii,
582 3376 646 3456 15),
668 3377 763 3448 idest,
780 3375 909 3436 animas
1003 3379 1168 3442 octava
1193 3379 1384 3442 PascflAE„
1414 3381 1543 3441 FERIA
1563 3382 1717 3444 TERTIA

113 3481 297 3551 homiuum,
311 3494 377 3538 non
393 3493 492 3538 unam
506 3491 548 3538 ex
565 3474 670 3540 altera
683 3473 906 3551 propagando,
1391 3550 1393 3554 Ι

114 3577 173 3639 sed
197 3592 318 3639 novam
348 3575 444 3636 novis
473 3571 667 3649 corporibus
690 3569 906 3632 infundendo.
1002 3559 1217 3621 Siettileiw
1231 3559 1268 3617 to
1281 3557 1652 3628 medtodtsctputomm
1671 3573 1760 3619 suo-

115 3675 209 3736 Sieut
222 3673 325 3750 igitur
339 3670 523 3748 composuit
532 3668 596 3730 sihi
611 3667 751 3729 sormam
762 3682 826 3744 qua
842 3681 909 3728 non
962 3656 1087 3718 tumel
1096 3655 1187 3716 dixit
1196 3657 1264 3716 ets:
1275 3657 1357 3714 Paeo
1369 3655 1462 3714 vobis
1476 3651 1572 3731 (Luc.
1584 3669 1676 3726 mv,
1690 3653 1758 3733 36).

113 3772 361 3847 agnosceretur,
374 3770 420 3830 ita
431 3767 615 3844 composuit
626 3767 736 3827 actum
746 3781 811 3842 quo
822 3764 909 3826 velle
1003 3755 1073 3815 Duo
1095 3751 1261 3831 precipue
1280 3751 1316 3812 in
1333 3749 1444 3812 uerbis
1466 3750 1571 3812 sancti
1586 3752 1759 3827 Evangelii

114 3868 250 3945 longius
267 3869 318 3930 ire
336 3867 516 3928 videretur.
538 3864 573 3925 Si
590 3864 678 3924 enim
700 3864 788 3924 Deus
803 3861 910 3938 potest
963 3850 1175 3913 considerare
1188 3846 1666 3920 debemus,videlicet,Domini
1678 3865 1764 3910 nos-

112 3965 283 4028 hominem
311 3980 371 4040 per
398 3963 548 4025 divorsas
572 3961 701 4022 mutare
725 3960 851 4029 aetates,
872 3958 910 4021 ut
962 3949 1099 4011 tri-lesu
1113 3945 1235 4008 Christi
1256 3945 1291 4005 in
1310 3943 1419 4006 medio
1434 3943 1671 4022 discipulorum
1689 3947 1763 4008 sta-

112 4063 213 4124 modo
227 4077 310 4140 puer
326 4061 379 4134 sit,
394 4059 491 4122 modo
507 4074 622 4130 senex,
639 4057 745 4135 potuit
759 4057 834 4134 post
853 4072 910 4116 re-
961 4047 1097 4118 tiouem,
1114 4044 1276 4107 eteorum
1294 4042 1396 4122 piscis
1410 4041 1443 4104 et
1456 4040 1524 4102 levi
1542 4041 1650 4104 mellis
1665 4042 1760 4105 obla·-

113 4160 355 4223 surrectionem
381 4158 416 4218 in
442 4171 507 4234 qua
528 4157 634 4219 voluit
656 4154 763 4216 forma
788 4169 908 4230 corpus
962 4145 1097 4206 tionem·

113 4273 209 4319 suum
231 4256 414 4326 ostendere,
441 4253 566 4316 sivein
595 4252 706 4329 specle
725 4250 906 4322 hortulani,
1002 4243 1049 4302 De
1069 4239 1177 4318 primo
1202 4237 1430 4315 scriptumest
1456 4258 1465 4298 ε
1488 4238 1590 4300 Stetit
1607 4241 1709 4302 iesus
1723 4241 1760 4301 tn

114 4355 199 4418 sicut
214 4355 331 4416 Mariae
346 4351 563 4428 Magdalenae,
581 4350 651 4411 sive
668 4350 701 4410 in
725 4349 835 4425 specie
850 4363 910 4425 pe-
962 4341 1074 4400 medto
1092 4339 1337 4412 disceptantem
1357 4349 1512 4397 8110111111·
1529 4338 1576 4396 De
1590 4335 1759 4400 secundo:

114 4453 243 4528 regrini
260 4451 346 4514 sicut
365 4450 420 4510 his
438 4448 566 4510 duobus
581 4446 766 4523 discipulis,
790 4445 908 4523 quihus
963 4435 1163 4498 obicerent
1192 4435 1349 4508 discipuli
1373 4435 1519 4493 Domino
1533 4446 1663 4508 perum
1685 4436 1761 4507 pis·-

113 4565 191 4612 vere
218 4549 414 4626 peregrinus
440 4547 513 4608 erat
537 4561 558 4607 a
587 4560 727 4621 quorum
760 4543 825 4604 fide
850 4557 910 4618 per
962 4537 1011 4594 cis
1037 4535 1110 4594 assi
1137 4532 1170 4594 et
1194 4533 1315 4606 favum
1336 4531 1456 4590 melite.
1480 4529 1627 4599 Quatuor
1653 4529 1760 4590 modis

114 4647 339 4722 ignorantiam
362 4646 553 4716 extraneus,
580 4643 682 4713 idest,
713 4639 908 4717 peregrinus
963 4630 1052 4692 stare
1075 4627 1135 4690 Dei
1163 4626 1285 4702 legitur
1305 4625 1341 4686 in
1366 4624 1558 4702 scripturis.
1584 4626 1654 4688 Stat
1669 4627 1762 4690 enim

114 4747 195 4807 erat.
208 4744 408 4821 Prophetam
420 4742 508 4804 enim
522 4739 737 4816 autaliquem
751 4753 908 4813 magnum
963 4730 1049 4787 Deus
1084 4739 1144 4802 pei
1182 4721 1503 4794 manifestationem,
1544 4737 1604 4798 ber
1639 4722 1762 4799 ludicii

114 4842 224 4906 virum
239 4841 414 4903 Dominum
429 4839 470 4900 de
487 4853 551 4914 quo
566 4835 797 4913 loquebantur,
811 4835 910 4912 puta-
963 4823 1170 4901 potestatem,
1197 4835 1256 4897 per
1286 4817 1396 4880 carnis
1424 4817 1710 4894 glorificationem,
1727 4820 1761 4882 ct

114 4937 203 5013 bant,
228 4941 261 5002 et
288 4954 354 5000 non
377 4936 437 4999 nei
459 4935 591 4997 Filium.
619 4931 907 4995 praedicebant:
963 4936 1022 4998 per
1047 4918 1166 4981 auxilii
1194 4915 1451 4994 praestationem.
1481 4917 1552 4978 Stat
1578 4918 1666 4978 Deus
1700 4931 1760 4994 per

115 5038 164 5098 De
182 5041 268 5099 lesu
288 5040 474 5098 Nazareno
492 5036 551 5108 qui
569 5032 637 5106 suit
657 5033 714 5092 vir
727 5030 906 5104 propbeta,
963 5015 1281 5086 manifestationem,
1318 5012 1404 5075 sicut
1440 5014 1597 5091 scriptum
1634 5014 1685 5075 est
1723 5013 1759 5077 in

113 5136 285 5206 potensin
304 5132 776 5207 opereetsemwne‚coram
789 5125 908 5188 Debet
963 5113 1143 5190 Evangelio
1165 5111 1252 5190 quod
1278 5109 1417 5173 audistis
1443 5111 1575 5174 :Stetit
1599 5113 1700 5173 lestis
1721 5113 1761 5172 in

116 5235 210 5294 omni
218 5229 449 5310 ponibastes
466 5243 561 5300 xxiv,
580 5225 643 5305 19).
963 5223 1074 5284 ntedto
1099 5221 1345 5292 dempturum
1370 5231 1531 5279 mrum.
1556 5218 1654 5290 Nam,
1681 5217 1759 5295 quia

159 5331 415 5408 accceperuut
440 5343 520 5389 eum
540 5323 634 5404 (Luc.
664 5337 756 5394 mv,
779 5318 845 5400 29).
874 5322 910 5383 Si
964 5335 1025 5398 per
1058 5315 1248 5395 passionem
1282 5315 1316 5378 et
1349 5315 1487 5377 mortem
1506 5313 1761 5392 discipulorum

117 5426 205 5488 enirn
224 5428 312 5489 ultro
340 5441 376 5487 se
402 5422 597 5501 peregrinus
623 5421 680 5482 ille
704 5419 907 5496 ingessisset,
965 5415 1070 5479 oculis
1091 5413 1304 5477 absconditus
1323 5411 1442 5482 iuerat,
1459 5413 1492 5473 et
1506 5410 1547 5474 ab
1561 5427 1676 5474 eorum
1695 5412 1765 5475 lide

118 5537 182 5585 non
195 5524 382 5601 coegissent
392 5523 485 5584 illum
496 5543 505 5596 3
517 5521 545 5582 si
556 5535 623 5581 non
633 5516 831 5594 coegissent,
843 5531 911 5576 non
965 5513 1141 5582 ceciderat,
1152 5527 1211 5590 per
1224 5508 1479 5572 resurrectionis
1488 5509 1630 5586 gloriam
1642 5509 1760 5572 stando

118 5619 313 5686 haberemus
339 5619 526 5696 exemplum
550 5616 718 5694 hospitum
741 5613 909 5691 cogendo·-
964 5613 1052 5674 inter
1086 5626 1145 5673 eos
1179 5625 1215 5670 sc
1250 5605 1483 5672 resurrexisse·
1514 5607 1761 5674 manifestabat.
