4076 6420
319 446 473 509 inventus
505 447 542 508 ut
570 444 680 506 homo.
711 444 806 506 llano
833 441 953 502 stolam
984 441 1018 502 et
1051 437 1114 502 hoo
1208 445 1272 505 Per
1295 444 1417 520 ignem,
1440 441 1646 519 significatur
1679 440 1873 521 tribuario,
1904 459 1972 520 per

318 542 457 622 pallium
482 540 565 603 lauit
594 542 631 602 iu
664 540 755 611 vino,
792 537 1111 612 insanguineum,
1168 555 1288 617 aquam
1327 539 1500 618 cupiditas,
1521 541 1591 602 sive
1624 540 1735 602 caruis
1770 541 1972 604 delectatio.

318 639 415 712 idest,
450 638 486 700 in
521 636 684 713 sanguine
718 634 869 712 proprio,
916 632 994 710 quia
1028 631 1114 694 sicut
1167 639 1237 699 Nos
1251 639 1465 700 transivimus
1479 638 1663 714 perignem
1680 637 1713 700 et
1730 653 1866 715 aquam,
1884 639 1970 715 quia

317 736 440 798 dicitur
455 735 491 795 in
510 733 740 796 benedictione
757 731 865 794 cerei:
880 729 1005 791 «Nihil
1017 728 1112 790 nohis
1167 735 1345 813 aliquando
1368 735 1548 812 affligimur
1566 733 1843 798 tribulationibus
1864 735 1972 813 hujus

318 831 412 896 nasci
434 831 639 902 contulisset,
662 829 729 892 nisi
752 827 871 892 redimi
888 824 1112 905 profuisset.»
1166 832 1292 906 mundi,
1305 832 1483 910 aliquando
1495 831 1661 894 tentamur
1673 831 1918 909 cupiditatibus
1939 837 1973 895 et

317 931 358 993 Et
369 929 569 1008 Apostolus:
592 931 744 1001 Prodito
764 929 851 987 Filio
873 938 936 986 82⁶0
959 937 1028 984 uolt
1049 938 1113 998 pe·
1165 930 1404 992 tentatlouibus
1424 930 1546 1002 carnis,
1574 929 1632 990 sed
1653 929 1815 991 Dominus
1832 929 1971 992 inducit

317 1024 782 1105 parciturus...(aom.v1n,
800 1019 866 1100 32).
888 1020 969 1082 Item
988 1018 1111 1082 inalho
1166 1041 1226 1088 nos
1252 1026 1287 1088 in
1315 1025 1538 1102 refrigerium,
1560 1025 1670 1088 dando
1698 1026 1970 1089 consolationem

316 1125 428 1190 colore
443 1139 528 1186 rosae
546 1117 845 1200 significaturquod
859 1131 999 1194 corpora
1012 1116 1112 1179 hono-
1165 1123 1371 1201 inpraesenti
1387 1123 1420 1185 et
1438 1122 1654 1200 temperando
1669 1123 1781 1186 carnis
1793 1124 1968 1186 ardorem.

318 1216 855 1292 rumetsanotorumresurgentin
868 1215 1111 1278 resurrectione
1166 1221 1260 1283 Unde
1292 1221 1433 1296 legimus
1459 1220 1495 1282 in
1522 1220 1678 1293 Daniele,
1708 1220 1796 1298 quod
1822 1222 1971 1297 angelus

318 1319 391 1381 sine
403 1318 471 1381 ullo
487 1317 579 1390 vitio,
592 1318 665 1378 sine
677 1314 745 1376 ulla
755 1311 973 1384 deformitate,
988 1312 1021 1374 et
1039 1312 1111 1374 siue
1165 1318 1296 1380 Domini
1311 1317 1482 1380 descendit
1493 1333 1567 1379 cum
1584 1318 1705 1380 Azaria
1720 1317 1754 1380 et
1773 1318 1879 1380 sociis
1894 1322 1970 1396 ejus

318 1416 387 1478 ulla
401 1414 623 1492 corruptione,
645 1413 679 1474 et
694 1410 792 1474 erunt
812 1408 934 1471 munda
955 1408 996 1472 ab
1020 1408 1111 1472 omui
1165 1416 1200 1477 in
1221 1415 1367 1488 fornace,
1381 1415 1415 1478 et
1439 1413 1518 1478 fecit
1540 1414 1686 1476 medium
1704 1413 1853 1478 fornacis
1869 1417 1970 1493 quasi

319 1515 464 1591 peccato.
481 1511 574 1575 Unde
589 1509 787 1587 Apostolus:
811 1509 935 1572 Omnes
947 1521 1112 1585 resurge-
1164 1512 1299 1576 ventum
1311 1512 1400 1576 roris
1414 1511 1511 1592 (Dan.
1526 1527 1578 1580 111,
1593 1509 1659 1592 50).
1676 1512 1825 1588 Angelus
1851 1513 1969 1588 signi-

308 1627 406 1682 mus,
422 1613 482 1672 scd
495 1623 565 1670 uon
580 1621 699 1670 munes
712 1605 975 1668 immutabimur
991 1603 1020 1684 (Ι
1035 1605 1108 1668 Cor.
1165 1609 1242 1672 licat
1255 1610 1437 1686 Christum
1448 1609 1586 1672 haurias
1601 1608 1635 1672 et
1647 1609 1731 1672 socii
1745 1612 1831 1686 ejus,
1847 1625 1969 1672 omnes

310 1723 375 1775 xv,
391 1705 534 1786 51).Ηο0
549 1703 672 1770 dictum
687 1703 738 1765 est
750 1717 810 1780 pro
822 1701 931 1774 malis,
943 1701 1020 1778 quia
1035 1715 1112 1762 cor-
1164 1705 1285 1782 honos;
1307 1705 1440 1778 fornax,
1458 1706 1685 1769 muudumaut
1704 1722 1860 1782 carnem3
1876 1707 1968 1783 ignis

314 1820 398 1884 pora
421 1818 536 1866 eorum
561 1817 628 1864 uon
655 1799 927 1862 immutabuntur.
954 1797 1049 1860 Unde
1073 1797 1110 1860 iu
1164 1802 1322 1877 fornacis,
1348 1802 1580 1866 tribulationes
1601 1802 1716 1864 mundi
1737 1804 1792 1866 vel
1807 1803 1967 1865 ardorem

316 1900 495 1978 Evangelio
507 1899 658 1976 legimus,
673 1895 759 1974 quod
775 1894 973 1958 vestimenta
988 1894 1111 1956 Christi
1164 1901 1286 1964 carnis.
1297 1899 1443 1976 Angelus
1451 1898 1532 1962 facit
1543 1899 1688 1960 medium
1702 1898 1853 1962 fornacis
1868 1900 1967 1976 quasi

316 1997 494 2063 factasunt
508 1995 747 2057 candidasicut
760 1993 831 2065 nix,
848 1990 1111 2068 intransfigura-
1163 1999 1298 2061 ventum
1323 1996 1425 2069 roris,
1454 1996 1586 2074 quando
1614 1997 1688 2074 post
1711 1996 1967 2059 tribulationem

315 2097 417 2159 tione.
452 2093 657 2158 Vestimenta
698 2091 820 2154 Christi
859 2090 937 2152 suut
970 2104 1109 2166 corpora
1164 2094 1220 2156 dat
1233 2109 1360 2172 pacem,
1385 2093 1460 2171 post
1481 2093 1592 2156 carnis
1611 2093 1796 2166 libidinem,
1820 2094 1967 2169 refrige-

315 2193 505 2256 sauctorum
528 2191 562 2254 et
589 2188 762 2252 bonorum.
788 2188 882 2252 Unde
907 2202 966 2264 per
987 2187 1110 2248 isaiam
1164 2192 1252 2253 rium
1266 2191 1441 2254 castitatis.
1458 2193 1496 2252 ln
1508 2189 1619 2252 futuro
1633 2189 1843 2253 inducetnos
1859 2190 1895 2252 in
1911 2207 1967 2251 re-

315 2277 520 2371 prophetam,
528 2287 627 2350 Pater
636 2287 782 2366 loquitur
791 2285 833 2346 ad
844 2284 966 2348 Filium
976 2283 1108 2346 dicens:
1164 2285 1348 2370 frigerium,
1374 2286 1505 2364 quando
1529 2285 1716 2349 introducet
1729 2287 1864 2348 animas
1879 2302 1963 2348 nos·

316 2390 477 2452 omuibus
501 2389 554 2447 lats
583 2383 674 2448 uelut
709 2381 913 2446 uestimento
936 2381 1108 2444 vestieris.
1164 2385 1233 2448 tras
1248 2383 1290 2446 ad
1303 2384 1439 2446 coeleste
1454 2383 1626 2460 palatium.

316 2485 449 2550 Rubeus
477 2483 569 2544 color
596 2495 682 2543 resse
714 2479 881 2556 siguificat
915 2477 1110 2554 martyrium
1154 2539 1157 2544 Α
1205 2483 1326 2544 Forma
1340 2496 1426 2542 rosae
1445 2482 1498 2544 est
1514 2479 1822 2556 inferiusaugusta,
1846 2482 1882 2544 et
1902 2499 1962 2544 su-

316 2597 491 2659 corporum
505 2579 706 2651 nostrorum,
730 2576 820 2639 eliud
841 2577 943 2648 intus,
962 2574 1053 2636 aliud
1070 2574 1110 2635 de
1166 2579 1278 2658 parius
1304 2578 1432 2656 ampla3
1458 2579 1492 2640 et
1512 2576 1679 2653 significat
1702 2577 1788 2654 quod
1809 2579 1962 2641 Christus

315 2680 408 2743 foris.
425 2679 528 2750 lutus,
551 2692 610 2755 per
629 2673 892 2754 compassionem
910 2672 1041 2744 mentis,
1057 2672 1110 2734 vel
1165 2691 1291 2755 pauper
1305 2674 1368 2738 fuit
1381 2675 1416 2736 in
1432 2674 1570 2746 mundo,
1587 2672 1645 2735 sed
1659 2675 1710 2736 est
1723 2676 1887 2737 Dominus
1902 2694 1962 2737 su-

316 2775 477 2857 proximi3
498 2773 580 2838 foris
594 2789 654 2852 per
672 2771 884 2834 afflictionem
903 2769 1027 2832 carnis.
1046 2772 1112 2830 Per
1165 2772 1361 2852 peremnia,
1378 2773 1435 2849 qui
1449 2770 1744 2848 impletunirersa.
1768 2773 1854 2834 Item
1877 2775 1965 2836 sicut

315 2873 578 2952 compassionem
593 2871 713 2934 mentis
726 2868 885 2945 affligitur
901 2867 1048 2945 spiritus,
1065 2866 1111 2928 di·
1165 2871 1272 2934 forma
1292 2885 1378 2932 rosae
1397 2869 1448 2932 est
1467 2868 1608 2930 inferius
1626 2868 1779 2944 angusta,
1802 2871 1836 2931 et
1856 2886 1962 2948 supe.

314 2972 418 3036 cendo
438 2985 512 3034 curu
531 2968 713 3046 apostolo:
737 2967 819 3034 Quis
840 2965 1055 3038 trtptrmutur,
1078 2963 1111 3026 et
1165 2969 1237 3030 rius
1262 2967 1387 3044 ampla,
1410 2967 1458 3030 ita
1480 2965 1618 3043 quilibet
1640 2965 1846 3028 christianus
1866 2967 1964 3030 debet

314 3083 377 3146 eoo
403 3082 473 3130 mou
490 3067 671 3140 infimum
693 3065 773 3130 oute
791 3062 1047 3126 scandalizatur
1078 3062 1113 3124 et
1165 3067 1298 3129 terrena
1314 3063 1531 3141 vilipendere,
1547 3062 1580 3125 et
1594 3077 1739 3140 superna
1755 3062 1960 3126 desiderare.

314 3179 376 3244 coc
388 3179 458 3228 nou
471 3177 559 3226 uror
569 3161 617 3240 (ΙΙ
631 3162 705 3222 Cor.
723 3174 771 3232 xl,
790 3155 857 3238 29).
873 3157 1006 3228 Rubeus
1021 3157 1114 3220 color
1167 3161 1457 3239 Undeltpostolus:
1471 3164 1702 3228 Quoesursum
1714 3161 1960 3236 curteum-tte,

315 3279 401 3326 rosae
414 3259 579 3337 significat
593 3257 802 3336 splendorem
826 3257 859 3318 et
879 3255 1114 3318 immortalita-
1166 3275 1244 3335 puoe
1264 3275 1407 3326 sursum
1425 3258 1508 3320 suut
1523 3259 1651 3334 sopite,
1671 3273 1742 3320 uon
1761 3273 1840 3334 qum
1857 3275 1963 3336 super

315 3363 381 3423 tem
396 3373 570 3436 corporum
584 3355 783 3418 nostrorum.
804 3353 897 3416 Unde
911 3353 1088 3430 Apostolus
1103 3375 1110 3413 ι
1167 3359 1302 3420 terrum
1318 3352 1457 3434 (Coloss.
1471 3369 1521 3427 111,
1538 3352 1582 3433 1).

316 3457 457 3532 Oportet
471 3455 618 3518 mortulo
631 3458 693 3516 hoc
707 3455 850 3516 iuduere
863 3451 1112 3514 immortalita—
1207 3457 1297 3518 Rosa
1308 3453 1437 3516 Summi
1454 3451 1625 3514 Pontificis
1644 3451 1695 3516 est
1708 3467 1825 3527 amaa,
1835 3451 1963 3515 habens

317 3557 386 3619 tem
403 3553 429 3626 (l
443 3554 518 3614 Cor.
534 3567 590 3624 xv,
606 3552 671 3629 53),
687 3549 783 3623 idest,
800 3549 929 3628 oportet
941 3550 978 3610 ut
993 3565 1113 3626 corpus
1166 3551 1353 3616 balsamum
1385 3551 1419 3614 et
1452 3566 1613 3612 muscum.
1641 3553 1768 3612 Aurum
1796 3551 1965 3628 significat

317 3653 467 3716 nostrum
488 3649 629 3712 mortale
649 3647 707 3709 fiat
725 3645 923 3710 immortale.
947 3647 988 3708 ut
1005 3647 1111 3708 ahbi:
1167 3649 1292 3712 Christi
1328 3647 1556 3721 divinitatem,
1591 3647 1777 3710 balsamum
1818 3649 1965 3710 animam

317 3749 533 3814 salvatorum
546 3746 770 3820 expectamus
788 3746 975 3808 Dominum
994 3747 1115 3806 Iesum
1168 3745 1302 3820 Christi,
1323 3761 1456 3808 muscus
1485 3760 1620 3808 caruem
1649 3745 1784 3808 Christi.
1818 3747 1856 3806 ln
1880 3761 1963 3808 auro

318 3847 494 3911 chrestum
511 3841 649 3923 (Philip.
670 3855 721 3914 111,
741 3839 806 3920 ab).
824 3838 912 3902 Odor
930 3856 1015 3902 rosae
1030 3857 1113 3902 sua·
1168 3843 1376 3920 significatur
1390 3843 1559 3916 diuinitas,
1576 3843 1655 3920 quia
1671 3843 1759 3906 sicut
1773 3859 1895 3906 aurum
1915 3845 1967 3905 est

318 3945 370 4008 ris
398 3944 464 4015 est,
491 3942 525 4004 et
550 3938 715 4004 confortat
741 3937 924 4000 cerebrum.
955 3937 1116 4002 Similiter
1168 3941 1347 4019 pretiosius
1365 3941 1399 4004 et
1422 3939 1628 4017 splendidius
1652 3941 1782 4005 caeteris
1806 3941 1964 4015 metallis,

318 4041 479 4104 memoria
494 4039 617 4100 Christi
636 4035 748 4100 suauis
764 4037 815 4098 est
828 4034 1002 4098 animabus
1017 4052 1116 4098 sanc-
1169 4041 1217 4102 ita
1231 4038 1390 4102 diuinitas
1405 4037 1528 4100 Christi
1541 4039 1704 4115 estsuper
1718 4039 1843 4109 omnia,
1868 4039 1903 4101 et
1918 4043 1970 4102 est

319 4139 379 4210 tis,
401 4137 435 4200 et
460 4134 626 4203 coufortat
658 4148 716 4196 eas
744 4131 778 4193 in
817 4132 972 4209 operibus
1006 4131 1113 4194 bonis.
1169 4135 1438 4214 splendidissima
1458 4135 1492 4198 et
1513 4136 1649 4198 eterna.
1678 4139 1716 4200 ln
1742 4136 1895 4200 balsamo
1920 4139 1968 4198 sl-

321 4233 416 4300 Unde
429 4229 534 4294 David
551 4232 708 4294 :Mentor
725 4231 778 4304 {tut
796 4232 861 4292 Det
879 4229 913 4292 et
931 4231 1116 4296 deiecimus
1169 4233 1347 4312 gnificatur
1364 4233 1488 4305 anima,
1505 4233 1583 4311 quia
1602 4234 1689 4296 sicut
1709 4231 1896 4299 balsamum
1917 4237 1967 4295 est

320 4345 411 4396 sum.
1170 4331 1282 4394 carius
1296 4331 1330 4394 et
1353 4330 1531 4409 pretiosius
1552 4330 1683 4392 caeteris
1703 4329 1902 4409 liquoribus,
1920 4332 1966 4394 ita

362 4423 767 4498 1tem,sicutr0sasuaus
780 4423 885 4486 estad
899 4423 1114 4498 odorandum,
1171 4427 1281 4490 anima
1296 4427 1419 4490 Christi
1433 4426 1496 4488 fuit
1513 4426 1633 4490 melior
1647 4427 1800 4489 omnibus
1814 4428 1906 4490 aliis.
1929 4433 1967 4492 In

303 4526 369 4596 ,ita
383 4522 585 4589 christianus
606 4521 704 4582 debet
726 4536 799 4586 esse
821 4523 944 4596 suavis,
959 4523 1065 4586 dulcis
1085 4525 1118 4587 et
1171 4539 1284 4586 musco
1301 4523 1510 4600 significatur
1524 4539 1603 4586 caro
1619 4524 1754 4597 Christi,
1770 4525 1862 4602 quia,
1879 4526 1966 4588 sicut

322 4620 475 4686 amabilis
489 4618 664 4680 universis.
691 4618 783 4682 Unde
795 4621 954 4690 Dominus
965 4621 1001 4682 iu
1013 4623 1118 4684 Evan-
1171 4637 1304 4684 muscus
1327 4620 1378 4683 est
1394 4620 1434 4682 de
1457 4636 1559 4687 carne
1583 4621 1751 4693 animalis,
1763 4623 1798 4683 et
1810 4621 1967 4685 diffundit

322 4719 432 4805 gello:
457 4717 582 4782 Discite
605 4731 694 4778 ame
715 4716 793 4794 quia
811 4718 901 4780 mitis
925 4733 1010 4793 sum,
1031 4717 1119 4782 idest
1172 4734 1307 4781 suavem
1322 4717 1468 4790 odorem,
1494 4718 1541 4782 ita
1561 4733 1638 4782 caro
1663 4718 1787 4781 Christi
1810 4719 1873 4781 fuit
1887 4722 1967 4782 nata

216 4817 223 4824 '
321 4817 451 4890 suavis,
478 4817 510 4878 et
534 4814 670 4876 humilis
694 4815 803 4877 corde.
826 4815 939 4878 Virtus
959 4831 1046 4878 rosae
1069 4818 1119 4879 est
1172 4817 1213 4879 de
1227 4815 1495 4892 VirgineMaria,
1514 4815 1547 4879 et
1565 4815 1655 4884 dedit
1673 4817 1796 4881 mundo
1812 4817 1966 4880 salutem.

322 4916 402 4978 dare
425 4912 636 4988 refrigerium
660 4913 776 4974 contra
795 4911 950 4986 calorem,
973 4914 1007 4974 et
1020 4929 1119 4976 cous-
1172 4914 1212 4978 Et
1230 4913 1316 4976 sicut
1344 4917 1477 4976 muscus
1506 4929 1572 4976 non
1597 4913 1751 4991 juugitur
1775 4929 1871 4986 auro,
1901 4915 1968 4976 nisi

322 5011 471 5086 tringere
485 5007 612 5068 firmum
634 5006 806 5084 sanguinis
824 5008 894 5070 sire
910 5009 1047 5072 renuis.
1065 5010 1118 5073 Si·
1172 5011 1339 5076 mediante
1361 5010 1522 5084 balsamo,
1537 5011 1585 5073 ita
1598 5027 1676 5074 caro
1692 5011 1815 5074 Christi
1829 5028 1896 5074 uon
1910 5030 1970 5090 pc-

322 5109 448 5172 militer
475 5105 509 5167 et
540 5104 689 5167 Christus
710 5104 767 5166 dat
788 5105 884 5168 nobis
907 5107 1118 5184 refrigerium
1171 5109 1235 5174 tuit
1252 5109 1348 5186 jungi
1372 5109 1550 5182 divinitati,
1567 5109 1632 5172 nisi
1655 5110 1768 5172 anima
1787 5109 1966 5172 mediante.

323 5207 439 5270 contra
454 5202 665 5265 adversitatis
681 5202 829 5279 pericula
844 5202 877 5264 et
887 5203 1118 5268 tribulationes
1210 5207 1331 5270 Aliter:
1357 5222 1474 5270 aurum
1501 5206 1667 5284 siguificat
1690 5207 1873 5285 potentiam
1904 5211 1970 5270 Pa-

324 5305 424 5381 hujus
439 5299 564 5372 mundi,
578 5300 611 5362 ot
625 5299 740 5362 contra
759 5298 896 5364 ardores
915 5301 1115 5377 cupiditatis.
1172 5303 1253 5376 tris,
1276 5319 1409 5366 muscus
1432 5303 1631 5384 sapientiam
1657 5303 1754 5377 Filii,
1780 5303 1967 5368 balsamum

326 5401 420 5466 Unde
445 5397 573 5460 David:
599 5400 838 5460 Truustvimus
857 5411 926 5472 per
951 5401 1066 5476 iguem
1084 5402 1118 5465 et
1172 5401 1369 5464 charitatem
1387 5401 1529 5479 Spiritus
1546 5402 1670 5465 Sancti.
1695 5403 1775 5464 Haec
1789 5402 1856 5464 tria
1871 5407 1969 5466 erunt
2021 5447 2022 5452 .

324 5511 463 5574 aquom,
493 5496 528 5558 et
553 5496 724 5559 traduxisti
744 5509 806 5558 uos
829 5497 867 5558 tu
891 5497 1117 5574 refrigerium
1173 5499 1207 5559 in
1226 5513 1425 5576 unoquoque
1449 5498 1536 5563 bono
1562 5501 1596 5564 et
1618 5499 1734 5572 electo,
1762 5500 1842 5578 quia
1869 5503 1969 5564 Pater
2021 5513 2022 5546 r

327 5593 397 5674 (Pe.
409 5594 459 5666 65,
475 5589 538 5672 12).
1172 5595 1264 5660 dabit
1277 5595 1309 5664 ei
1319 5611 1417 5711 posse
1431 5597 1590 5676 quantum
1597 5597 1751 5675 voluerit,
1760 5597 1868 5661 Filius
1877 5599 1969 5663 dabit

318 288 380 348 803
781 286 957 348 nononu
979 285 1023 344 111
1044 284 1192 348 uranu.
1210 315 1248 330 -
1265 285 1495 349 salimurius,
1909 287 1975 348 soa
2021 245 2022 326 ἶ
