4084 6428
325 259 393 358 ‘sse
796 292 974 355 nononn
995 293 1040 353 111
1062 287 1514 353 ornan-suanenses.
1651 360 1654 364 ,
1945 291 1995 352 aa

338 456 484 520 sidemus
498 455 586 518 sicut
605 453 683 517 lecit
702 453 859 516 Zachaeus
879 453 936 530 qui
959 451 1049 514 dedit
1066 467 1127 514 sua
1183 449 1394 530 reprimendo
1410 451 1579 524 humores,
1593 447 1749 528 decoquit
1763 451 1997 528 praeparando
2022 469 2023 510 3

332 556 365 618 et
377 554 520 617 reddidit
531 551 653 625 aliena,
670 551 748 630 quia
771 567 838 613 non
858 549 1035 612 dimittitur
1045 565 1127 627 pec·
1183 549 1286 622 cibos,
1303 548 1456 612 calefacit
1476 548 1667 626 repellendo
1687 547 1809 624 frigus.
1831 550 1934 624 Ergo
1950 548 1998 608 ln·

332 654 452 724 catum,
474 651 540 713 nisi
561 651 756 712 restituatur
777 648 934 710 ablatum.
963 648 1022 709 Ille
1039 648 1128 709 recte
1183 648 1235 707 cet
1247 646 1281 707 in
1297 646 1507 714 candelabro,
1521 647 1589 708 urit
1603 646 1743 722 paleam,
1760 645 1912 706 roborat
1927 647 1996 706 tes·
2022 649 2023 728 ᾗ

332 750 451 812 obtulit
465 751 498 810 et
509 751 599 811 recte
613 747 736 818 divisit,
758 747 836 824 quia
853 747 943 808 dedit
957 746 1128 806 dimidium
1182 745 1261 815 tam,
1277 745 1396 820 purgat
1410 759 1538 813 aurum,
1552 744 1698 804 desiccat
1709 759 1880 820 pannum,
1903 743 1998 804 deco
2022 757 2023 760 ’

331 847 492 909 bonorum
505 862 640 908 suorum
654 845 865 923 pauperibus,
876 845 964 921 quia,
977 847 1035 918 otti
1046 844 1129 917 facit
1183 841 1254 918 quit
1280 841 1399 912 cibum,
1434 840 1588 904 calefacit
1622 841 1759 902 nudum.
1800 844 2023 902 Possumus

332 951 581 1019 olomucensem
591 947 632 1006 dc
642 945 951 1018 rapsnapaupern,
964 942 1129 1014 quacient
1183 938 1321 1000 reddere
1336 938 1467 1016 singula
1482 938 1634 1016 singulis,
1655 939 1714 999 sed
1727 938 1946 1010 dubitamus
1964 941 1995 999 nt

332 1042 489 1104 victimat
506 1043 616 1115 attam
631 1043 668 1103 tn
687 1039 997 1115 cortspcctuPctrts
1012 1037 1126 1118 (Eccli.
1184 1051 1292 1098 sermo
1302 1035 1453 1113 prolixus
1467 1037 1606 1112 generet
1620 1035 1802 1098 fastidium.

333 1155 452 1211 xxxiv,
468 1137 533 1206 24).
554 1141 641 1200 Deus
663 1137 750 1200 enim
775 1137 889 1215 iniqua
909 1151 1047 1197 munera
1062 1151 1128 1197 non
1222 1133 1407 1198 Jerusalem
1420 1134 1618 1209 intelligitur
1628 1134 1744 1196 sancta
1757 1133 1933 1205 Ecclesia,
1946 1134 1995 1194 rel

332 1238 492 1314 acceptat.
504 1237 601 1298 Multi
609 1235 686 1297 sunt
695 1235 794 1296 hodie
804 1235 861 1312 qui
872 1250 972 1310 quum
984 1232 1130 1296 habeant
1183 1247 1389 1310 unaquaque
1404 1231 1511 1293 tidelis
1532 1231 1655 1293 anima.
1678 1231 1777 1293 Scitis
1792 1230 1892 1292 enim
1908 1231 1993 1308 quod
2022 1287 2023 1294 ,

331 1336 482 1408 multum,
496 1333 574 1396 dant
587 1349 719 1411 parum;
734 1331 1126 1410 quumhabeantcarnm,
1182 1328 1367 1391 Jerusalem
1389 1329 1530 1407 quatuor
1548 1328 1654 1390 modis
1677 1328 1847 1405 accipitur
1870 1344 1994 1390 secun-

332 1431 413 1496 dant
434 1432 517 1508 vile;
534 1449 635 1510 quum
664 1431 809 1492 habeant
840 1430 1022 1506 proprium,
1050 1427 1130 1490 dant
1184 1425 1262 1488 dum
1277 1428 1419 1504 quatuor
1432 1426 1637 1503 theologicos
1655 1426 1863 1498 intellectus
1879 1425 1992 1488 histo·

332 1531 480 1591 alienum
497 1546 505 1602 ;
521 1545 623 1606 quum
647 1529 727 1590 dare
746 1527 888 1589 debeant
902 1527 1027 1602 egenis,
1051 1524 1130 1586 dant
1183 1524 1301 1598 ricum,
1318 1525 1544 1602 allegoricum,
1560 1524 1803 1602 tropologicum
1815 1524 1853 1586 et
1868 1540 1993 1600 anago

333 1625 565 1688 histrionibus.
592 1626 748 1686 Zachaeus
774 1625 872 1686 aliter
903 1624 990 1686 tecit.
1029 1624 1129 1686 Recte
1183 1622 1304 1698 gicum.
1335 1623 1391 1684 Est
1418 1622 1509 1686 enim
1541 1621 1727 1685 Jerusalem
1760 1622 1927 1698 superior
1963 1623 1991 1682 et

333 1723 473 1784 contulit
491 1723 524 1784 et
544 1724 634 1784 recte
650 1722 773 1794 divisit,
785 1720 893 1782 dando
912 1736 978 1782 uon
1000 1735 1127 1798 parum,
1182 1718 1334 1792 interior,
1348 1721 1489 1782 interior
1521 1721 1554 1784 et
1574 1719 1731 1792 exterior,
1756 1720 1911 1781 coelestis
1936 1720 1992 1780 ri-

333 1817 556 1896 sedmultum;
573 1819 651 1896 quia
666 1818 757 1880 dedit
770 1818 954 1890 dimidium,
971 1818 1127 1890 nonvile,
1183 1817 1314 1891 delicet,
1339 1819 1372 1882 et
1399 1819 1578 1890 terrestria,
1605 1817 1790 1894 spiritualis
1810 1819 1847 1878 et
1869 1833 1992 1894 corpo-

333 1917 392 1979 sed
406 1932 538 1992 carum3
555 1916 633 1994 quia
648 1915 738 1978 dedit
761 1915 933 1977 dimidium
950 1915 1127 1988 bonorum,
1184 1915 1277 1976 ralis.
1307 1919 1355 1977 De
1380 1915 1507 1976 duabus
1542 1915 1626 1977 nihil
1663 1914 1705 1976 ad
1743 1930 1914 1992 praesens.
1946 1917 1989 1975 De

332 2031 400 2076 non
416 2015 563 2076 alienum
587 2014 644 2076 sed
666 2015 856 2091 proprium3
873 2013 950 2090 quia
975 2012 1064 2074 dedit
1078 2013 1130 2074 di·
1183 2012 1333 2074 Ecclesia
1356 2013 1508 2076 terrestri
1536 2013 1618 2074 dicit
1642 2012 1829 2089 propheta:
1860 2015 1985 2088 Surge,

331 2111 469 2174 midium
482 2111 643 2173 bonorum
659 2127 807 2182 snorum,
828 2125 894 2171 non
910 2109 1128 2172 histrionibus
1184 2113 1393 2180 illuminare,
1417 2115 1612 2174 Jerusalem
1633 2107 1690 2188 (is.
1718 2125 1773 2181 ux,
1806 2107 1854 2188 l).
1885 2113 1986 2171 Jeru-

333 2208 390 2271 sed
412 2209 542 2285 egenis;
556 2210 634 2285 quia
656 2208 746 2270 dedit
772 2207 945 2268 dimidium
967 2206 1129 2268 bonorum
1184 2208 1287 2269 salem
1322 2208 1442 2287 quippe
1477 2208 1562 2268 visio
1595 2206 1686 2284 pacis
1723 2207 1986 2282 interpretatum

333 2322 468 2368 suorum
492 2305 704 2383 pauperibus.
734 2307 831 2381 Ergo,
861 2302 992 2378 iratres,
1015 2305 1048 2366 et
1068 2319 1129 2366 nos
1184 2306 1218 2368 et
1240 2305 1314 2367 haec
1339 2305 1391 2367 est
1417 2320 1491 2382 quae
1516 2305 1606 2366 videt
1633 2319 1748 2381 pacem
1773 2303 1887 2376 illam,
1917 2321 1985 2380 qua

332 2419 393 2482 per
419 2403 607 2481 exemplum
634 2403 726 2464 illius
754 2403 801 2465 ita
829 2401 1001 2463 iaciamus.
1030 2401 1129 2464 Scitis
1184 2404 1318 2480 superat
1337 2418 1468 2465 omnem
1489 2417 1633 2474 sensum,
1653 2403 1828 2478 postquam
1850 2402 1890 2462 in
1909 2418 1985 2478 pace

331 2501 430 2574 enim,
451 2500 580 2574 iratres,
604 2500 690 2577 quod
705 2500 786 2561 Cain
808 2499 948 2575 tegendo
968 2499 1001 2560 et
1022 2514 1128 2560 excu-
1183 2499 1290 2563 lactus
1315 2501 1367 2562 est
1393 2500 1487 2561 locus
1510 2502 1583 2577 ejus
1611 2499 1644 2561 et
1664 2497 1829 2560 habitatio
1855 2502 1933 2576 ejus
1952 2499 1984 2560 in

333 2599 439 2660 sendo
462 2600 633 2676 peccatum
655 2597 690 2658 in
710 2597 950 2675 desperationis
974 2596 1129 2673 laqueum
1185 2596 1276 2658 Sion.
1298 2595 1479 2658 Delectaris
1490 2596 1525 2656 in
1540 2609 1632 2672 pace,
1650 2595 1680 2656 si
1691 2597 1796 2656 Deum
1808 2595 1909 2657 vides
1924 2597 1983 2656 ha-

334 2696 461 2768 incidit,
479 2698 511 2758 et
529 2695 663 2758 econtra
687 2695 792 2758 David
809 2710 868 2772 per
886 2692 1128 2757 contessionem
1183 2694 1265 2756 bens
1280 2694 1366 2772 quod
1379 2694 1484 2772 cupis,
1501 2694 1580 2770 quia
1593 2691 1663 2770 ipse
1678 2694 1728 2755 est
1737 2693 1982 2770 perfectissima

334 2794 468 2857 veniam
482 2793 682 2871 impetravit.
1183 2808 1263 2870 pax,
1280 2791 1337 2868 qui
1351 2790 1429 2853 iecit
1445 2792 1584 2868 utraque
1603 2805 1717 2863 unum,
1731 2793 1828 2868 cujus
1845 2806 1916 2867 pax
1929 2807 1984 2851 er-

375 2893 457 2952 item
474 2913 481 2951 ε
501 2893 604 2954 Stetit
626 2895 726 2954 Jcsns
748 2894 786 2952 tn
808 2893 920 2952 medio
948 2892 1130 2963 dtsetputo-
1183 2889 1319 2968 superat
1331 2905 1461 2952 omnem
1474 2903 1618 2950 sensum.
1631 2887 1776 2950 Adhanc
1790 2905 1982 2966 expugnan-

332 3003 414 3048 rum
427 3001 582 3048 suornm.
601 2990 669 3049 Nos
693 3004 807 3048 sumus
825 2986 979 3064 discipuli
994 2985 1126 3058 Christi,
1184 2987 1259 3050 dam
1270 2987 1362 3050 venit
1373 2987 1477 3048 David
1489 3002 1568 3048 vere
1583 3002 1684 3048 manu
1698 2985 1806 3055 tortis,
1815 2987 1876 3064 qui
1886 3003 1981 3046 manu
2022 2973 2023 2982 ’

334 3083 368 3144 et
386 3083 506 3159 ipsein
530 3083 638 3144 medio
661 3085 820 3155 nostrum,
847 3085 880 3146 et
896 3085 931 3144 in
948 3083 1090 3146 circuitu
1108 3099 1128 3144 a
1183 3085 1302 3147 inermi
1311 3085 1451 3147 etetiam
1462 3083 1553 3146 cruci
1562 3083 1665 3145 aitixa
1675 3082 1858 3145 debellarit
1869 3099 1980 3146 aereas

331 3180 458 3240 dextris
470 3181 534 3241 eta
551 3179 708 3241 sinistris.
730 3182 768 3241 ln
784 3180 892 3242 medio
911 3181 962 3241 est
975 3195 1034 3257 per
1049 3195 1129 3242 con·
1182 3183 1372 3260 potestates.
1398 3181 1462 3244 Sed
1480 3182 1592 3244 minen
1607 3197 1675 3243 non
1694 3179 1802 3258 potuit
1821 3181 1902 3242 inde
1924 3183 1981 3259 eJi-

330 3277 478 3338 cordiam
500 3277 532 3338 et
557 3276 763 3349 charitatem,
788 3276 981 3338 illuminans
1004 3293 1064 3340 nos
1086 3277 1127 3338 ad
1183 3295 1258 3342 cere
1283 3279 1484 3353 Jebusaeum,
1500 3279 1597 3350 idest,
1611 3278 1736 3356 primos
1751 3279 1875 3340 motus.
1892 3282 1980 3340 Sem-

329 3389 442 3437 veram
456 3375 519 3436 -sui
539 3375 771 3450 cognitionem,
795 3374 828 3437 et
851 3374 1061 3436 inflammans
1086 3375 1126 3436 ad
1182 3393 1242 3455 per
1254 3377 1343 3438 enim
1357 3376 1529 3440 Jebusaeus
1541 3376 1640 3444 idest,
1647 3376 1775 3454 primus
1788 3377 1913 3446 motus,
1921 3377 1977 3437 ha-

329 3489 443 3535 veram
458 3472 679 3536 dilectionem.
704 3475 841 3550 Semper
857 3473 946 3534 enim
965 3473 1000 3534 in
1018 3472 1128 3535 medio
1181 3475 1265 3538 bitat
1282 3477 1424 3538 interra
1445 3477 1560 3537 nostra
1588 3489 1662 3552 quae
1685 3471 1780 3534 nobis
1810 3475 1929 3550 spinas
1952 3477 1980 3536 et
2022 3509 2023 3554 3

328 3571 462 3634 illorum
478 3572 528 3634 est
540 3573 649 3643 Jesus,
668 3571 725 3648 qui
749 3571 803 3648 pie
825 3570 1005 3648 loquuntur
1019 3571 1059 3632 de
1074 3586 1124 3644 eo,
1181 3573 1321 3635 tribulos
1340 3589 1407 3634 non
1428 3571 1550 3633 desinit
1562 3570 1763 3648 germinare,
1780 3570 1867 3632 adeo
1881 3572 1975 3649 quod,
2022 3569 2023 3634 5

330 3669 434 3746 etqui
452 3669 698 3745 congregantur
721 3669 756 3730 in
776 3663 911 3730 nomine
928 3671 1011 3746 ejus.
1033 3669 1127 3730 Unde
1181 3670 1247 3731 nisi
1262 3669 1394 3748 parvuli
1416 3668 1595 3730 teneantur
1615 3669 1648 3729 et
1666 3666 1853 3730 allidantur
1872 3669 1913 3729 ad
1932 3686 1980 3745 pe
2022 3701 2023 3781 p

329 3766 401 3844 ipse
416 3767 450 3828 in
462 3766 642 3842 Evangelio
659 3787 666 3826 :
693 3769 752 3827 Ubi
764 3769 830 3828 duo
841 3771 894 3827 oct
908 3767 980 3828 tres
993 3767 1126 3841 noertnt
1180 3769 1277 3841 tram,
1293 3783 1336 3829 ne
1355 3767 1439 3828 torte
1464 3767 1615 3828 crescant
1629 3765 1746 3828 contra
1758 3781 1836 3840 nos;
1854 3765 1978 3836 bestiae,
2022 3797 2023 3802 κ

327 3866 577 3940 concrepante
593 3869 830 3937 nominantem
848 3867 892 3926 tbi
905 3879 983 3925 snm
998 3868 1034 3926 in
1053 3880 1127 3928 mc
1181 3867 1213 3928 et
1227 3865 1410 3943 vulpeculas
1428 3863 1603 3940 capiantur
1621 3862 1698 3924 dum
1721 3864 1798 3923 sunt
1816 3863 1977 3939 parvula,

327 3963 384 4023 dto
399 3976 521 4024 eorum
536 3959 666 4040 (Matth.
683 3975 781 4032 xviri,
805 3959 872 4039 20).
900 3963 971 4022 Duo
990 3961 1125 4023 veltres
1180 3965 1209 4024 si
1221 3961 1396 4034 creverint,
1409 3961 1540 4024 vineam
1557 3961 1687 4022 Domini
1701 3959 1848 4022 Sabaoth
1864 3959 1977 4022 demo-

328 4058 521 4134 congregati
548 4059 582 4120 in
597 4060 730 4120 nomine
745 4058 867 4120 Christi
884 4059 961 4120 sunt
974 4058 1125 4120 homines
1181 4061 1314 4123 lientur.

328 4156 508 4216 concordes
530 4155 565 4214 in
581 4154 644 4216 ilde
664 4157 697 4218 et
718 4155 894 4217 dilectione
908 4155 950 4216 ad
965 4155 1125 4218 honorem
1219 4163 1266 4220 De
1288 4158 1443 4221 interiori
1466 4156 1663 4235 Jerusalem,
1691 4155 1786 4228 idest,
1817 4154 1859 4216 de
1889 4154 1977 4216 fideli

328 4251 464 4313 Christi.
486 4250 548 4321 Qui
569 4251 645 4312 ideo
670 4251 825 4313 dicuntur
850 4251 926 4324 duo,
957 4253 1035 4330 quia
1060 4253 1125 4316 duo
1179 4258 1292 4318 anima
1307 4257 1428 4334 legitur
1445 4277 1453 4316 ε
1470 4254 1561 4317 Dabo
1576 4255 1612 4315 in
1628 4255 1707 4314 Sion
1720 4253 1874 4326 salutem,
1894 4257 1929 4316 et
1948 4255 1979 4314 in
2022 4295 2023 4332 ,

327 4349 405 4410 sunt
418 4349 584 4425 praecepta
605 4348 788 4420 charitatis,
802 4348 967 4422 videlicet,
986 4350 1125 4428 diligere
1178 4354 1365 4417 Jerusalem
1387 4352 1529 4430 gloriam
1564 4366 1682 4412 meam.
1718 4349 1811 4412 Unde
1850 4350 1976 4411 isaias:
2022 4341 2023 4420 ξ

327 4445 431 4506 Deum
461 4445 495 4506 et
524 4444 724 4521 proximum.
757 4445 834 4506 Ideo
871 4445 1025 4508 dicuntur
1055 4449 1124 4510 tres
1178 4455 1328 4514 Induere
1348 4451 1552 4526 fortitudine
1576 4450 1646 4521 tna,
1669 4451 1754 4510 Sion
1777 4446 1836 4525 (Is.
1856 4447 1977 4524 L11,1);
2022 4449 2023 4468 ²

328 4541 462 4619 propter
474 4541 571 4603 tidem
587 4541 770 4613 charitatis,
788 4542 922 4620 quaeest
933 4544 967 4605 in
984 4545 1125 4607 circuitu
1180 4549 1274 4626 quasi
1300 4546 1485 4610 diceret:O
1513 4546 1603 4618 Sion,
1632 4543 1727 4618 idest,
1757 4544 1908 4606 Ecclesia
1929 4546 1976 4605 rel

329 4638 453 4710 nostro,
462 4638 540 4714 quia
555 4638 697 4714 protegit
705 4653 765 4698 nos
781 4637 822 4700 ab
830 4639 987 4713 inimicis,
999 4639 1125 4713 idest,a
1180 4645 1291 4706 anima
1307 4660 1380 4720 quae
1394 4643 1626 4706 luistiinlirma
1636 4641 1816 4704 secundum
1829 4657 1974 4713 carnem,

328 4735 545 4796 daemonibus.
563 4735 656 4796 Unde
668 4735 740 4812 ipso
759 4751 818 4812 per
835 4736 1029 4799 Zachariam
1041 4753 1124 4814 pro·
1179 4742 1257 4820 quia
1270 4741 1406 4818 spiritns
1421 4741 1553 4819 quidem
1566 4741 1736 4817 promptus
1749 4739 1811 4810 est,
1828 4755 1910 4800 caro
1924 4755 1976 4801 au·

324 4832 458 4911 phetam
474 4855 481 4894 :
497 4837 570 4910 Epo
587 4848 648 4896 ero
662 4848 786 4895 murus
803 4836 894 4911 tants
916 4837 953 4896 tn
975 4836 1125 4897 circuitu
1177 4841 1244 4901 tem
1259 4839 1403 4911 infirma,
1419 4838 1560 4900 induere
1577 4836 1773 4900 fortitudine
1792 4837 1862 4909 tua,
1880 4837 1975 4909 idest,
2022 4863 2023 4932 4

326 4932 520 4993 Jerusalem
536 4930 649 5010 (zach.
666 4946 703 5002 11,
718 4927 763 5010 5).
1178 4937 1292 5014 accipe
1308 4936 1498 4998 firmitatem
1513 4935 1573 4999 tibi
1588 4935 1796 5013 promissam,
1813 4936 1850 4995 ut
1863 4933 1904 4996 de
1915 4951 1978 4996 eae-
2022 4935 2023 4978 ³

366 5029 455 5104 Ignis
472 5028 594 5100 autem,
621 5027 751 5102 iratres,
773 5029 835 5091 etsi
859 5028 980 5092 multas
1004 5027 1124 5092 habeat
1178 5037 1250 5098 tero
1264 5050 1325 5095 nec
1340 5033 1502 5109 fatigeris,
1519 5048 1581 5094 nec
1595 5031 1786 5095 infirmeris.
1798 5031 1890 5092 Talis
1905 5032 1975 5094 ior-

325 5126 557 5203 proprietateS,
574 5126 637 5186 has
651 5127 762 5187 tamen
778 5128 903 5204 septem
915 5127 1048 5189 videtur
1062 5127 1125 5189 ha·
1178 5131 1283 5195 titudo
1298 5131 1507 5208 significatur
1521 5147 1581 5208 per
1600 5130 1793 5192 Ecclesiam.
1807 5129 1915 5192 Aliter
1931 5133 1974 5190 :0

324 5223 403 5284 bere
427 5222 590 5284 notabiles
609 5224 707 5301 atque
736 5223 896 5300 insignes.
924 5224 1014 5300 Ignis
1034 5225 1123 5287 enim
1180 5230 1271 5304 Sion,
1294 5229 1391 5303 idest,
1413 5229 1572 5302 Ecclesia,
1594 5243 1758 5304 consurge
1776 5226 1818 5288 de
1842 5228 1976 5304 puluere

326 5321 424 5388 lucet,
440 5321 519 5392 urit,
535 5321 682 5390 roborat,
700 5322 831 5398 purgat,
853 5321 1009 5394 desiccat,
1024 5323 1124 5385 deco-
1177 5328 1276 5389 terrae
1301 5343 1361 5405 per
1383 5326 1496 5389 carnis
1521 5325 1811 5398 resurrectionem,
1842 5327 1876 5386 et
1898 5341 1976 5387 con·
2022 5401 2023 5414 χ

325 5419 407 5495 quit,
437 5419 470 5480 et
497 5419 661 5481 calefacit.
685 5420 787 5481 Lucet
816 5436 876 5496 per
902 5419 1121 5496 splendorem,
1178 5440 1276 5501 surge
1289 5424 1329 5486 de
1340 5423 1462 5485 mundo
1477 5423 1518 5483 ad
1534 5423 1701 5484 coelestem
1719 5420 1971 5486 beatitudinem.
2022 5415 2023 5496 ἕ

325 5516 393 5577 urit
402 5532 461 5593 per
475 5517 771 5594 consumptionem,
786 5517 921 5579 roborat
934 5517 1124 5580 ministrari·
1178 5523 1217 5586 Et
1231 5522 1308 5585 nota
1321 5520 1406 5599 quod
1415 5520 1466 5581 bis
1478 5519 1574 5589 dixit,
1588 5533 1768 5596 conswge,
1778 5519 1858 5596 quia
1872 5523 1972 5597 primo
2022 5521 2023 5554 ¹

325 5611 367 5672 do
382 5613 481 5685 vires,
495 5614 820 5690 purgatremovendo
835 5614 961 5687 sordes,
978 5615 1124 5679 desiccat
1178 5619 1378 5696 consurgent
1401 5634 1541 5696 corpora
1567 5617 1747 5680 electorum
1771 5614 1814 5680 de
1840 5618 1971 5695 pulvere
2022 5619 2023 5660 Τ
