4076 6420
42 302 116 368 5749
323 328 326 334 ·
506 302 551 368 IN
573 303 911 396 QUADRAGESIMA,
934 301 1144 382 nontllilcb
1161 305 1306 368 PRIMA.
1668 312 1729 374 750

45 465 236 540 avaritia,
257 461 388 544 quando
407 463 511 528 dixit:
538 465 691 530 sinentes
706 467 829 528 bonam
844 459 878 526 ei
932 462 968 525 in
986 467 1121 542 annp.
1146 467 1241 538 Lac,
1266 480 1295 528 c.
1312 466 1341 538 1,
1359 464 1400 528 ad
1419 463 1538 530 verba:
1555 470 1726 536 onomoao

46 571 220 626 asaiam.
249 564 399 626 Avaritia
423 565 512 626 enim
535 579 602 626 non
621 563 728 624 solum
748 561 878 640 cupidi·
931 563 991 634 liei
1005 564 1097 624 istud
1099 607 1159 624 .....
1179 563 1257 641 quia
1272 564 1423 641 quamvis
1438 565 1597 627 Dominus
1612 567 1726 646 aliquo

45 662 141 722 tatis
164 663 242 734 est,
264 662 322 722 sed
342 661 442 723 etiam
456 662 604 724 scientiae
626 661 658 724 et
677 659 874 732 altitudinis,
930 660 1078 736 tempore
1093 661 1308 724 conversatus
1323 661 1423 723 luerit
1433 662 1520 725 sicut
1531 663 1628 726 bomo
1639 665 1726 727 inter

49 759 154 820 sicut
173 759 266 820 dicit
281 759 399 821 beatus
421 759 655 836 Gregorius:‹
678 761 757 820 Cum
776 773 876 835 supra
930 745 1094 830 homines,
1119 758 1337 820 nihilominus
1362 761 1433 822 erat
1456 759 1492 820 in
1514 761 1609 834 coelo,
1640 763 1726 826 sient

48 854 210 918 modum
229 857 419 920 sublimitas
442 857 632 920 ambitur.»
653 857 688 920 Si
710 857 876 918 enimnon
930 855 1002 932 ipse
1026 855 1111 918 dixit
1130 857 1356 920 Nichodemo:
1383 863 1494 921 Nemo
1515 862 1669 922 ascelini
1687 865 1726 923 in

49 956 98 1016 ad
137 956 332 1017 avaritiam
360 955 498 1017 honoris
530 955 659 1033 rapina·
677 953 873 1033 pertineret,
929 952 1528 1034 0111111111(10111.111,13).1111111111
1543 959 1725 1020 111111111-

48 1069 290 1130 nequaquam
302 1053 418 1116 beatus
429 1053 553 1116 Paulus
566 1053 607 1115 de
622 1053 793 1128 unigenito
806 1051 875 1113 filio
930 1051 1080 1126 gelorum
1100 1052 1330 1128 ignoraverint
1352 1053 1478 1131 aliquid
1501 1055 1542 1117 de
1565 1059 1725 1118 incarna-

48 1150 219 1212 diceret:
240 1153 322 1214 Non
344 1155 508 1226 rapinam
525 1152 718 1213 arbitratus
733 1151 785 1212 est
802 1164 876 1214 esse
929 1148 1103 1218 tianensi,
1116 1149 1182 1228 ipsi
1196 1149 1346 1212 videntes
1359 1153 1482 1212 eumin
1495 1152 1725 1214 habitubomi·

50 1263 95 1310 se
112 1247 523 1328 eequaiernlleoffbilip.
539 1247 631 1328 11,6).
648 1249 688 1311 Et
701 1246 875 1325 notaquod
930 1245 982 1307 nis
1004 1246 1131 1308 intrare
1153 1249 1339 1310 Jerusalem
1363 1248 1541 1323 coelesiem‚
1566 1251 1724 1312 commoti

54 1346 144 1408 dum
162 1347 274 1409 homo
288 1348 339 1410 est
351 1347 385 1408 in
402 1347 536 1409 mortali
551 1347 699 1424 peccato,
721 1345 875 1408 diabolus
930 1342 1008 1404 sunt
1031 1343 1198 1406 dicentes:
1224 1348 1305 1412 onis
1324 1347 1376 1408 esi
1398 1348 1462 1409 iste
1486 1351 1545 1420 qai
1563 1350 1659 1410 aena
1681 1351 1723 1410 de

50 1461 129 1532 non
145 1444 268 1506 tentat
279 1461 367 1518 eum,
382 1445 469 1506 siout
488 1445 518 1506 si
536 1444 624 1507 esset
639 1444 711 1506 siue
726 1444 872 1521 peccato,
928 1444 1039 1526 Edem
1054 1442 1170 1504 tinctis
1183 1444 1334 1505 aestibus
1350 1447 1391 1506 de
1412 1447 1548 1506 Basra?
1568 1446 1723 1518 1111101-

52 1543 143 1620 quia
166 1542 279 1604 habet
299 1558 375 1604 eum
395 1542 557 1605 tentatum
574 1542 606 1604 et
629 1541 779 1617 ligatum,
795 1540 874 1618 quia
927 1551 1045 1600 mosas
1057 1541 1491 1617 insiciasnapraaiensin
1504 1543 1724 1604 multitudine

53 1640 118 1716 qui
136 1639 230 1702 lecit
255 1642 425 1718 peccatum
441 1655 556 1702 servus
576 1640 626 1702 est
637 1639 778 1716 peccati,
796 1639 873 1714 quia
928 1636 1071 1698 oirintis
1085 1652 1159 1698 suae
1174 1635 1231 1716 (Is.
1247 1653 1341 1710 11111,
1359 1635 1404 1717 1).

51 1738 209 1814 peccata
238 1737 353 1800 tenent
373 1753 449 1798 eum
470 1737 610 1814 ligatum
628 1737 661 1799 et
683 1752 751 1798 non
771 1735 872 1808 videt,
933 1772 934 1775 =
966 1736 1078 1798 Edoin
1091 1734 1328 1810 interpretatur
1352 1735 1555 1812 sanguineus
1573 1735 1631 1798 aut
1649 1735 1723 1798 ter-

52 1836 89 1897 et
105 1835 173 1896 vix
193 1833 395 1912 permittant
415 1851 490 1896 eum
511 1835 621 1896 lacere
640 1835 785 1911 aliquam
808 1831 872 1894 bo·
927 1848 1046 1903 renus,
1073 1834 1107 1895 et
1134 1831 1300 1908 significat
1331 1832 1490 1894 mundum
1521 1833 1639 1904 11111111,
1667 1833 1724 1911 qui

53 1949 141 1992 nam
176 1932 432 2009 operationem,
460 1932 547 1994 sicut
576 1933 656 1994 dicit
686 1931 871 1993 Salomon:
927 1933 1015 1994 totus
1027 1931 1230 2007 sanguineus
1240 1931 1290 1992 est
1300 1931 1723 2005 etterrenus.Sanguineus

53 2031 284 2104 rinqniiates
310 2045 384 2092 snae
409 2030 551 2105 capiant
577 2033 724 2105 impiam
751 2030 786 2090 et
813 2031 872 2102 sii-
927 2030 978 2092 est
994 2029 1258 2108 quiasanguine
1268 2029 1353 2105 justi
1364 2026 1445 2090 Abel
1459 2043 1563 2104 nsque
1581 2027 1621 2088 ad
1635 2027 1724 2090 bunc

54 2130 167 2189 nibeis
191 2129 424 2203 peccatoram
455 2142 600 2190 sacram
632 2126 873 2203 constringant
927 2128 1015 2188 diem
1030 2127 1172 2188 mundus
1192 2127 1309 2203 plenus
1331 2127 1382 2188 est
1405 2126 1567 2202 sanguine
1589 2126 1723 2188 sancto-

57 2223 185 2303 (Prov.
202 2241 240 2294 v,
253 2222 319 2305 22).
334 2226 374 2286 Et
386 2225 584 2301 Gregorius:
601 2224 755 2287 «Rosius
767 2223 872 2299 culpae
926 2240 1011 2298 rum,
1029 2225 1114 2286 sicut
1130 2224 1271 2299 legimus
1284 2223 1319 2283 in
1331 2223 1458 2300 psalmo
1482 2244 1490 2282 :
1515 2223 1725 2298 Elindernni

57 2323 150 2398 ligat
166 2323 329 2396 mentem,
344 2339 386 2384 ne
401 2338 539 2399 surgere
551 2321 656 2400 possit
673 2321 716 2382 ad
735 2321 873 2382 rectitu-
926 2324 1131 2398 sangninem
1145 2322 1345 2382 sanctoruni
1359 2320 1447 2382 sicia
1462 2335 1589 2394 agnam
1602 2323 1639 2380 in
1652 2322 1725 2380 cir-

56 2420 195 2482 dinem.
215 2437 235 2482 n
926 2420 1022 2482 onita
1041 2421 1245 2490 Jerusalem,
1259 2420 1294 2480 et
1311 2433 1381 2479 non
1395 2419 1473 2480 erat
1489 2421 1548 2491 qai
1563 2418 1724 2506 sepeliret

104 2517 296 2580 Sciendum
322 2518 373 2579 est
399 2518 486 2594 duod
511 2516 697 2595 baptizatus
722 2517 872 2579 Christus
928 2515 997 2597 (Ps.
1022 2519 1072 2590 78,
1097 2514 1143 2594 3).
1169 2515 1365 2578 Effuderunt
1388 2515 1583 2590 sanguinem
1601 2515 1725 2576 multo-

59 2614 186 2675 statim
210 2613 304 2674 vadit
326 2612 362 2672 in
381 2611 549 2674 desertum
569 2612 691 2674 ducatu
717 2613 870 2690 Spiritus.
927 2631 1001 2676 rum
1034 2615 1240 2686 sanctorum,
1278 2613 1434 2676 videlicet
1468 2613 1720 2691 Prophetarum,

59 2711 131 2772 Sed
155 2727 178 2772 a
202 2726 269 2787 quo
289 2709 419 2786 spiritu,
442 2711 549 2770 Lucas
568 2709 716 2787 apertius
737 2711 874 2787 exponit
926 2711 1169 2790 Apostolorum,
1188 2712 1382 2789 martyrum,
1399 2711 1565 2787 virginum
1580 2711 1613 2773 et
1629 2711 1723 2772 alio-

58 2809 202 2876 dicens,
219 2806 305 2883 quod
314 2809 333 2868 1
337 2821 413 2866 esus
423 2805 541 2882 plenus
555 2807 680 2883 Spiritu
691 2809 811 2869 Sancto
824 2823 874 2870 re·
925 2826 1000 2870 rum
1013 2811 1256 2882 sanctorum,ei
1271 2809 1466 2885 sanguinem
1480 2809 1570 2869 illius
1585 2808 1724 2885 pretiosi

57 2919 213 2982 gressus
228 2903 279 2966 est
293 2920 312 2965 a
328 2903 473 2966 iordane
488 2903 521 2966 et
540 2903 658 2965 deinde
677 2904 808 2967 subdit:
834 2908 874 2968 Et
926 2909 1013 2982 Agni
1039 2908 1255 2980 immaculati,
1284 2909 1341 2984 qui
1373 2907 1490 2968 effudit
1524 2907 1724 2981 sanguinem

60 3001 240 3080 agebatur
253 3002 289 3064 iu
304 3001 434 3064 deserto
455 3016 475 3062 a
494 3002 619 3078 Spiritu
640 3002 704 3066 hoc
717 3003 869 3076 oonsilio,
928 3021 1023 3066 suum
1036 3021 1095 3083 pro
1110 3005 1336 3081 redemptione
1350 3004 1474 3066 nostra.
1490 3003 1723 3078 1111011111εηὶ-

63 3103 102 3164 ut
117 3099 296 3164 diabolum
317 3100 524 3175 provocaret.
541 3101 571 3161 N
574 3115 616 3161 on
631 3101 683 3162 est
696 3101 785 3164 enim
806 3118 871 3180 pu·-
926 3102 1004 3164 fioat
1026 3102 1184 3164 mundum
1199 3102 1299 3164 istum
1318 3102 1501 3173 terrenum,
1518 3100 1596 3178 quia
1611 3101 1724 3162 omnia

61 3198 225 3270 tandum,
240 3197 326 3274 quod
339 3196 531 3260 violentiam
546 3198 713 3260 intulisset
727 3199 873 3262 immun·
926 3201 1099 3264 nascentia
1122 3201 1335 3263 revertuntur
1358 3199 1395 3260 in
1410 3200 1545 3270 terram,
1570 3199 1604 3260 et
1625 3198 1721 3275 quasi

66 3297 130 3356 dus
158 3294 301 3372 spiritus
333 3295 383 3355 illi
412 3296 468 3373 qui
497 3296 624 3373 Spiritu
651 3296 771 3356 Sancto
800 3297 872 3360 erat
926 3297 968 3358 ad
980 3297 1122 3376 nibilum
1137 3296 1344 3371 rediguntur,
1356 3295 1442 3356 siout
1455 3295 1535 3356 dicit
1548 3294 1722 3356 Salomon:

65 3393 204 3470 plenus.
231 3391 324 3464 Unde
343 3393 468 3464 sciatis,
492 3393 578 3470 quod
602 3392 740 3470 quilibet
758 3393 870 3452 cbris—
932 3395 1005 3455 Vidi
1032 3394 1155 3454 carecta
1179 3407 1255 3466 ana
1279 3392 1368 3464 liant
1394 3393 1456 3452 snb
1483 3398 1563 3463 soie,
1585 3393 1619 3453 et
1647 3407 1723 3452 ecce

65 3489 598 3567 tianusstatlmpostbaptismum
608 3488 873 3550 mundumdebet
926 3492 1092 3550 ninivense
1122 3489 1261 3548 eaiiiias
1284 3487 1319 3547 et
1341 3488 1483 3560 afflictio
1514 3487 1662 3560 spiritus
1689 3487 1724 3548 ei

66 3590 275 3665 postponere
289 3589 322 3649 et
336 3590 408 3664 ejus
436 3587 636 3648 desiderium
662 3586 870 3648 conculcare.
927 3587 998 3645 cidi
1018 3587 1192 3646 nerninem
1212 3583 1477 3659 pennanenten
1490 3585 1551 3668 sab
1567 3587 1635 3644 soie
1651 3579 1730 3660 (lic-

68 3688 110 3749 Et
122 3687 206 3765 quia
220 3685 370 3747 diabolus
380 3684 497 3746 videns
508 3700 544 3745 se
552 3683 746 3745 derelictum
761 3683 872 3745 statim
927 3682 1006 3744 eles.
1025 3700 1050 3753 1,
1065 3680 1129 3761 14).

68 3784 270 3860 aggreditur
298 3781 339 3844 ad
360 3783 554 3845 tentandum
573 3781 753 3842 seeundum
779 3781 872 3842 illam
965 3785 1078 3842 Basra
1098 3779 1336 3856 interpretatur
1358 3777 1487 3839 munita
1511 3778 1545 3838 et
1562 3777 1668 3850 firma,
1689 3779 1725 3841 et

70 3880 471 3944 sententiamsalomonls
484 3880 521 3940 in
536 3895 600 3956 qna
615 3878 677 3941 alt:
691 3882 769 3952 Fili,
782 3894 874 3942 acce·
927 3877 1093 3955 significat
1114 3875 1293 3949 infernum,
1314 3875 1371 3936 ubi
1395 3875 1535 3936 firmiter
1549 3876 1645 3952 quasi
1660 3875 1721 3937 snb

69 3984 158 4050 deris
177 3983 223 4041 ad
240 3978 446 4041 servitutem
464 3981 540 4050 Dei,
564 3978 620 4039 sta
638 3981 676 4039 in
695 3978 820 4039 tiraore
839 3979 874 4039 et
927 3977 1039 4038 multis
1055 3973 1245 4036 custodibus
1260 3974 1381 4035 animae
1397 3972 1606 4036 tenebantur.
1623 3974 1728 4038 Venit

69 4093 243 4152 prcepara
266 4081 421 4138 animam
451 4077 549 4138 taam
577 4078 622 4136 ad
647 4075 873 4136 tentationem
928 4090 1006 4151 ergo
1030 4072 1179 4134 Christus
1201 4072 1242 4135 de
1264 4075 1385 4144 naon,
1411 4071 1511 4145 idest,
1535 4072 1575 4132 de
1598 4071 1722 4133 mundo

72 4172 873 4254 (Eccles.11,1).Scilicetqnibusmodisprimum
927 4174 990 4235 isto
1015 4171 1198 4248 sanguineo
1213 4171 1246 4232 et
1259 4171 1403 4244 terrene,
1426 4171 1539 4232 tinctis
1560 4171 1720 4243 vestibus

72 4273 247 4334 hominem
269 4270 397 4342 stravit,
422 4270 547 4331 eisdem
566 4270 672 4332 modis
692 4271 876 4332 secundum·
926 4270 1022 4342 idest,
1038 4269 1186 4347 corporis
1203 4268 1372 4342 membris,
1387 4267 1483 4346 quasi
1497 4268 1622 4332 diceret
1635 4284 1730 4332 san-

72 4370 246 4432 hominem
278 4368 412 4430 tentans
445 4367 630 4430 succubuit.
667 4371 732 4430 Per
759 4369 873 4446 gulam
926 4370 1132 4446 painoientis
1143 4369 1319 4428 membris.
1328 4366 1611 4439 VenitdeBosra,
1623 4365 1728 4440 idest,

75 4469 200 4546 qnippe
213 4466 365 4541 tentavit,
380 4483 455 4528 oum
468 4466 569 4528 dixit:
583 4469 622 4530 Si
630 4471 740 4530 Filias
748 4471 813 4529 Dei
823 4484 870 4541 es,
927 4467 967 4528 de
987 4465 1116 4529 inferno
1141 4465 1293 4543 spoliato,
1311 4463 1443 4541 quando
1465 4463 1580 4525 eduxit
1593 4463 1722 4526 vinctos

75 4571 129 4628 dic
142 4567 183 4627 at
194 4569 324 4641 lapides
335 4566 508 4640 isiipanes
519 4566 605 4637 siant
619 4563 749 4645 (mann.
763 4581 813 4638 111,
825 4563 871 4645 3).
928 4565 968 4626 de
989 4565 1065 4626 lacu
1087 4562 1144 4624 ubi
1164 4579 1231 4624 non
1252 4563 1325 4623 erat
1339 4576 1436 4638 aqua,
1452 4560 1538 4622 sicut
1550 4560 1673 4638 legitur
1687 4562 1724 4624 in

77 4666 143 4725 Per
170 4664 383 4725 sublimitatis
411 4663 587 4725 avaritiam
612 4663 767 4736 tentavit,
798 4679 872 4724 cum
928 4661 1088 4724 Zacharia
1120 4682 1128 4721 :
1162 4665 1205 4722 In
1228 4663 1398 4741 saiipiiine
1433 4659 1632 4722 testamenii
1671 4659 1725 4720 iat

77 4763 190 4823 omnia
216 4778 319 4838 regna
346 4761 461 4822 mundi
489 4759 634 4822 ostendit
661 4761 704 4833 ei,
734 4759 871 4822 dicens:
927 4761 1079 4822 adelaisti
1094 4759 1225 4820 eiizcios
1239 4762 1280 4820 de
1294 4763 1370 4820 laon
1383 4759 1524 4818 abinea
1543 4756 1724 4830 eraiaqaa

78 4864 163 4921 Hae
177 4862 293 4922 onznia
311 4861 371 4922 tibi
389 4862 484 4931 dabo,
500 4861 532 4920 si
545 4861 731 4933 procidens
747 4862 874 4920 adora
929 4857 1104 4939 (11111111,
1123 4854 1188 4936 11).

79 4963 173 5020 aeris
196 4973 251 5020 :ne
276 4955 372 5037 (lbid.
394 4973 445 5030 111,
467 4955 513 5036 9).
541 4959 580 5018 Si
601 4959 711 5018 Filias
738 4959 802 5018 Dei
823 4973 871 5030 es,
966 4958 1037 5020 Iste
1055 4958 1228 5030 sorniosns
1249 4955 1287 5014 in
1306 4952 1394 5014 stobi
1413 4966 1489 5014 saa.
1512 4949 1732 5014 1161111101ι

81 5071 210 5133 semper
223 5055 374 5116 diabolus
389 5055 508 5132 repetit
523 5053 737 5127 hocverbum‚
746 5055 823 5132 quia
838 5055 873 5116 ln
928 5054 1080 5116 mositate
1095 5051 1176 5113 dicii
1189 5051 1313 5111 David:
1330 5052 1511 5125 Speciosa:
1522 5051 1639 5124 fornia
1647 5064 1726 5124 prce

81 5152 143 5216 boc
160 5171 219 5215 sua
235 5155 307 5214 erat
323 5152 476 5224 intentio,
492 5155 529 5215 ut
543 5152 745 5228 intelligeret
759 5155 874 5213 lncar-
927 5156 1007 5227 filiis
1030 5153 1207 5214 hominesne
1231 5145 1300 5228 (Ps.
1321 5151 1370 5221 44,
1387 5146 1433 5228 3).
1449 5151 1492 5208 In
1512 5147 1609 5216 stela,
1627 5145 1724 5219 idest,
1791 5181 1793 5184 -

81 5251 223 5314 nationis
245 5250 450 5328 mysterium.
467 5251 542 5310 Non
559 5250 687 5312 tantum
702 5251 870 5312 daemones
928 5252 963 5312 in
973 5250 1089 5312 babitu
1103 5246 1336 5322 humanitatis3
1350 5249 1514 5322 prodiens
1524 5247 1561 5304 in
1572 5245 1731 5306 multita-

83 5365 147 5411 non
174 5350 352 5427 potuerunt
385 5347 572 5423 intelligere
606 5349 872 5411 lucarnationem
927 5353 1006 5411 dine
1027 5347 1169 5409 eiriaiis
1192 5361 1275 5418 sace,
1301 5344 1397 5416 idest,
1424 5343 1458 5403 in
1482 5341 1631 5419 potentia
1654 5357 1724 5404 sura

84 5447 158 5508 Filii
181 5449 251 5520 Dei,
276 5447 333 5509 sed
360 5447 393 5509 et
419 5461 540 5520 magna
566 5462 644 5522 pars
671 5447 873 5523 Angelorum
928 5446 1123 5509 divinitatis.
1138 5440 1478 5520 Angelistacentibus
1494 5440 1565 5516 ipse
1585 5455 1731 5516 respon-

85 5546 221 5606 nescivit
235 5545 322 5623 quod
336 5545 442 5606 Filius
460 5545 520 5604 Dei
537 5542 643 5605 sactus
657 5544 757 5606 inerit
775 5544 873 5606 homo
928 5545 995 5606 dit:
1009 5548 1082 5620 Epo
1096 5559 1175 5604 sicin
1189 5545 1247 5616 pai
1261 5539 1565 5616 loqiiorjasiitiani
1577 5541 1729 5601 reddens

86 5643 325 5718 pronominum
346 5641 582 5720 redemptione.
593 5641 821 5713 Ambros.,lib.
845 5645 874 5704 11
928 5644 1112 5716 :irricninae
1130 5625 1318 5702 seozindiar'i
1341 5651 1448 5714 opera
1465 5653 1548 5713 stra:
1566 5651 1628 5714 epo
1646 5652 1725 5700 sam
