4078 6442
311 267 371 329 547
1920 271 1981 332 548

935 267 1113 331 HONORII
1136 269 1180 330 111
1202 268 1339 330 OPERA

311 429 345 494 et
366 429 487 494 vestrae
509 431 640 493 centum
662 429 765 492 libras
786 430 861 492 ariri
881 427 1059 508 persolvat,
1076 431 1110 492 et
1163 429 1401 492 Monasterium
1425 429 1539 491 Sancti
1561 430 1724 493 iohannis
1747 431 1980 509 Rivopollen-

311 529 398 608 quod
426 528 604 600 invaserit,
630 528 723 590 vobis
747 528 800 590 vel
823 529 898 590 voci
920 530 1042 591 restrae
1072 528 1107 590 in
1163 526 1220 600 sis,
1235 529 1256 589 3
1270 526 1498 590 marabutinos
1510 528 1596 590 auri.

310 627 531 705 quadruplum
543 625 670 688 reddat.
682 625 722 688 st
733 626 797 689 hoc
807 627 967 704 scriptum
978 643 1108 705 semper
1202 624 1439 686 Monasterium
1456 626 1569 688 Sancti
1584 627 1756 690 Benedicti
1776 627 1820 690 de
1835 629 1975 704 Bragis,

309 727 443 788 maneat
455 725 596 786 firmum.

348 824 451 886 Facta
476 823 598 884 Charta
625 823 661 885 in
692 825 841 898 zamora,
866 827 886 885 7
911 824 987 887 idus
1012 825 1104 898 Julii,

308 923 481 991 acra1210,
502 922 664 998 regnante
681 937 760 998 rege
778 921 912 985 domino
932 923 1106 986 Eernando

309 1021 465 1096 legione,
478 1019 730 1093 Extremadura,
741 1021 901 1095 Gallecia,
916 1024 950 1084 et
957 1024 1105 1094 Asturia,

309 1134 464 1190 acauno,
490 1135 554 1196 quo
577 1118 820 1182 famosissimus
835 1122 934 1199 atque
948 1122 1024 1198 pins
1041 1121 1105 1182 do-

307 1218 417 1279 minus
447 1217 628 1279 cardinalis
660 1219 877 1295 HiacynthuS,
907 1219 1105 1298 Apostolicae

308 1317 405 1378 Sedis
418 1315 558 1393 legatus,
575 1317 714 1380 venitin
726 1317 900 1395 Hispania.

346 1417 414 1490 Ego
429 1414 636 1488 Pernandns
652 1416 713 1476 Dei
732 1416 851 1492 gratia,
869 1415 1105 1495 Hispaniarum

307 1525 379 1580 rex,
395 1511 459 1574 hoc
480 1512 650 1587 scriptum,
665 1513 751 1590 quod
765 1513 840 1574 lieri
854 1515 953 1591 jussi,
971 1516 1104 1593 proprio

307 1609 644 1671 roborecontlrmavi.

346 1708 415 1783 Ego
439 1707 569 1778 Petrus,
595 1707 655 1768 Dei
683 1708 803 1784 gratia,
831 1710 1104 1786 compostellanae

305 1803 457 1866 ecclesiae
473 1803 755 1882 archiepiscopus,
770 1806 974 1869 confirmavi.

344 1901 752 1981 Johannes,Legicnensis
778 1904 964 1983 episcopus,
979 1905 1104 1968 conflr-

303 2001 404 2064 mavi.

344 2099 510 2162 Gonzalus
547 2101 721 2164 ovetensis
754 2100 948 2180 episcopus,
977 2103 1103 2166 conflr-

302 2199 403 2260 mari.

343 2297 537 2359 Femandus
565 2297 791 2360 asturicensis
814 2298 1001 2378 episcopus,
1021 2316 1104 2362 con-

304 2393 445 2457 firmavi.

342 2493 530 2571 Stephanus
552 2495 761 2556 zamorensis
773 2493 963 2574 episcopus,
977 2495 1103 2559 conflr-

302 2591 402 2653 mavi.

341 2689 460 2750 raum
490 2688 739 2752 salmaticensis
760 2687 950 2768 episcopus,
978 2689 1102 2754 condr-

302 2787 403 2848 mari.

340 2884 446 2946 Adam
485 2883 679 2948 Arociensis
730 2883 929 2963 episcopus,
976 2887 1102 2950 contir-

303 2981 403 3044 mavi.

341 3079 511 3142 Johannes
546 3079 724 3140 Luccensis
760 3079 948 3158 episcopus,
972 3081 1099 3145 conflr-

302 3177 403 3239 mavi.

341 3275 459 3337 Petrus
499 3273 711 3336 Scoaniensis
747 3274 939 3355 episcopus,
971 3277 1097 3342 conflr-

305 3371 406 3435 mavi.

337 3471 507 3536 Johannes
521 3471 762 3536 Mindonlensis
776 3473 1099 3555 episcopusconilr-

298 3569 398 3632 mari.

336 3669 507 3732 Johannes
515 3669 678 3732 'indensis
690 3671 876 3751 episcopus,
889 3675 1095 3738 confirmavi.

336 3767 529 3830 Dominicns
559 3766 794 3832 Gababriensis
817 3772 1005 3851 episcopus,
1022 3789 1097 3836 con-

297 3863 439 3927 firmavi.

337 3964 454 4024 Comes
487 3964 706 4041 Urgellensis,
739 3965 964 4044 majordomus
991 3969 1093 4046 regis,

297 4059 503 4122 confirmavi.

337 4156 532 4218 Pernandus
547 4157 684 4220 liodrici
706 4158 859 4222 dominus
883 4161 918 4224 in
937 4162 1092 4240 Asturiia,

296 4252 501 4316 confirmavi.

335 4351 451 4412 Comes
483 4354 602 4414 (lomes
637 4353 672 4414 in
700 4355 934 4432 Transtamar,
965 4361 1092 4423 contir-

294 4447 394 4511 mavi.

333 4546 449 4607 Comes
462 4547 591 4621 Petrus,
606 4549 814 4614 confirmavi.

332 4645 620 4720 comestionem,
641 4649 849 4713 confirmavi.

330 4743 473 4806 Alvarus
486 4745 632 4820 Rodrici,
647 4747 853 4812 confirmari.

331 4841 451 4904 Petrus
463 4842 608 4918 liodrici,
622 4845 828 4908 confirmavi.
966 4916 978 4927 ,Ι

331 4939 485 5004 Gotterns
498 4940 644 5016 Raurici,
657 4943 862 5006 confirmavi.

1161 722 1365 784 3hisantios.

1201 819 1439 884 Monasterium
1455 822 1585 886 Sanctae
1607 824 1723 887 Mariae
1740 825 1974 903 Rivopollen-

1161 917 1220 990 sis,
1233 920 1254 980 3
1267 918 1493 982 marabutinos
1506 921 1592 982 auri.

1202 1018 1239 1077 ln
1269 1017 1462 1095 episcopatu
1493 1019 1655 1080 ilerdensi
1686 1041 1693 1080 :
1720 1020 1972 1082 Monasterium

1162 1115 1274 1176 Sancti
1287 1115 1483 1186 victoriani,
1497 1115 1668 1180 dimidiam
1682 1119 1815 1180 unciam
1835 1121 1931 1180 auri.

1201 1214 1238 1274 ln
1271 1214 1464 1291 episcopatu
1501 1216 1638 1276 Oscensi
1678 1233 1686 1276 :
1720 1218 1971 1278 Monasterium

1162 1311 1275 1373 Sancti
1300 1311 1464 1374 iohannis
1488 1311 1529 1374 (16
1554 1313 1672 1387 Pinna,
1699 1331 1801 1376 nnam
1829 1316 1970 1376 unciam

1160 1408 1524 1472 anrimalaclninorum.

1199 1507 1438 1570 Monasterium
1472 1509 1584 1572 Sancti
1613 1511 1704 1572 Petri
1736 1510 1778 1572 de
1809 1512 1967 1579 Lasesio

1159 1607 1177 1665 4
1191 1604 1431 1668 marabutinos.

1199 1703 1366 1765 canonica
1389 1705 1512 1766 Montis
1534 1707 1745 1782 aragonum,
1770 1721 1879 1768 unam
1906 1726 1970 1769 nn-

1159 1801 1245 1864 ciam
1260 1801 1346 1865 auri.

1198 1899 1346 1964 Ecclesia
1366 1900 1440 1980 ipsa
1455 1901 1621 1972 Oscensis,
1638 1901 1810 1967 dimidiam
1826 1905 1967 1966 unciam

1158 2011 1244 2058 auri.

1198 2095 1236 2158 ln
1276 2096 1470 2174 episcopatu
1506 2097 1721 2160 Tirasonensi
1760 2119 1768 2160 ε
1809 2100 1966 2162 Ecclesia

1159 2190 1289 2256 Sanctae
1327 2195 1461 2267 Mariae,
1494 2193 1558 2257 sita
1596 2196 1632 2257 in
1671 2197 1780 2258 castro
1813 2198 1966 2270 Tutelae,

1156 2293 1177 2352 2
1200 2291 1324 2354 solidos
1348 2291 1439 2354 illius
1465 2294 1621 2367 monetae,
1641 2293 1799 2358 videlicet
1822 2300 1964 2358 sancet-

1157 2389 1278 2452 torum.

1197 2489 1233 2549 In
1248 2486 1441 2565 episcopatu
1456 2489 1704 2566 calaguritano.

1196 2586 1233 2646 ln
1261 2585 1454 2672 episcopatu
1483 2587 1670 2664 Urgellensi
1690 2610 1698 2650 ε
1716 2589 1963 2652 Monasterium

1157 2683 1269 2744 Sancti
1294 2685 1478 2759 Saturnini,
1495 2701 1554 2763 per
1576 2686 1721 2764 spatium
1744 2689 1820 2750 octo
1848 2705 1963 2750 anno-

1154 2797 1240 2854 rum,
1257 2781 1376 2844 libram
1389 2797 1490 2845 unam
1504 2785 1647 2860 argenti.

1194 2880 1344 2942 Ecclesia
1356 2881 1568 2957 Aggerensis,
1581 2885 1602 2943 3
1614 2880 1859 2946 marabutinos

1194 2976 1343 3040 Ecclesia
1359 2979 1472 3042 Sancti
1494 2979 1584 3042 Petri
1600 2979 1642 3041 de
1661 2980 1807 3052 Devotis,
1824 2981 1963 3044 tertiam

1153 3075 1281 3152 partem
1296 3075 1423 3138 tructus
1438 3076 1565 3152 allodii,
1579 3077 1614 3138 in
1627 3093 1692 3156 quo
1705 3079 1770 3140 sita
1783 3081 1848 3142 est.

1192 3171 1342 3236 Ecclesia
1355 3173 1484 3238 Sanctae
1495 3175 1611 3238 Mariae
1623 3177 1845 3252 Urgellensis,
1858 3195 1965 3240 unam

1154 3271 1287 3332 unciam
1300 3271 1386 3334 auri.
1403 3275 1482 3345 Quae
1494 3272 1546 3336 est
1557 3273 1771 3336 cathedralis.
2017 3275 2018 3278 ’

1192 3368 1341 3432 Ecclesia
1374 3371 1549 3445 carensis,
1583 3387 1684 3435 unam
1722 3373 1861 3435 unciam
1895 3391 1961 3436 ar-

1152 3465 1254 3542 genti.

1192 3565 1308 3628 Comes
1328 3566 1627 3630 Barcinonensium
1649 3567 1691 3630 de
1711 3569 1803 3630 omni
1827 3569 1964 3632 honore

1152 3677 1223 3732 suo,
1242 3664 1276 3725 61
1293 3663 1485 3741 specialiter
1503 3664 1544 3726 da
1562 3665 1643 3727 urbe
1662 3668 1879 3740 Tarraconis
1897 3686 1962 3746 per

1151 3760 1414 3838 quinquennium
1449 3761 1546 3826 debet
1573 3765 1763 3840 persolvere
1794 3765 1961 3828 Ecclesia

1152 3859 1309 3922 Romanae
1323 3859 1481 3921 25111166
1501 3861 1630 3937 argenti
1646 3862 1831 3938 purissimi.

1191 3957 1406 4034 Raymundus
1420 3957 1602 4020 Guillielmi
1613 3958 1732 4021 obtulit
1745 3959 1846 4022 beato
1858 3964 1962 4024 Petro

1150 4053 1215 4116 duo
1228 4055 1349 4116 castra.
1362 4057 1471 4118 Unum
1487 4055 1609 4119 dicitur
1619 4056 1801 4132 Lobarioli,
1819 4059 1854 4122 et
1867 4061 1959 4122 alte-

1149 4167 1224 4214 rum
1247 4152 1446 4230 Talteroll03
1472 4153 1533 4214 suh
1554 4154 1716 4231 pensione
1735 4159 1754 4218 4
1776 4157 1958 4218 unciarum

1149 4250 1958 4330 aurimalachinorum.Eaconditione,utposteri

1148 4347 1297 4424 ejusdem
1309 4349 1493 4412 Guillielmi
1508 4351 1675 4428 accipiant
1689 4349 1829 4428 praelata
1843 4357 1959 4416 castra

1147 4443 1188 4506 de
1202 4461 1303 4506 manu
1317 4447 1458 4508 Romani
1473 4447 1657 4510 Pontificis.

1187 4543 1425 4606 Monasterium
1460 4543 1574 4608 Sancti
1602 4545 1694 4610 Petri
1723 4545 1764 4608 (16
1790 4549 1957 4623 Portella,

1146 4656 1247 4702 unam
1260 4641 1393 4704 unciam
1406 4643 1547 4718 argenti.

1186 4740 1261 4802 Rex
1271 4741 1473 4816 Aragcnum,
1485 4741 1545 4803 250
1557 4739 1671 4804 obolos
1682 4742 1758 4804 auri
1773 4757 1835 4821 pro
1846 4760 1957 4821 regno

1146 4851 1217 4898 suo.

1185 4936 1222 4996 ln
1235 4935 1428 5014 episcopatu
1438 4937 1738 5013 caesaraugustano
1752 4961 1761 5001 a
1778 4941 1957 5006 Monaste—

329 5037 483 5100 Gotterus
511 5039 637 5102 coitari
665 5041 806 5116 signifer
823 5042 928 5119 regis,
959 5044 1087 5106 conflr-
1143 5032 1231 5094 rium
1247 5035 1377 5096 Sanctae
1394 5035 1583 5098 catharinae
1603 5037 1955 5115 caesaraugustanen-

289 5134 390 5198 mavi.

1143 5129 1200 5203 sis,
1225 5131 1352 5194 ordinis
1378 5133 1491 5194 Sancti
1515 5131 1681 5204 Damiani,
1704 5151 1809 5198 unam
1828 5137 1955 5202 libram

326 5236 394 5310 Ego
414 5234 570 5312 Pelagius
588 5236 726 5310 (1611611,
743 5237 892 5300 notarius
911 5239 1012 5314 regis,
1027 5256 1088 5318 pro
1142 5243 1229 5290 001*ae
1243 5229 1427 5292 annuatim·

285 5332 521 5396 archidiacono
539 5334 660 5397 domno
675 5334 811 5411 Pelagio
824 5335 987 5400 existente
1004 5354 1087 5400 can-

285 5429 433 5503 cellario,
452 5431 572 5510 scripsi
586 5433 619 5494 et
633 5431 839 5495 confirmavi.

1181 5328 1219 5388 In
1233 5327 1425 5404 episcopatu
1437 5327 1640 5392 Tortosensi.

1180 5425 1218 5486 In
1239 5423 1433 5500 episcopatu
1457 5425 1712 5503 Pampelonensi
1738 5448 1745 5488 ε
1770 5429 1952 5508 Hospitale

1142 5520 1272 5584 Sanctae
1296 5521 1411 5584 Mariae
1436 5523 1529 5584 Casas
1555 5523 1615 5584 Dei
1647 5525 1802 5588 Roscidae
1828 5531 1949 5600 Vallis,

324 5609 361 5667 In
383 5608 575 5687 episcopatu
596 5611 794 5684 ausonensi,
819 5611 890 5674 siva
913 5613 1048 5678 vicensi
1074 5637 1082 5678 ε
1140 5636 1242 5682 unum
1258 5617 1698 5684 marabutinumannuatim.
