4084 6428
64 285 132 348 957
516 283 562 344 ΙΝ
584 265 716 344 Fxsxo'
736 283 1040 346 PENTECOSTES.
1065 283 1205 346 SERMO
1228 285 1284 346 ΙΙΙ.
1670 291 1731 353 958

113 449 153 507 13
176 439 314 506 exordio
330 435 444 505 Sancti
465 444 647 522 Evangelii,
663 442 873 522 quodmodo,
932 443 1130 506 tetamento
1142 443 1202 506 133
1222 441 1332 523 (Dent.
1356 459 1401 519 vr,
1417 443 1463 525 5).
1482 447 1531 508 Ex
1550 446 1730 512 totocorde

70 543 209 616 iratres,
241 541 400 614 33113113,
432 542 501 603 1333
533 543 674 604 virtutes
706 542 873 614 notantur,
930 541 999 613 tuo,
1020 540 1116 613 idest,
1142 541 1312 604 intellectu
1340 543 1413 604 sine
1436 546 1614 618 errorent
1640 547 1725 608 nihil

71 641 149 701 sine
167 640 285 718 quibus
306 655 367 700 noc
387 638 522 700 exhibet
540 629 638 700 homo
658 641 727 700 Deo
741 638 875 716 placens
931 638 1047 700 credas
1063 639 1183 699 131333
1202 639 1344 715 deDe03
1370 657 1412 700 ex
1435 641 1503 704 tota
1527 643 1721 718 33133133,

71 738 284 816 obsequium,
303 753 366 797 nec
380 753 399 796 a
413 738 480 798 Deo
498 737 571 813 quis
586 736 727 813 percipit
742 737 875 798 aeternae
931 736 1026 808 idest,
1052 751 1095 796 ex
1114 737 1184 798 tota
1205 735 1284 808 3113,
1320 738 1448 800 scilicet
1473 739 1546 801 3133
1577 739 1721 814 li'ctione,

65 837 193 913 gloriae
218 833 421 895 donativum.
446 832 559 894 Virtus
585 833 692 910 prima
719 834 770 894 est
795 833 875 893 cha·
931 833 966 894 ut
981 848 1111 909 semper
1141 833 1260 910 diligas
1287 837 1407 908 Deum,
1433 838 1466 898 et
1497 838 1623 899 331133
1654 855 1725 901 rem

66 936 172 1007 ritas,
195 931 341 994 secunda
370 930 569 1002 ohedientia,
595 930 693 992 tertia
720 945 877 1006 perseve-
930 932 1036 992 emori
1058 934 1129 1008 3133
1153 947 1347 1009 praeponas3
1371 949 1414 994 ex
1434 935 1503 996 tota
1525 937 1725 1009 mentetua,

66 1033 199 1094 333113.
237 1029 389 1092 Secunda
423 1027 464 1090 de
497 1029 606 1104 prima
638 1027 798 1101 33331133
833 1041 876 1088 ex
930 1028 1016 1091 idest
1037 1030 1209 1101 memoria,
1233 1029 1371 1103 33111331,
1396 1032 1468 1091 3133
1495 1031 1673 1106 oblivione,
1692 1035 1727 1097 31

69 1127 219 1207 utraque
230 1122 330 1189 133113
351 1125 540 1201 generatur.
556 1126 593 1186 In
609 1122 753 1186 secunda
769 1124 875 1200 prima
930 1120 1116 1203 numquam
1145 1125 1353 1189 obliviscaris
1390 1131 1509 1201 Deum,
1547 1129 1604 1190 sed
1640 1147 1729 1192 sem-

66 1225 302 1304 cognosoitur,
319 1225 352 1286 et
372 1223 488 1284 331313
517 1223 645 1302 species
664 1222 702 1284 in
725 1221 794 1282 1113
813 1235 876 1283 no-
930 1239 990 1300 per
1002 1223 1118 1284 credas
1133 1223 1193 1284 tibi
1208 1239 1283 1284 eum
1297 1241 1370 1287 esse
1382 1228 1589 1302 praesentem,
1607 1244 1730 1290 secun-

66 1326 178 1387 tatur.
894 1345 897 1378 e
930 1320 1007 1382 dum
1020 1319 1103 1383 illud
1119 1322 1304 1383 Psalmistae
1319 1343 1327 1382 :
1344 1323 1594 1385 «Providebam
1610 1327 1726 1386 Domi-

118 1420 343 1494 Quaerendum
368 1418 464 1480 nohis
490 1418 555 1490 331,
585 1432 688 1494 quare
716 1417 875 1478 Dominus
929 1419 1045 1479 uumin
1058 1420 1236 1495 conspectu
1248 1435 1322 1481 meo
1335 1435 1507 1498 semper.»
1549 1436 1550 1462 ¹

63 1519 202 1580 dixerit
225 1517 265 1578 de
287 1516 464 1578 dilectione
485 1536 495 1576 ε
514 1518 555 1577 St
576 1518 654 1590 3313
676 1515 786 1590 diligit
806 1529 872 1586 mc,
970 1515 1162 1590 Diligendus
1178 1516 1228 1578 est
1249 1517 1348 1578 etiam
1370 1520 1457 1578 Deus
1480 1518 1590 1591 corde,
1607 1535 1675 1593 ore,
1692 1522 1725 1583 31

71 1633 152 1678 333
167 1615 271 1677 33113
285 1614 351 1676 3131
365 1613 432 1674 3113
447 1615 520 1690 3133
541 1611 717 1689 praecepta.
740 1611 876 1689 Triplex
930 1627 1044 1689 opere;
1060 1616 1173 1686 corde,
1198 1625 1257 1690 per
1278 1613 1486 1676 devotionem
1501 1618 1727 1693 superomnia

71 1729 182 1776 causa
211 1711 356 1774 occurrit
389 1710 472 1771 milri
502 1732 510 1772 t
540 1709 653 1770 Prima
683 1723 784 1769 33333
813 1709 873 1782 331,
929 1709 1723 1790 1113331333,3333331333133333333333-

63 1813 157 1888 quia
172 1812 236 1872 hoc
250 1808 451 1887 praeceptum
468 1809 524 1870 331
541 1806 673 1883 dignius
686 1805 827 1877 caeteris,
843 1806 876 1867 et
930 1807 987 1868 nia
1005 1806 1240 1883 collaudando,
1263 1823 1378 1884 opere,
1399 1825 1459 1886 per
1478 1812 1727 1875 accurationem

71 1907 237 1986 quidquid
259 1906 337 1968 boni
359 1905 395 1968 iit
416 1904 488 1966 sine
522 1904 699 1965 dilectione
728 1903 800 1976 Dei,
828 1902 874 1964 nil
931 1904 1152 1981 superomnia
1166 1904 1369 1968 famulando.
1390 1907 1486 1983 Ergo,
1512 1908 1569 1984 qui
1583 1911 1726 1984 31131113

71 2005 224 2083 prodest.
245 2005 276 2064 N
280 2003 382 2064 ullum
401 2001 577 2064 3313311
598 2017 672 2062 333
698 1999 875 2062 dilectione
930 2005 1051 2074 Deum,
1072 2002 1125 2063 331
1145 2004 1285 2076 timetis,
1311 2003 1397 2064 sicnt
1415 2001 1495 2065 dicit
1512 2004 1727 2067 Ecclesiasti-

67 2104 148 2164 Dei.
173 2101 312 2164 Dilectio
327 2100 387 2162 Dei
406 2101 505 2161 etiam
530 2101 580 2160 331
601 2100 707 2161 33133
729 2099 875 2160 333133
930 2114 1000 2171 333,
1012 2100 1140 2160 credite
1156 2103 1215 2171 1111,
1229 2100 1264 2160 31
1277 2114 1346 2162 333
1360 2101 1583 2161 evacuabitur
1595 2117 1730 2164 coerces

71 2199 250 2270 virtutum,
270 2199 318 2260 ita
347 2199 382 2259 ut
406 2197 499 2258 nulla
522 2197 629 2258 virtus
655 2196 727 2257 sine
749 2197 809 2258 illa
833 2195 877 2256 sit
930 2197 1049 2256 oestro
1069 2193 1121 2274 (3,
1144 2193 1189 2274 8).
1206 2198 1246 2258 ut
1265 2194 1408 2258 idemzo
1430 2197 1491 2268 Qui
1504 2196 1654 2274 diligitis,
1674 2200 1728 2260 331

71 2299 197 2360 313133.
208 2296 301 2359 Unde
311 2296 488 2373 Apostolus
498 2317 505 2355 ε
515 2297 876 2370 811133313133313333
930 2309 949 2353 3
972 2292 1095 2354 1133113
1108 2295 1211 2354 Deum
1224 2292 1354 2370 sperate
1364 2293 1399 2354 in
1412 2293 1516 2367 11133,
1534 2295 1609 2356 3113
1624 2294 1731 2358 ohlee

72 2389 877 2472 1333333133331333311(133.333,1).83-
931 2390 1096 2452 31311333
1124 2391 1236 2452 333131
1260 2389 1354 2452 33113
1390 2391 1635 2469 misericordia3
1672 2394 1729 2470 qui

66 2494 188 2555 cunda
221 2508 323 2554 33333
348 2491 398 2552 331
421 2490 547 2552 31111133
575 2490 674 2567 hujus
706 2489 875 2576 praecepti,
931 2503 949 2547 3
969 2487 1732 2574 1133131333,1111311311133ςθ111133133-

73 2589 170 2667 quia,
193 2589 279 2650 31331
299 2588 348 2650 311
369 2587 486 2648 heatus
508 2586 705 2648 Ambrosius
719 2607 726 2646 :
740 2604 760 2646 3
783 2586 876 2648 Nihil
930 2602 950 2644 3
970 2584 1094 2646 huntur
1107 2584 1207 2646 corda
1222 2585 1331 2646 333133
1347 2602 1366 2647 r
1382 2585 1496 2665 (Ecoli.
1513 2603 1550 2659 11,
1564 2588 1594 2660 9,
1611 2585 1675 2667 10).
1690 2588 1730 2650 ut

70 2687 146 2748 tam
167 2683 791 2760 31113331,33331111333311333.;311
809 2685 876 2744 133
932 2681 1081 2743 Paulus:
1101 2683 1326 2759 1113331133
1342 2686 1453 2744 Deum
1476 2687 1594 2746 333313
1610 2700 1731 2760 coope-

67 2782 674 2858 133111333333333333311333.
698 2781 772 2841 »Si
788 2769 899 2842 enim*
930 2781 1060 2842 rantur
1087 2783 1125 2841 13
1148 2783 1273 2841 donum
1301 2779 1410 2860 (Rom.
1437 2795 1509 2853 vm,
1540 2780 1606 2861 28).
1637 2781 1731 2844 Unde

71 2893 194 2941 omnes
219 2877 370 2939 homines
385 2877 532 2938 invicem
547 2893 582 2938 33
602 2876 788 2952 diligerent,
806 2892 878 2939 om·
931 2879 1077 2938 Joannes
1093 2876 1304 2952 Evangelista
1321 2899 1329 2937 ι
1346 2894 1364 2938 3
1378 2879 1447 2938 Ν33
1458 2893 1538 2953 ergo
1552 2877 1730 2954 diligamus

71 2977 132 3038 nia
148 2990 306 3052 prospera
324 2974 506 3046 evenirent,
522 2973 555 3035 31
568 2975 735 3051 essotpari
749 2990 877 3036 summa
932 2990 950 3034 3
972 2976 1075 3034 Deum
1099 2974 1256 3050 quoniam
1280 2973 1354 3050 ipse
1380 2975 1473 3051 prior
1504 2975 1621 3038 dilexit
1654 2991 1728 3038 nos.

73 3075 152 3134 sine
167 3073 256 3133 omni
278 3071 455 3133 discordia
472 3070 583 3133 Tertia
598 3087 699 3132 33333
712 3061 775 3143 ss't,
791 3071 877 3148 quod
933 3087 950 3131 3
974 3071 1009 3132 Si
1024 3071 1098 3148 quis
1109 3071 1242 3144 dixerit,
1264 3072 1420 3148 quoniam
1437 3072 1539 3148 diligo
1560 3075 1675 3146 Deum,
1698 3075 1731 3136 31

69 3169 111 3230 in
142 3169 319 3230 dilectione
346 3169 408 3229 Dei
433 3183 531 3229 omne
558 3168 749 3229 mandatum
777 3165 879 3244 penti-
932 3185 951 3228 3
972 3168 1108 3230 tratrem
1120 3185 1216 3230 3333
1231 3169 1350 3242 313311,
1359 3169 1502 3230 mendax
1512 3171 1571 3242 est,
1589 3171 1622 3232 et
1635 3171 1730 3232 veri-

73 3264 725 3343 311333133333331331333131111133,
742 3263 879 3326 33331-
933 3282 951 3326 3
972 3266 1025 3326 133
1048 3267 1082 3326 13
1103 3282 1142 3327 eo
1166 3283 1233 3327 non
1250 3266 1312 3328 331.
1333 3269 1404 3328 Η33
1418 3268 1608 3329 33313133
1625 3268 1732 3330 habe-

71 3363 230 3424 mittitur.
245 3362 338 3424 Unde
352 3362 507 3424 Salomon
520 3364 657 3424 :Fortts
669 3363 771 3424 estut
783 3375 879 3423 mors
933 3380 952 3424 3
972 3379 1046 3424 333
1062 3379 1081 3424 3
1095 3366 1175 3436 Deo,
1190 3362 1294 3440 utqui
1309 3363 1419 3439 diligit
1439 3367 1552 3437 Deum,
1570 3365 1687 3442 diligat
1701 3367 1734 3428 et

74 3459 230 3533 3113311ο;
257 3463 357 3528 duro,
386 3461 475 3520 31331
506 3461 675 3534 tusorum,
705 3460 878 3520 (emulatio
934 3461 1160 3537 «proximum
1185 3475 1292 3520 suurn.
1317 3460 1379 3531 Qui
1405 3459 1514 3521 autem
1537 3475 1603 3522 non
1625 3462 1734 3538 diligit

71 3554 878 3636 10331333,6);133113,ι1333133133313133-
934 3575 952 3618 3
973 3556 1110 3619 fratrem
1130 3573 1225 3618 suum
1251 3571 1348 3633 quem
1369 3556 1469 3630 ridet,
1498 3559 1612 3631 Deum,
1636 3575 1732 3636 quem

75 3669 162 3715 rena
186 3652 362 3728 dissolvam
387 3652 482 3725 dura,
506 3652 676 3714 3133313
705 3653 793 3714 3313
818 3669 881 3730 pa·
933 3643 952 3716 ”3
974 3655 1155 3726 33331131,
1170 3652 1332 3731 quomodo
1358 3655 1466 3731 potest
1485 3653 1645 3730 diligeret
1668 3654 1732 3736 »(1

75 3752 202 3814 1133133
213 3749 386 3811 sustineat.
898 3778 902 3790 a
933 3756 1030 3816 1333.
1051 3767 1096 3824 33,
1119 3754 1167 3823 19,
1180 3753 1230 3823 20,
1246 3750 1312 3831 21).
1327 3751 1421 3813 Unde
1433 3751 1589 3813 Salomon
1603 3774 1611 3812 ε
1625 3769 1643 3813 3
1655 3755 1734 3816 Om-

118 3850 233 3911 Primo
261 3849 351 3909 enim
376 3846 427 3909 331
453 3846 586 3909 terrena
614 3847 817 3926 relinquere,
847 3849 881 3910 31
934 3851 970 3911 31
984 3851 1132 3927 tempore
1147 3848 1257 3925 diligit
1273 3848 1329 3925 qui
1351 3849 1478 3909 331333
1500 3848 1560 3922 331,
1584 3849 1734 3912 31133133

76 3945 296 4024 3331333313
310 3944 541 4022 aequanimiter
554 3944 728 4007 sustinere.
741 3947 880 4024 Propter
934 3948 970 4008 in
981 3945 1145 4024 angustiis
1160 3945 1422 4023 comprobatur»
1438 3945 1550 4025 (Prov.
1567 3962 1649 4017 333,
1667 3946 1730 4028 17).

77 4043 154 4106 haec
184 4042 249 4104 duo
279 4041 360 4105 dicit
386 4042 563 4104 Psalmista
584 4064 596 4102 3
624 4043 799 4104 Paratum
820 4059 881 4105 cor
936 4041 1030 4108 Unde
1044 4043 1260 4120 Augustinus.
1277 4044 1380 4104 «Non
1396 4043 1505 4104 eutem
1515 4043 1659 4104 33333113
1675 4046 1733 4106 sed

77 4157 209 4210 meum,
218 4144 320 4212 Deus,
330 4141 498 4216 paratum
509 4154 570 4201 cor
580 4155 697 4201 meum
709 4137 779 4219 (Ρ3.
791 4145 821 4214 7,
832 4139 879 4219 2).
936 4142 1119 4220 spiritualis
1132 4141 1285 4203 internos
1298 4140 1628 4204 debetessedilectio.
1640 4142 1734 4205 Nihil

78 4239 221 4300 Uile'ctio
236 4237 336 4300 31133
351 4237 473 4300 dicitur
495 4236 590 4299 133113
614 4237 650 4298 31
673 4253 773 4311 3333,
790 4239 878 4317 quia,
936 4240 1118 4317 speciosius
1129 4242 1196 4301 Deo
1206 4238 1329 4300 3131313
1340 4237 1541 4311 dilectionis,
1553 4239 1637 4300 nihil
1651 4240 1736 4301 desi-

80 4337 116 4398 31
130 4335 311 4414 3111133133
332 4335 511 4411 Gregorius
528 4334 680 4396 1381331
701 4351 790 4397 mors
805 4351 882 4398 cor·
935 4337 1119 4399 derabilius
1141 4335 1273 4398 diabolo
1289 4335 1493 4398 extinctione
1516 4336 1700 4399 charitatis.
1717 4355 1736 4400 3

80 4449 144 4510 pus
172 4432 347 4502 interimit,
375 4432 424 4493 313
454 4432 600 4494 charitas
637 4432 805 4494 homiuem
840 4433 881 4494 ab
937 4434 1030 4497 Unde
1045 4434 1225 4511 Gregorius
1240 4434 1350 4505 331131
1366 4433 1475 4509 diligit
1487 4436 1601 4506 Deum,
1616 4436 1649 4497 31
1663 4438 1735 4512 eJus

82 4530 232 4608 appetitu
270 4527 502 4606 temporalium
542 4545 654 4591 rerum
694 4530 825 4592 occidit.
863 4547 882 4591 3
937 4533 1092 4595 3331313
1108 4531 1261 4602 custodit,
1284 4531 1320 4591 ln
1344 4530 1435 4591 illius
1450 4530 1550 4591 corde
1573 4531 1605 4593 et
1619 4532 1735 4593 Domi·
1845 4591 1849 4594 .

81 4627 276 4700 AEmulatio,
305 4627 402 4700 idest,
433 4627 579 4689 charitas
609 4627 658 4690 est
686 4627 769 4690 dura
798 4629 884 4690 sicut
936 4631 1113 4703 33333311,
1131 4631 1164 4692 31
1178 4628 1384 4690 mansionem
1403 4617 1496 4688 13311.
1516 4629 1632 4706 Neque
1647 4631 1736 4692 enim

82 4725 244 4798 internus,
272 4739 369 4802 quem
398 4724 500 4786 semel
527 4725 683 4796 tenuerit,
702 4741 882 4803 numquam
937 4727 1048 4806 posset
1058 4727 1232 4806 quisquam
1242 4723 1504 4800 diligereDeum,
1516 4726 1545 4785 si
1554 4715 1735 4803 eumquem

82 4821 251 4900 relinquit,
269 4821 317 4883 sic
339 4821 389 4883 est
409 4821 567 4894 charitas,
585 4837 681 4898 quem
706 4823 808 4883 semel
827 4839 884 4884 re-
937 4825 1047 4902 diligit
1061 4840 1127 4886 non
1141 4821 1252 4884 hahet.
1269 4823 1355 4898 Ergo
1369 4820 1471 4897 dilige
1486 4837 1573 4895 eum,
1588 4825 1644 4900 qui
1657 4823 1736 4888 lecit

83 4920 234 4998 31333311,
246 4919 473 4981 invincibilem
487 4917 606 4981 reddit.
618 4919 712 4980 Unde
723 4919 883 4983 31133133
936 4923 981 4996 te,
1002 4923 1036 4984 et
1059 4920 1229 4982 ministros
1251 4921 1324 4996 ejus
1339 4933 1406 4980 non
1421 4918 1606 4996 delinquas.
1629 4921 1737 4998 Dilige

83 5018 277 5080 Ambrosius
300 5037 308 5077 ε
334 5033 352 5077 3
372 5017 536 5090 Charitas,
551 5033 624 5095 quae
639 5015 748 5078 deseri
763 5019 881 5095 potest,
937 5022 1052 5091 Deum,
1068 5017 1234 5080 31133333
1249 5031 1324 5077 eum
1345 5017 1382 5078 in
1405 5015 1594 5079 331313133.
1612 5019 1737 5081 »Unde

84 5129 253 5192 nunquam
265 5113 464 5177 recaluit.»
938 5117 1061 5178 dicitur
1081 5115 1116 5176 in
1136 5113 1221 5176 libro
1240 5113 1420 5175 Clementis
1443 5135 1450 5172 ε
1478 5130 1497 5174 3
1526 5115 1667 5177 Stultum
1688 5119 1738 5180 est

123 5212 172 5275 Ad
200 5213 263 5274 hoc
291 5211 461 5274 sciendum
489 5210 655 5290 estquis
688 5210 822 5274 dilectio
847 5213 883 5273 in
937 5214 1026 5276 enim
1039 5212 1164 5290 aliquid
1179 5211 1254 5288 plus
1268 5226 1382 5272 amare
1396 5226 1496 5287 quam
1511 5213 1625 5273 Deum.
1642 5215 1738 5276 Men-

85 5310 213 5372 duobus
229 5309 395 5385 consistit3
412 5309 446 5370 in
462 5325 575 5372 amore
590 5309 661 5383 Dei,
680 5309 713 5372 et
726 5311 881 5387 proximi.
936 5312 1003 5375 tem
1012 5312 1112 5385 enim,
1125 5325 1223 5388 quam
1234 5308 1414 5386 repleverit
1423 5309 1582 5371 memoria
1593 5312 1735 5386 Domini,

85 5411 185 5469 Amor
200 5408 259 5469 Dei
276 5407 311 5468 in
324 5407 431 5469 tribus
444 5408 583 5470 constat.
593 5408 688 5471 Unde
701 5407 734 5470 et
746 5408 781 5468 iu
797 5411 883 5484 Lege
937 5409 1083 5487 maligno
1098 5409 1134 5470 iu
1155 5421 1195 5469 ea
1210 5421 1276 5468 non
1291 5405 1423 5468 dabitur
1436 5405 1540 5468 locus.
1557 5424 1576 5467 3
1591 5409 1674 5480 Quid
1688 5410 1738 5473 est

86 5505 243 5568 Dominus
258 5505 362 5568 dixit:
381 5507 817 5582 0111333133133311333
837 5521 884 5568 33
939 5511 1078 5587 diligere
1099 5509 1214 5578 Deum,
1232 5503 1298 5565 nisi
1319 5503 1437 5566 timere
1459 5504 1579 5581 ipsum,
1605 5506 1638 5568 31
1661 5523 1737 5568 333-

88 5602 156 5663 1313
181 5607 283 5666 cordo
299 5604 367 5674 tuo,
382 5603 476 5664 3133
491 5603 563 5665 1313
577 5605 778 5676 33133133,
790 5604 824 5665 31
838 5619 884 5665 occ
939 5621 1020 5670 vare
1032 5602 1142 5666 omnia
1157 5599 1311 5662 mandata
1326 5602 1398 5676 ejus
1409 5601 1422 5660 1
1434 5603 1473 5662 ut
1487 5601 1564 5677 quid
1580 5604 1739 5668 3313333
