4078 6442
288 267 349 332 m
905 262 1082 324 floxonss
1102 261 1150 323 111
1169 261 1321 322 orm
1889 256 1968 316 ΞΒ
2027 345 2028 366 Ν

288 427 397 502 niatu,
420 431 578 504 tanquam
603 423 846 488 inobedientem
868 427 905 486 et
928 423 1088 486 rebellem
1141 437 1217 482 cum
1234 417 1963 497 eomplicibmmtapompoaeintramtlta-

289 521 1088 599 lterauaenzmnmrmimtmniuitjeziuqnibnsita
1141 519 1233 580 liam.

288 624 448 708 moia,
467 623 568 698 iegati
590 639 664 684 crire
681 621 911 697 indignatione
931 620 972 680 ad
997 621 1088 695 regia
1181 619 1231 678 12.
1254 616 1376 676 Eidem
1389 619 1538 692 tempore
1554 614 1642 675 idem
1655 629 1730 684 rex,
1745 613 1782 673 in
1794 613 1960 674 maxima

289 723 502 802 presentiam
529 721 716 790 reiiemnt,
738 719 846 795 ipim
872 719 1020 778 anirnnro
1043 715 1086 777 ad
1140 713 1851 790 pstenuaetmanumbunapommtsmrus
1863 726 1963 787 prae-

288 819 468 891 ·ieieriera,
483 821 570 880 sicut
586 819 648 879 uiri
661 821 729 880 bes
748 815 1086 886 ‹siibiieninrtantiua
1141 812 1221 872 lium
1235 829 1310 872 cnm
1325 828 1405 886 rege
1421 811 1608 886 liudulpho,
1622 810 1871 870 contumaciter
1893 810 1959 870 im-

288 921 546 980 omnemne.
562 919 634 978 ilex
646 931 726 976 nero
742 914 795 976 nbi
812 931 850 976 ee
862 913 1019 988 emanarit
1027 928 1088 990 per
1140 911 1243 970 travit
1258 910 1457 982 saxoniam
1470 909 1525 970 cni
1536 925 1582 969 ex
1591 908 1734 968 adrem
1744 907 1957 983 lindolphus

289 1016 490 1078 alumniam
514 1013 657 1076 llomaui
681 1013 852 1074 l’cmtiiicia
872 1026 894 1072 a
918 1011 1086 1072 osneortio
1140 1011 1293 1086 potenter
1312 1009 1477 1080 occurrit;
1491 1009 1528 1070 et
1542 1007 1755 1068 mmo
1768 1005 1851 1066 nine
1865 1005 1957 1066 inde

289 1113 437 1176 tideliom
459 1115 683 1188 waremiam,
702 1111 812 1172 tristis
832 1109 971 1170 effectus
998 1109 1050 1170 ert
1075 1128 1085 1168 ε
1140 1103 1955 1182 aeneumnenncmeontumnoeatoega

287 1211 346 1274 uui
369 1225 488 1274 centina
512 1210 655 1272 diremti
679 1209 815 1270 diuersa
839 1207 1000 1268 darentur
1021 1205 1086 1266 eibi
1139 1205 1255 1280 uertit3
1270 1203 1747 1281 atqneinlongumacerrime
1763 1201 1807 1262 ab
1830 1201 1954 1262 trosti-

286 1307 442 1382 oouailia,
459 1307 493 1370 in
514 1305 697 1370 anxietatis
715 1305 816 1366 dubio
841 1305 989 1384 pesitus,
1006 1302 1085 1381 quid
1138 1301 1201 1362 bus
1211 1299 1850 1379 persecutus,j2mderitaditlidens,in
1865 1316 1954 1377 quo-

287 1407 400 1488 potiua
424 1405 564 1484 eligeret
577 1403 764 1482 ignorabat.
779 1403 926 1466 Tandem
943 1417 1086 1480 perrer-
1140 1399 1216 1462 dam
1234 1416 1272 1462 se
1289 1403 1400 1462 caeno
1413 1401 1551 1476 recepit,
1564 1399 1622 1460 ubi
1641 1414 1703 1476 per
1720 1399 1851 1474 septem
1866 1399 1950 1459 die-

288 1519 402 1566 iorom
429 1503 616 1568 antistitum
638 1505 674 1564 et
693 1501 872 1580 impiorum
898 1499 1088 1578 principum
1139 1514 1215 1560 rum
1239 1497 1384 1576 spatium
1409 1497 1567 1559 latitavit
1591 1496 1788 1574 liudulphus
1813 1499 1949 1569 autem,

288 1599 455 1668 neemia
469 1601 684 1680 praeralente,
700 1597 788 1678 apud
800 1598 949 1660 Brixiam
959 1595 1008 1678 (l)
1022 1613 1086 1674 ge-
1140 1597 1227 1658 sicut
1239 1597 1293 1658 uir
1303 1595 1507 1658 sanissimus
1519 1599 1554 1658 et
1566 1595 1726 1666 mmoeus,
1738 1595 1951 1657 etinarmo-

288 1697 437 1769 uoralem
451 1697 579 1760 nariam
588 1695 752 1773 disposuit
765 1695 948 1757 celebrare.
963 1695 1088 1756 Conue
1140 1711 1215 1756 rum
1237 1695 1498 1756 excercitatione
1519 1693 1696 1772 probatus,
1728 1709 1950 1771 nequaquam

289 1795 412 1858 nonunt
425 1793 536 1872 itaque
551 1793 586 1856 in
606 1793 679 1854 loco
699 1793 772 1870 ipio
786 1791 920 1872 plurimi
935 1791 1086 1852 seditiosi
1140 1792 1240 1869 sugit,
1262 1793 1320 1854 sed
1346 1793 1453 1854 uictor
1474 1795 1509 1854 et
1527 1792 1751 1870 triumphator
1770 1791 1946 1864 occubuit,

288 1893 322 1956 ot
341 1891 655 1970 lummeuepiumpi,
669 1907 744 1952 eum
758 1889 1087 1952 multitudinecleri-
1140 1888 1219 1965 qnia
1236 1903 1314 1948 eum
1333 1887 1388 1948 eni
1408 1903 1476 1950 non
1495 1889 1735 1964 eognoooeuteu
1756 1887 1948 1949 exitialiter

288 2005 402 2054 eurum
417 1991 452 2052 et
471 1989 670 2070 principum,
684 1991 848 2066 quatenus
872 1987 909 2048 in
918 1989 1086 2066 jacturam
1139 1985 1399 2048 vulneraverant
1418 1983 1482 2064 (α).
1501 1987 1584 2048 Cum
1603 1987 1715 2047 autem
1737 1985 1867 2064 diutina
1886 2000 1949 2048 re-

287 2085 412 2150 domini
428 2086 579 2164 Gregorii
594 2089 693 2164 Papae
712 2087 851 2164 possent
863 2084 989 2163 aliquid
1004 2085 1085 2146 mali
1139 2083 1329 2161 quireretur
1341 2100 1362 2144 a
1374 2083 1476 2144 sociis
1487 2083 1570 2156 suia,
1582 2083 1717 2146 tandem
1730 2099 1834 2162 super
1850 2086 1950 2146 stra-

287 2183 445 2250 ordloare
468 2185 520 2246 uel
544 2185 703 2256 uulnere,
730 2184 766 2244 ut
792 2183 880 2244 inter
900 2185 1084 2244 Romanam
1138 2197 1213 2258 gem
1245 2183 1279 2244 et
1307 2181 1472 2244 cadauera
1503 2181 1737 2253 inimieorum,
1763 2198 1834 2244 non
1864 2183 1948 2246 sine

287 2283 471 2350 Ecoleuiam
498 2283 532 2346 et
558 2281 737 2360 imperium
764 2280 932 2342 discordia
963 2279 1085 2342 sutoria
1139 2279 1275 2356 planctu
1296 2280 1456 2352 maximo,
1470 2283 1624 2358 repertu·
1641 2281 1709 2352 eat,
1728 2283 1826 2358 eujus
1846 2296 1945 2344 more

287 2379 489 2460 temporibuu
503 2379 687 2442 fulciretur.
703 2377 952 2440 communicato
973 2377 1084 2456 itaque
1138 2380 1312 2456 postquam
1326 2379 1484 2450 Heniioo,
1499 2378 1645 2440 latitanti
1657 2377 1743 2440 etde
1753 2377 1946 2456 tugacogi-

286 2475 468 2542 oxeorabill
493 2477 527 2540 et
545 2475 739 2540 detestando
761 2475 919 2550 conubio,
941 2476 982 2538 de
1003 2491 1085 2538 oon·
1138 2477 1223 2537 tanti
1250 2477 1403 2538 nuntiata
1431 2476 1506 2548 tuit,
1531 2493 1610 2538 mox
1638 2477 1673 2538 in
1701 2476 1805 2538 alum
1831 2491 1943 2540 cornu

287 2591 388 2640 mutu
412 2575 517 2654 iqmiue
541 2575 644 2652 rogis,
660 2573 835 2650 elegerunt
848 2573 882 2636 in
897 2575 1083 2636 Romanum
1138 2590 1234 2635 suum
1256 2575 1375 2646 erexit,
1391 2576 1425 2636 et
1438 2575 1600 2636 aduersus
1617 2574 1788 2638 dominum
1802 2578 1940 2654 Grego-

287 2673 501 2748 l’ontltloem,
538 2673 605 2738 imo
637 2672 852 2750 antipapam,
889 2671 1082 2734 unibertum
1137 2671 1224 2732 rium
1235 2659 1361 2748 Papain
1376 2673 1942 2750 contumeliasetterroraeproea·

285 2769 700 2844 ilauonootoueem,ulrum
712 2769 888 2832 manifeste
898 2773 1080 2848 perjurum,
1137 2769 1221 2832 citer
1232 2769 1322 2848 loqui
1336 2770 1447 2848 ooepit,
1464 2771 1604 2832 credens
1617 2769 1829 2832 detestabilia
1847 2771 1940 2834 tacta

284 2869 384 2948 atquo
407 2869 497 2932 omni
522 2867 649 2930 malitia
670 2867 704 2930 ei
728 2867 904 2930 dolositate
934 2867 1079 2946 plenum.
1136 2883 1197 2928 sua
1212 2867 1247 2929 in
1259 2869 1399 2930 mortem
1412 2868 1580 2946 Rudolpbi
1594 2869 1733 2930 Domino
1752 2868 1936 2946 placuisse.

283 2965 324 3036 lit
335 2965 491 3044 quoniam
505 2965 698 3043 plerumque
708 2965 857 3040 contigit,
864 2965 902 3027 ut
911 2967 1081 3042 peecatum
1137 2967 1226 3034 Post,
1240 2964 1297 3026 ubi
1311 2981 1389 3028 vero
1402 2966 1474 3028 laaeo
1488 2969 1581 3042 gesta
1595 2968 1682 3040 sunt,
1696 2967 1842 3030 evolutis
1855 2984 1938 3045 pau-

283 3059 328 3128 tit
341 3077 439 3142 piune
466 3061 604 3140 peceati,
620 3061 661 3123 de
680 3061 972 3139 superbiamque
998 3079 1081 3140 pro·
1135 3063 1184 3124 cis
1197 3063 1324 3136 diebm,
1340 3065 1619 3133 nominantibus
1640 3068 1725 3143 ejus,
1741 3081 1816 3126 oum
1829 3077 1935 3128 exer-

283 3159 387 3224 oeuelt
407 3157 448 3222 ad
476 3159 670 3238 perjurium,
685 3158 726 3222 de
738 3159 885 3236 perjurio
904 3159 945 3222 ad
959 3160 1079 3224 inobe-
1135 3160 1204 3222 citu
1218 3160 1360 3222 illustris
1370 3162 1549 3223 eomitissa
1564 3163 1735 3224 llatbildie
1750 3165 1935 3240 pugnauit:

282 3255 454 3328 dientiom,
471 3257 511 3318 ‹lo
524 3255 749 3318 inobedientia
760 3256 800 3318 ad
812 3259 1080 3322 excommunica·
1134 3259 1168 3320 et
1181 3259 1271 3336 quia,
1283 3260 1370 3321 sicut
1381 3259 1454 3321 fieri
1478 3260 1574 3332 solet,
1588 3261 1703 3322 varius
1723 3262 1774 3323 est
1793 3263 1935 3324 euentus

280 3355 404 3420 tionem
416 3353 586 3428 ceciditet
599 3353 639 3418 de
654 3355 996 3418 excommunicatione
1002 3373 1081 3435 per·
1133 3356 1225 3430 belli,
1241 3357 1415 3420 victoriam
1430 3357 1558 3420 babuit.
1572 3359 1633 3420 llis
1647 3357 1750 3434 igitur
1764 3360 1935 3422 suecessi-

279 3451 440 3520 vonit'od
464 3451 698 3518 idololatriam.
728 3455 824 3516 Hono
851 3453 963 3528 talem,
993 3455 1079 3518 sicut
1132 3453 1195 3516 buu
1214 3457 1413 3534 provocatus
1433 3455 1612 3532 derepente
1635 3456 1773 3518 intravit
1787 3457 1932 3531 Italiam,

278 3549 436 3626 dlxlmuu,
456 3567 518 3614 rex
541 3551 706 3614 Hennoue
730 3549 882 3616 odoravit
896 3567 1020 3630 pronus
1042 3553 1076 3616 in
1133 3554 1166 3617 et
1179 3554 1253 3632 poet
1265 3552 1394 3616 Pascha
1407 3569 1482 3615 oum
1492 3553 1581 3616 idolo
1596 3555 1683 3632 quod
1696 3557 1852 3618 erexerat
1864 3559 1934 3618 Ro-

277 3646 1077 3730 terrum;quietiam,euadenteliionyeiol’laoen·
1131 3652 1378 3724 mamueniens,
1395 3652 1485 3713 eirea
1506 3653 1724 3714 Pentecosten
1747 3653 1934 3716 castrame-

277 3745 348 3814 tlno
374 3747 548 3828 episeopo,
572 3749 706 3827 Jltl'autle
730 3747 893 3811 asseritur
914 3749 951 3812 ut
973 3748 1015 3812 ab
1036 3766 1076 3812 eo
1130 3751 1219 3814 tatus
1240 3750 1291 3813 est
1308 3751 1344 3810 in
1363 3751 1459 3827 prato
1477 3751 1633 3812 Neronis.
1650 3751 1714 3812 Sed
1729 3750 1933 3829 quintanio-

277 3843 410 3924 Imponl
434 3861 591 3910 eoronam
607 3845 782 3924 acciperet.
798 3845 881 3918 Quid
898 3845 1012 3924 plural
1026 3849 1075 3910 lia
1129 3864 1204 3912 rum
1219 3847 1430 3926 prudentium
1445 3847 1593 3910 uirorum
1608 3849 1769 3911 admirari
1782 3866 1849 3913 non
1863 3865 1929 3928 po-

275 3941 420 4022 puoootle
442 3941 664 4020 exigentibus,
682 3959 796 4006 omnes
821 3943 878 4022 qul
893 3947 1074 4022 praesentes
1128 3945 1215 4008 terat
1228 3945 1316 4024 regin
1329 3948 1363 4009 et
1371 3945 1520 4009 <luibani
1533 3945 1767 4010 haeresiarcha
1776 3950 1928 4026 apertam

276 4039 415 4106 aderunt
427 4040 536 4105 monte
549 4039 707 4104 excaeati
723 4042 815 4115 eunt,
836 4057 903 4104 non
916 4041 1073 4120 utreepi-
1128 4042 1305 4117 insaniam,
1323 4043 1589 4122 etimpudentem
1601 4045 1929 4120 stultitiathuam-

275 4139 389 4202 nerent
408 4135 538 4212 ooelum,
564 4137 621 4200 red
643 4137 684 4198 ad
704 4139 776 4216 ejue
802 4138 943 4214 uestigia
969 4155 1072 4202 oeeu-
1127 4140 1178 4202 vis
1199 4141 1288 4204 enim
1311 4140 1431 4204 mentis
1451 4141 1564 4205 oeulos
1586 4143 1802 4220 perdiderint,
1816 4145 1928 4207 uisum

273 4229 385 4306 lande,
403 4231 483 4296 boul
498 4231 582 4314 proli
598 4233 705 4296 dolorl
722 4248 758 4296 ee
770 4233 896 4311 pariter
910 4234 1071 4300 incurva·
1126 4237 1238 4300 tamen
1253 4238 1402 4316 corporis
1415 4253 1481 4300 non
1493 4238 1736 4302 amiseranttt
1750 4257 1817 4302 non
1831 4241 1929 4304 vide-

272 4329 361 4396 runt.
379 4331 418 4394 ut
443 4329 496 4394 illu
514 4328 562 4395 lta
590 4329 745 4408 peractis,
776 4347 837 4396 rex
859 4332 894 4396 in
921 4335 1070 4412 apertam
1125 4333 1206 4398 bant
1224 4336 1316 4396 illam
1339 4335 1478 4397 bestiam
1492 4334 1552 4418 (2),
1567 4353 1640 4420 quae
1655 4337 1760 4400 abeis
1778 4339 1928 4404 duceba-

272 4424 428 4492 bmroulm
445 4427 570 4506 lupeue,
582 4427 622 4490 ad
635 4429 768 4508 proprio
783 4429 816 4492 in
830 4431 1072 4511 ootevlstpos·
1124 4434 1189 4506 tur,
1204 4449 1303 4511 quem
1313 4433 1526 4496 honorilicea
1539 4436 1698 4498 Romanis
1710 4437 1922 4516 suscipieba-

270 4523 413 4588 tolorum
440 4540 613 4606 remosque
627 4529 691 4602 θεῖς
709 4525 884 4592 Guibertus
901 4545 980 4594 vero
995 4531 1068 4597 ba·
1123 4531 1188 4604 tur,
1207 4531 1240 4594 et
1265 4531 1505 4594 venerabaturl
1531 4534 1657 4614 Quippe
1681 4551 1741 4613 pro
1765 4535 1922 4600 laudibus

270 4621 462 4698 roulurcbu,
493 4623 671 4704 insignitus
698 4625 873 4706 papalibus
892 4628 1066 4708 insigniis,
1123 4628 1325 4692 enliibebant
1340 4631 1509 4708 conuicia3
1532 4648 1593 4710 pro
1606 4633 1747 4696 canticis
1762 4634 1922 4708 ululatus,

270 4887 419 4966 beaucoup
433 4889 469 4948 do
484 4891 603 4976 juilleii
623 4898 651 4950 ot
673 4891 709 4950 de
727 4893 768 4950 eol
794 4907 889 4964 ileum,
906 4839 1067 4953 eveum
1121 4823 1743 4969 woffoaiiii’lressitsiemgffiisorffiisseufeliasrliz
1760 4837 1922 4961 ‹leitoafficffir

268 4957 401 5021 botuuini
415 4977 519 5032 oritur,
535 4963 576 5048 e'p
591 4961 698 5022 diotont
712 4907 827 5048 rumfea
840 4964 1067 5025 (lutbertrovetit
1122 4966 1227 5024 tionem
1251 4965 1338 5026 luisse
1361 4966 1428 5026 fidei
1450 4970 1573 5027 llourioo
1595 4985 1652 5027 non
1680 4979 1827 5029 servolo:
1851 4975 1920 5047 quin

268 5031 309 5092 lou
323 5039 488 5092 uriuuuuila
499 5035 681 5108 puuullouux,
696 5043 798 5108 prount
809 5051 879 5094 aveo
894 5046 1020 5096 serment
1030 5037 1065 5096 do
1120 5038 1208 5094 ollam
1223 5039 1415 5112 Uspergeneis
1430 5040 1479 5108 ait,
1495 5041 1650 5114 ipsummet
1669 5042 1696 5100 iu
1713 5051 1805 5101 morte
1825 5059 1876 5103 aue
1891 5047 1920 5104 id

266 5103 1064 5182 eoiiionmu·lorolllunrl(quin’umltpnsenoororepu
1120 5107 1295 5182 agnovisse:
1328 5125 1435 5178 umen
1455 5110 1538 5169 lldom
1557 5121 1731 5182 mereantur,
1752 5116 1856 5188 scripta
1883 5115 1919 5174 ab

267 5173 292 5238 lo
305 5189 449 5236 uuuuuiuo
467 5173 633 5250 lupuleto),
651 5175 726 5235 liudo
741 5178 859 5252 liuguae
874 5177 900 5237 lo
915 5179 1064 5240 Blanoeou
1120 5179 1234 5236 Henrict
1250 5183 1402 5254 partiariis,
1418 5183 1520 5239 inolito
1535 5182 1668 5240 dubites:
1690 5185 1730 5242 uli
1748 5193 1777 5242 et
1794 5200 1827 5244 ea
1854 5202 1919 5315 que

1841 5275 1857 5316 e

306 4816 345 4892 (l)
367 4817 481 4892 brlxon,
503 4817 576 4878 donn
598 4817 625 4880 lo
646 4819 739 4896 tyrol.
755 4849 792 4866 -
808 4823 911 4882 l'ronte
931 4819 984 4882 dvo

267 5241 355 5329 liqut,
371 5253 399 5306 ot
421 5256 553 5306 rotmuuu
573 5261 609 5306 eu
631 5247 711 5306 ltollo
726 5261 797 5306 ovoo
812 5263 876 5324 pom
899 5265 924 5318 o,
939 5251 1013 5308 silivi
1026 5249 1064 5311 du
1118 5257 1216 5308 contra
1232 5253 1324 5324 ipsum
1341 5253 1444 5325 scripta
1461 5259 1527 5311 suunt
1541 5267 1556 5310 a
1572 5255 1660 5328 partis
1681 5257 1807 5314 melioris
1821 5228 1839 5315 d

266 5321 383 5388 culupo
399 5315 434 5374 do
447 5333 494 5375 uos
508 5317 658 5402 paulluum.
676 5315 716 5378 cl.
734 5319 830 5393 Volgi,
842 5326 861 5377 t.
878 5265 905 5390 ξ,
920 5335 947 5404 p.
964 5323 1026 5382 tlt.
1118 5321 1240 5390 neribus,
1255 5321 1475 5396 haudquaquam
1492 5325 1520 5381 iu
1533 5325 1666 5383 omuibus
1677 5335 1753 5384 certa
1766 5335 1842 5388 sunt.

304 5385 345 5460 (u)
368 5387 466 5462 louge
481 5389 561 5447 olum
576 5388 672 5450 alludo
691 5397 781 5448 morto
797 5389 937 5462 ltoctutplu
953 5408 960 5450 ε
977 5408 1062 5466 quom
1155 5393 1194 5466 (t)
1216 5393 1430 5468 L'oxpreenlou,
1456 5395 1481 5452 si
1505 5396 1560 5453 ello
1587 5396 1659 5455 u'oet
1687 5399 1851 5470 oourtoiee,
1879 5416 1916 5460 ne

266 5456 301 5520 ub
312 5457 460 5532 aquilliltuo
471 5460 601 5520 enisum
615 5459 807 5534 (tiodolildum
822 5461 990 5522 Bulliouium
1002 5481 1061 5523 ore·
1117 5477 1241 5536 tonoque
1259 5480 1310 5538 pas
1329 5465 1426 5524 d'dner
1450 5467 1485 5524 ie.
1500 5467 1538 5526 Ce
1559 5467 1725 5542 magonae
1742 5466 1850 5544 lugam
1864 5472 1915 5532 des

266 5527 335 5588 dunt
351 5529 438 5590 l'utuuo
451 5527 591 5606 uouuulli)
611 5531 875 5604 t1·uuellxum,otub
891 5533 946 5594 olio
960 5549 1059 5610 uupor·
1117 5533 1206 5620 bireti
1229 5551 1279 5594 ueu
1293 5543 1321 5601 et
1335 5535 1386 5594 des
1400 5480 1631 5614 soffiismatiquos,
1645 5550 1688 5600 est
1699 5540 1846 5602 contorum
1859 5558 1915 5606 eun

265 5599 398 5666 uoulouto
411 5599 525 5668 deutoro
543 5603 703 5666 inuolutum
720 5605 826 5664 uolunt.
845 5607 880 5665 Et
896 5605 930 5664 de
946 5605 1060 5668 deutera
1117 5551 1312 5669 habundantio
1324 5613 1426 5683 temps.

1870 5275 1917 5318 eu-
