4078 6442
37 259 104 319 47⁴7

41 423 117 486 sibi
146 423 197 486 ab
224 442 290 488 nno
307 427 412 488 latere
434 415 536 487 fundo
550 424 729 497 canneolo,
744 421 785 485 ab
798 423 865 485 alio

41 522 174 584 casale
199 524 392 597 Miliarioio,
414 541 433 586 a
454 524 552 587 tertio
575 523 685 584 casale
698 522 862 593 Faustini,

42 636 65 680 a
84 622 221 697 quarto
236 622 404 691 Faustini,
417 623 504 700 Jnris
519 621 676 683 Ecclesiae
690 623 862 692 Romanae,

43 734 92 779 ex
125 735 276 797 corpore
300 721 491 796 patrimonii
515 719 700 780 suburbani
723 718 863 779 Tusciae.

44 817 208 879 Praestat
229 833 341 879 annue
362 818 482 881 bisant.
503 818 543 878 50
566 818 641 878 auri
663 817 759 878 solid.
775 816 865 878 Idem

43 914 84 974 in
100 914 242 988 eodem,
257 915 428 976 Gennadio
440 915 574 978 tribuno
597 915 630 977 et
644 915 808 988 Luciae,et
823 929 867 976 ox

46 1028 180 1073 eorum
199 1013 407 1090 amplexibus
422 1013 501 1075 tiliis
517 1030 556 1075 ac
579 1013 772 1090 nepotibus,
788 1013 867 1072 iun-

47 1110 136 1170 dum
161 1111 362 1190 Pontianum
386 1112 419 1172 et
439 1112 658 1184 Loonianum,
676 1113 708 1173 et
726 1109 865 1172 fundum

51 1211 273 1281 Graecorum,
288 1209 321 1270 et
334 1209 557 1280 Tuticianum,
572 1210 628 1270 ria
644 1208 768 1282 Clodia,
785 1207 866 1268 mil-

45 1305 157 1366 liario
186 1307 263 1382 pius
285 1307 394 1368 minus
414 1323 516 1376 nono,
534 1323 577 1368 ex
597 1323 735 1383 corpore
757 1306 865 1384 patri-

46 1403 165 1464 monii
181 1404 325 1465 Tusciae.
342 1405 483 1466 Praestat
498 1421 609 1466 annue
618 1403 867 1466 bisantsoauri

48 1501 156 1562 solid.
178 1501 271 1562 idem
286 1502 450 1564 1111101111
468 1502 631 1566 studiosae
641 1502 796 1575 tribunae,
808 1518 866 1565 seu

48 1599 160 1660 Petro
181 1598 371 1677 jugalibus
389 1599 601 1677 ejusdemque
626 1600 716 1662 Petri
735 1600 813 1662 liliis
835 1601 868 1662 et

50 1696 257 1773 nepotibus,
274 1695 411 1758 lundum
426 1698 589 1770 somnino,
603 1697 742 1759 fundum
760 1698 868 1758 sisin-

53 1795 270 1867 nianum,ex
280 1809 419 1872 corpore
433 1811 552 1856 massae
564 1795 699 1867 silanis
712 1795 868 1873 patrimo·

51 1893 114 1954 nio
131 1892 319 1953 Lauicano.
334 1892 500 1954 Praestent
512 1907 622 1953 annue
644 1893 765 1954 bisant.
780 1893 817 1952 51
834 1893 867 1954 11

52 1989 242 2051 dimidium
260 1989 335 2050 auri
347 1989 443 2050 solid.
460 1989 549 2051 Idem
569 1990 604 2050 in
618 1990 745 2063 eodem,
762 1993 866 2052 Annae

51 2088 246 2164 religiosae,
262 2087 294 2148 et
315 2087 391 2148 aliis
407 2087 535 2148 duabus
557 2089 709 2166 personis
728 2088 866 2150 fundum

53 2185 218 2261 Argenti,
234 2185 446 2256 Varciannm,
463 2188 684 2262 Lugaranum,
700 2187 866 2249 collisar-

55 2299 194 2355 corum,
217 2283 442 2345 Toleranum:
463 2285 661 2361 praestantes
685 2284 767 2346 duos
791 2284 866 2346 auri

56 2381 205 2442 solidos
222 2382 263 2443 nt
279 2381 418 2443 fundum
433 2382 526 2453 Tuci,
542 2383 667 2455 Trasis,
685 2383 864 2454 senonum,

56 2479 90 2542 et
102 2479 374 2551 Possessianum,
389 2481 585 2556 praestantes
599 2479 718 2542 bisant
739 2482 778 2543 50
793 2480 867 2542 auri

56 2577 160 2639 solid.
192 2593 236 2638 ex
259 2593 398 2655 corpore
425 2594 544 2642 massae
573 2577 779 2652 sabinensis,
811 2578 867 2642 via

5 2689 6 2692 ¹
56 2675 260 2748 Tiburtina,
284 2674 441 2736 milliario
464 2675 538 2752 plus
559 2675 670 2736 minus
683 2676 810 2737 docimo
825 2691 868 2737 ox

56 2787 207 2849 corpore
215 2771 865 2848 patrimoniiTiburtini.idemineodom,

56 2869 200 2930 Eraclio
214 2869 393 2945 praeposito
408 2869 565 2947 coquinae
580 2870 773 2943 Dominicae,
791 2871 869 2962 sun7

58 2968 143 3028 dnm
161 2968 246 3028 Casa
260 2967 338 3039 Siri,
355 2983 398 3028 ex
412 2983 550 3044 corpore
569 2984 688 3030 massae
703 2969 866 3041 Porculis,

60 3064 263 3140 patrimonii
279 3065 449 3127 Lavicani.
466 3066 607 3128 Praestat
619 3066 693 3126 auri
713 3066 865 3128 solidum.

61 3163 157 3224 Idem
182 3163 217 3223 in
243 3163 369 3236 eodem,
397 3164 568 3224 Gemmuio
594 3165 693 3226 militi
716 3163 865 3236 fundum,

60 3260 240 3332 ManriciS,
278 3260 414 3321 fundum
444 3261 606 3331 Maurini,
629 3262 768 3324 fundum
795 3263 869 3324 Vil-

59 3357 272 3431 Ianouaria
294 3360 512 3429 Praenestina,
529 3360 687 3422 milliario
709 3361 783 3437 plus
803 3361 869 3422 mi-

62 3471 129 3516 nus
158 3472 258 3530 n0n0,
277 3473 320 3518 ex
343 3474 482 3534 corporo
503 3475 622 3520 massae
636 3459 866 3529 Varvarianae‚

62 3555 262 3629 patrimonii
290 3556 461 3616 Lavicani.
491 3555 657 3617 Praestent
682 3555 803 3616 bisant.
830 3557 869 3615 52

62 3652 142 3712 auri
166 3652 261 3713 solid.
278 3652 368 3714 Idam
391 3652 425 3712 in
444 3652 569 3724 eodem,
587 3654 679 3713 Carae
701 3651 867 3727 religiosae

62 3748 246 3821 coloniam,
263 3765 336 3824 quae
351 3748 474 3810 dicitur
497 3749 635 3818 Polinis,
657 3749 712 3810 via
734 3748 865 3821 Latina,

63 3845 228 3906 milliario
253 3844 294 3905 ab
316 3845 403 3907 Urbe
427 3846 501 3922 plns
527 3846 637 3907 minus
662 3846 866 3920 duodecimo,

62 3943 142 4018 post
166 3941 315 4004 absidam
339 3943 492 4005 Basilicas
516 3943 630 4006 sancti
653 3944 754 4018 Petri,
778 3944 868 4007 intra

63 4055 214 4102 massam
239 4041 389 4102 Marulla
404 4042 545 4103 Praestat
571 4041 693 4104 bisant.
719 4043 759 4104 50
791 4044 865 4105 auri

64 4136 165 4198 solid.
182 4137 271 4199 Idem
284 4138 320 4198 in
336 4138 462 4212 eodem,
479 4139 658 4200 Eustachio
674 4139 868 4217 presbytero

65 4236 308 4296 monasterium
332 4237 444 4298 Sancti
457 4237 604 4310 Martini,
619 4237 718 4299 situm
735 4239 771 4299 in
786 4239 869 4299 sur-

66 4333 178 4402 rento,
193 4349 267 4395 cum
289 4333 441 4395 omnibus
464 4335 495 4396 ei
507 4335 760 4413 pertinentibus.
778 4337 868 4398 Idem

67 4429 101 4488 in
118 4431 246 4504 eodem,
263 4431 409 4494 iohanni
424 4433 553 4494 consuli
566 4433 699 4507 fossam,
715 4451 789 4512 quae
811 4435 866 4496 di-

67 4527 156 4588 citur
177 4529 391 4603 Valanicum,
408 4531 506 4607 Juxta
530 4547 682 4608 campum
706 4533 865 4606 Veneris,

67 4625 364 4688 milliarioaburbe
375 4630 479 4690 Roma
490 4628 563 4705 plus
574 4629 683 4690 minus
692 4630 864 4706 vigesimo.

67 4737 111 4782 ex
137 4739 276 4800 corpore
298 4741 417 4786 massae
441 4727 647 4800 Fonteianae,
676 4728 867 4803 patrimonii

68 4821 195 4896 Appiae.
209 4823 351 4884 Praestat
370 4822 490 4886 bisant.
507 4825 547 4884 50
561 4825 635 4886 auri
651 4824 746 4886 solid.
764 4825 865 4897 101111,

68 4919 867 4985 monasteriumsanctisiiveriiinmontesoracte

69 5015 104 5076 in
129 5017 323 5094 perpetuum
345 5018 483 5080 fundum
508 5019 711 5082 Gancianum
733 5037 776 5082 ex
792 5037 869 5083 cor-

69 5129 148 5188 pore
162 5131 280 5176 massae
295 5115 504 5178 Castellianaa
519 5117 710 5194 patrimonii
725 5119 864 5192 Tusciae,

71 5210 131 5271 sub
146 5212 307 5290 pensione
321 5212 442 5275 bisant.
470 5217 545 5286 00.
563 5214 759 5293 siliquarum
779 5218 864 5278 auri.

71 5309 160 5370 idem
191 5310 226 5370 in
253 5310 384 5384 eodem,
408 5312 507 5374 Petro
533 5313 708 5390 magnifico
734 5314 866 5376 tribuno

71 5407 234 5468 coloniam
254 5407 394 5484 positam
417 5407 450 5470 in
469 5425 577 5470 massa
594 5411 705 5481 Pauli,
722 5428 765 5474 ex
788 5429 866 5474 cor-

71 5517 149 5576 pore
169 5506 360 5584 patrimonii
381 5507 663 5586 apperimus
686 5510 867 5574 1111111111-

73 5603 348 5675 saltuosum
373 5603 467 5666 solid.
487 5605 576 5668 idem
599 5607 633 5668 in
654 5608 780 5680 eodem,
802 5611 867 5671 Ba-

666 276 669 280 ’
718 264 841 324 LIBER
862 263 1073 324 CENSUUM.

1573 234 1576 240 ¹
1664 273 1722 334 478

919 425 994 486 silio
1011 445 1066 492 p...
1081 425 1245 487 coloniam
1257 427 1379 502 Alvini,
1392 444 1434 490 ex
1445 445 1583 506 corpora
1601 447 1720 495 massae

919 524 1023 596 Ocris,
1036 523 1234 600 patrimonio
1249 525 1363 602 Appiae
1384 527 1420 586 in
1442 528 1559 590 011111.
1577 531 1721 592 Praestat

919 637 1030 682 annue
1050 620 1170 685 bisant.
1186 625 1224 684 51
1247 623 1322 684 auri
1344 623 1440 685 solid.
1465 625 1554 686 Idem
1575 628 1717 703 Georgio

919 717 1111 796 presbytero
1129 719 1265 782 fundum
1281 721 1442 799 Crispinis
1455 723 1487 784 at
1501 725 1716 798 Ammonetis,

919 816 974 878 via
998 817 1176 891 Lavicana,
1193 819 1350 880 milliario
1372 820 1446 896 plus
1473 821 1582 881 minus
1614 823 1651 882 13
1677 837 1720 884 ex

920 931 1058 992 corpore
1073 932 1192 977 massae
1205 917 1316 989 Fistis,
1332 917 1531 994 patrimonio
1541 919 1718 981 Lauicano.

921 1015 1062 1075 Praestat
1077 1030 1186 1075 annue
1200 1013 1321 1076 bisant.
1333 1017 1374 1077 50
1386 1016 1460 1076 auri
1473 1016 1568 1077 solid.
1580 1017 1670 1079 Idem
1686 1018 1720 1078 in

921 1110 1047 1185 eodem,
1066 1114 1237 1174 Gemmulo
1253 1113 1392 1175 diacono
1405 1113 1542 1175 fundum
1558 1115 1723 1178 Dometio-

920 1225 1014 1283 rum,
1039 1210 1093 1272 via
1113 1210 1312 1284 Ardeatina,
1338 1211 1495 1274 milliario
1515 1213 1589 1291 plus
1611 1214 1721 1276 minus

921 1321 1009 1368 nono
1029 1306 1071 1367 ab
1093 1307 1174 1368 urbe
1196 1311 1311 1380 Roma,
1326 1324 1368 1368 ex
1387 1325 1525 1386 corpore
1538 1310 1720 1372 suburbani

921 1404 1114 1480 patrimonii
1137 1405 1262 1482 Appiae.
1289 1407 1430 1467 Praestat
1458 1423 1570 1468 annue
1597 1407 1719 1470 bisant.

921 1501 995 1562 auri
1011 1502 1159 1580 siliquas.
1173 1503 1262 1564 Idem
1273 1502 1442 1576 incudem,
1457 1505 1582 1580 sergiae
1596 1505 1722 1566 hones-

921 1599 964 1660 tae
976 1599 1118 1674 leminae,
1133 1600 1271 1660 fundum
1288 1601 1515 1673 Severianum,
1531 1617 1573 1662 ex
1583 1617 1722 1678 corpore

921 1712 1040 1759 massae
1079 1697 1274 1766 Juniorum,
1313 1698 1506 1774 patrimonii
1547 1699 1719 1760 Lavicani.

922 1795 1063 1856 Praestat
1075 1811 1185 1857 annue
1199 1795 1321 1857 bisant.
1336 1797 1373 1856 51
1387 1796 1462 1857 auri
1475 1797 1571 1858 solid.

962 1892 1052 1954 idem
1080 1893 1114 1953 111
1137 1893 1257 1964 [eodem
1293 1893 1455 1956 diaconiae
1487 1895 1600 1956 sancti
1633 1897 1721 1956 Eus-

921 1989 1024 2051 tachii
1048 1991 1083 2050 111
1110 1993 1304 2068 perpetuum
1329 1991 1468 2052 fundum
1498 1993 1611 2066 clivis,
1646 1992 1720 2053 iun·

922 2088 999 2148 dum
1037 2090 1280 2166 Querquetum,
1317 2090 1350 2150 et
1387 2089 1646 2162 Placonianum,
1679 2106 1722 2150 ex

922 2202 1060 2264 corpore
1082 2203 1201 2248 massae
1221 2187 1398 2256 Calcianae,
1412 2187 1605 2266 patrimonii
1622 2189 1723 2249 Lari-

922 2283 1008 2344 cani.
1037 2285 1180 2346 Praestat
1201 2300 1312 2346 annue
1335 2284 1446 2347 bisant
1468 2285 1509 2346 52
1527 2285 1602 2346 anri
1622 2285 1719 2347 solid.

922 2384 1012 2444 Idem
1031 2383 1066 2444 in
1090 2383 1218 2452 eodem,
1246 2385 1423 2446 Anastasio
1445 2386 1557 2446 comiti
1583 2384 1721 2446 fundum

923 2485 969 2543 La
1010 2484 1137 2554 Verna,
1170 2498 1213 2543 ex
1243 2497 1382 2559 corpore
1414 2498 1533 2544 massae
1571 2485 1723 2546 Lauren-

920 2581 1043 2653 tianae,
1085 2579 1299 2656 praestantem
1340 2580 1460 2644 bisant.
1496 2581 1537 2642 Li
1571 2585 1608 2654 Q.
1646 2583 1721 2644 auri

923 2677 1018 2739 solid.
1042 2679 1080 2738 Et
1102 2676 1239 2738 fundum
1258 2678 1493 2751 Turanianum,
1515 2695 1558 2740 ex
1579 2695 1718 2757 corpore

923 2790 1042 2836 massae
1054 2775 1265 2846 Citrasensis,
1274 2775 1413 2853 utraque
1426 2776 1619 2854 patrimonii
1625 2778 1721 2839 Caie-

922 2872 1003 2934 tani.
1026 2873 1190 2934 Praestant
1210 2889 1322 2934 annue
1345 2872 1466 2936 bisant.
1488 2875 1597 2936 5auri
1620 2875 1718 2938 solid.

923 2970 1013 3032 Idem
1030 2970 1065 3031 in
1086 2971 1212 3044 eodem,
1231 2971 1404 3034 Theodoro
1424 2973 1554 3034 consuli
1577 2973 1613 3034 in
1629 2989 1719 3034 anno

922 3068 1085 3144 vigesimo
1100 3084 1188 3129 nono
1203 3068 1348 3130 insulam
1361 3071 1570 3146 Capris,cum
1585 3087 1721 3134 monas-

922 3165 1006 3226 terio
1016 3165 1130 3226 Sancti
1144 3165 1315 3242 Stephani,
1326 3183 1400 3228 cum
1409 3166 1561 3228 omuibus
1575 3167 1639 3228 sibi
1651 3185 1724 3245 per·

924 3261 1115 3324 tinentibus.
1144 3264 1286 3326 Praestat
1316 3280 1426 3326 annue
1461 3265 1497 3325 in
1527 3281 1609 3326 auro
1643 3267 1721 3343 qui-

924 3359 997 3420 dem
1016 3361 1071 3421 108
1084 3361 1154 3422 vini
1167 3362 1353 3437 megaricos
1365 3364 1433 3422 100.
1446 3363 1579 3424 idemin
1592 3363 1719 3437 eodem,
1788 3359 1793 3370 '

922 3457 1095 3519 Theodoro
1106 3459 1235 3518 consuli
1246 3459 1368 3531 casale,
1381 3459 1466 3536 quod
1482 3460 1605 3521 dicitur
1611 3462 1722 3524 castro

923 3555 1158 3631 Malore,quod
1171 3557 1299 3632 prestat
1322 3572 1432 3617 annue
1452 3555 1573 3619 bisant.
1590 3560 1629 3620 52
1644 3559 1719 3620 auri

925 3650 1038 3724 solid.;
1064 3650 1097 3711 et
1112 3649 1233 3723 casale,
1250 3651 1336 3728 quod
1352 3651 1473 3714 dicitur
1487 3653 1643 3726 Nimsise,
1652 3654 1718 3716 sita

924 3750 1063 3824 utraque
1087 3747 1176 3810 inira
1199 3749 1344 3810 insulam
1374 3751 1501 3826 Capris
1529 3751 1723 3827 patrimonii

922 3846 1146 3923 Neapolitani.
1163 3847 1305 3910 Praestat
1320 3863 1431 3909 annuo
1445 3851 1509 3920 00.
1532 3850 1606 3910 auri
1621 3851 1717 3912 solid.

922 3944 1012 4005 Idem
1033 3945 1069 4004 in
1089 3944 1216 4015 eodem,
1240 3945 1400 4006 matronae
1420 3947 1589 4023 religiosae
1604 3948 1721 4009 diaco-

923 4043 1034 4114 nissae,
1057 4045 1194 4120 ejusque
1216 4042 1296 4103 liliis
1318 4059 1358 4105 ac
1380 4045 1566 4121 nepotibus,
1594 4045 1716 4120 lacum,

923 4141 980 4216 qui
1004 4140 1125 4202 dicitur
1146 4141 1292 4214 Icaonia,
1309 4157 1353 4202 ex
1373 4157 1512 4218 corpore
1529 4144 1720 4219 patrimonii

923 4239 1112 4316 Campania
1151 4238 1320 4316 Neapolis.
1355 4241 1497 4302 Praestat
1532 4257 1643 4302 annue
1646 4286 1720 4303 ......

923 4336 997 4396 auri
1012 4335 1107 4398 solid.
1125 4336 1214 4398 Idem
1231 4337 1265 4398 in
1285 4337 1412 4410 eodem,
1432 4339 1610 4401 Eustacbio
1627 4355 1723 4416 pres-

922 4433 1037 4511 bytero
1052 4433 1189 4494 fundum
1209 4436 1400 4508 Lauretum,
1422 4437 1455 4498 et
1473 4436 1610 4498 fundum
1630 4440 1722 4499 Mau·

922 4547 1036 4594 rorum
1053 4533 1147 4594 extra
1166 4534 1294 4609 portam
1320 4534 1433 4596 Sancti
1455 4535 1637 4608 Pancratii,
1665 4533 1723 4598 110

921 4627 1069 4702 Aurelii,
1084 4646 1127 4691 ex
1140 4646 1279 4706 corpore
1290 4630 1384 4692 tundi
1400 4631 1600 4706 suburbani,
1618 4634 1719 4710 patri·

923 4727 1025 4788 monii
1044 4728 1184 4789 Tusciae.
1202 4730 1345 4791 Praestat
1359 4745 1468 4790 annue
1491 4731 1554 4801 00.
1572 4731 1646 4790 auri
1662 4746 1720 4790 so-

923 4824 980 4884 lid.
996 4825 1086 4886 idem
1101 4825 1135 4885 in
1149 4826 1276 4897 eodem,
1292 4826 1454 4886 diaconiae
1475 4827 1590 4888 sancti
1604 4826 1720 4889 Eusta-

922 4923 990 4984 chii
1011 4922 1046 4983 in
1069 4924 1275 5000 perpetuum,
1310 4922 1447 4985 fundum
1476 4924 1719 4998 cervinariola,

922 5019 1059 5082 fundum
1088 5019 1292 5089 Gardariola,
1307 5021 1505 5098 praestantes
1533 5020 1654 5084 bisant.
1682 5025 1721 5085 50

922 5118 996 5179 auri
1019 5118 1136 5195 solid.;
1153 5118 1289 5180 fundum
1311 5109 1566 5196 Pompilianum,
1584 5120 1721 5184 fundum

923 5218 1104 5292 Pagarum,
1130 5217 1268 5279 fundum
1291 5217 1562 5293 Lamponianum,
1584 5217 1721 5280 fundum

923 5313 1092 5390 Signioba,
1129 5315 1266 5376 fundum
1297 5315 1552 5392 Pompeianum,
1583 5316 1720 5379 1111101111

922 5413 1118 5482 sarianum,
1136 5413 1273 5475 fundum
1289 5413 1483 5492 Caplanum,
1499 5413 1638 5477 fundum
1653 5417 1721 5478 Ve-

921 5525 1051 5583 ranum,
1068 5508 1205 5572 fundum
1226 5511 1463 5590 Galecijanum,
1482 5511 1721 5576 1110111011-

921 5609 1137 5682 stantianum,
1154 5609 1291 5672 fundum
1307 5609 1512 5684 Gamareilis,
1531 5626 1604 5673 cum
1618 5627 1718 5674 casa-
