4076 6420
292 249 351 312 oo
556 232 577 250 ⁷
593 233 608 300 ,ῖ
627 229 655 312 ’ζ
763 233 940 298 001000
962 229 1007 291 111
1029 228 1177 290 cenna.
1194 257 1232 272 -
1248 229 1482 298 snnuonns.
1890 237 1959 301 aas

298 409 463 474 benedicti
488 407 609 470 Patris
638 403 718 472 mei,
751 395 920 475 percipite
944 405 1092 468 reanum
1147 389 1276 464 sancti,
1304 392 1361 452 sed
1380 393 1530 456 cbristus
1550 394 1630 457 tacit
1646 393 1852 472 baptizatum
1870 411 1955 458 esse

297 509 386 582 quod
400 507 494 569 eoois
502 501 671 579 paratam
685 497 738 562 esi
757 497 799 558 ob
813 495 948 570 ariciae
958 489 1090 550 mundi.
1146 486 1206 548 Dei
1231 487 1346 560 illium,
1372 505 1469 553 sunm
1503 491 1697 564 membrum,
1732 494 1767 554 et
1799 495 1956 571 Spiritus

298 603 416 682 (lietb.
433 615 514 672 xxv,
529 597 595 677 34),
612 595 690 674 quia
704 591 804 654 babet
827 589 1021 668 potestatem
1035 585 1091 645 in·
1147 585 1260 646 Sancti
1292 586 1510 662 signaculum.
1540 589 1704 650 Sacerdos
1728 589 1879 668 baptizat
1914 592 1954 650 in

298 697 470 776 gradiendi
489 710 628 772 regnum
641 691 712 762 Dei,
728 691 758 750 si
775 691 886 750 tamen
900 685 1015 748 eadem
1033 697 1093 758 po-
1146 695 1232 758 aqua
1252 684 1428 756 materiali,
1442 685 1521 762 quia
1536 686 1673 748 mundat
1686 701 1821 746 carnem
1844 689 1953 748 exte-

297 797 418 860 testate
433 809 500 856 non
516 809 552 854 se
566 789 710 870 privabit
723 783 935 848 multitudine
949 779 1091 841 delicto·
1145 778 1240 854 rius;
1258 780 1315 841 sad
1328 779 1479 844 enrbtus
1493 783 1639 860 baptizat
1658 783 1694 843 in
1710 783 1850 862 Spiritu,
1867 785 1954 860 qnia

298 909 384 966 rum,
418 891 471 954 vel
498 887 696 952 enormitate
727 881 864 962 peccati.
897 877 1092 955 suscipiens
1146 879 1265 954 purgat
1285 879 1431 938 animam
1445 879 1598 941 interius.
1617 879 1779 941 Sacerdos
1798 879 1955 956 baptizat

299 991 410 1052 antem
438 1002 575 1068 regnum
608 980 788 1048 immobile,
820 977 920 1040 babet
951 975 1092 1052 gratiam
1147 974 1294 1036 exterius
1313 975 1471 1052 tanquam
1493 976 1610 1052 bomo;
1626 977 1779 1038 Christus
1799 976 1955 1052 baptizat

298 1087 433 1165 propter
467 1099 564 1161 quam
594 1079 698 1158 possit
734 1081 801 1139 Deo
832 1075 975 1152 placere.
1017 1073 1092 1132 Non
1145 1071 1286 1132 interius
1303 1073 1460 1150 tanquam
1471 1075 1571 1134 Deus.
1582 1072 1687 1146 Unde,
1701 1073 1836 1146 trames,
1849 1089 1955 1134 nemo

298 1184 404 1246 solum
431 1181 541 1242 antem
569 1181 648 1249 Deo,
676 1175 733 1237 sed
768 1171 969 1236 bominibus.
999 1167 1092 1230 Unde
1147 1169 1335 1230 contemnat
1352 1170 1494 1245 gratiam
1509 1170 1665 1248 baptismi
1679 1171 1816 1248 propter
1829 1170 1955 1232 vilita-

297 1277 496 1357 Apostolus:
523 1276 707 1347 Unicuique
727 1272 832 1332 datter
857 1266 1092 1341 mareisestaiio
1146 1269 1212 1325 teni
1224 1264 1434 1342 baptizantis.
1456 1267 1561 1328 Nemo
1576 1267 1690 1328 credat
1709 1267 1871 1328 virtutem
1886 1266 1952 1328 Dei

296 1370 699 1452 spiritaeodatiiiiatem.
715 1368 929 1439 Aitipaictem
940 1377 1007 1436 per
1020 1364 1093 1435 Spi·
1147 1360 1318 1438 subjacere
1339 1362 1492 1438 potestati
1511 1363 1653 1440 alicujus
1674 1363 1840 1436 mortalis,
1866 1363 1950 1440 quia

297 1473 408 1534 ritum
421 1472 527 1530 datar
547 1479 665 1528 sermo
677 1465 869 1538 saptentiae,
894 1464 954 1522 olii
976 1471 1092 1520 sermo
1147 1457 1175 1518 si
1190 1458 1346 1519 sacerdos
1358 1459 1503 1538 baptizat
1516 1459 1651 1540 injaqua
1666 1473 1788 1521 nomen
1800 1460 1952 1521 Trinita-

298 1567 453 1630 seieatiae
490 1566 678 1626 sectandam
717 1563 874 1622 eumdem
908 1558 1090 1630 spartium.
1146 1554 1190 1616 tis
1211 1555 1406 1628 invocando,
1423 1557 1574 1620 Christus
1590 1557 1735 1634 baptizat
1754 1558 1791 1618 in
1815 1557 1950 1634 Spiritu

301 1665 330 1744 (1
352 1665 425 1724 tior.
454 1677 522 1728 nn,
555 1657 602 1738 7.)
630 1657 729 1730 Quasi
755 1656 876 1717 dicat:
908 1653 1092 1728 Unicuique
1148 1653 1268 1714 Sancto
1283 1651 1437 1715 'animam
1466 1653 1647 1716 interiusa
1675 1655 1812 1731 peccato
1839 1669 1950 1714 mun-

299 1761 399 1822 datur
423 1759 530 1834 gratia
566 1771 625 1832 por
659 1769 757 1830 quam
782 1751 925 1829 Spiritus
952 1749 1092 1810 Sanctus
1147 1748 1267 1810 dando.

301 1855 491 1919 manifestat
523 1869 559 1914 se
589 1851 740 1912 babitare
760 1850 796 1909 in
822 1847 928 1920 nobis,
956 1846 1007 1906 vel
1034 1861 1093 1922 per
1187 1847 1278 1918 Quod
1302 1847 1331 1908 si
1346 1847 1523 1924 quisdicat
1546 1848 1751 1910 sacerdotem
1776 1847 1948 1910 crimino-

299 1969 398 2032 quam
421 1949 562 2028 Spiritus
585 1948 726 2008 Sanctus
746 1943 935 2006 manifestat
953 1942 1013 2003 Dei
1047 1941 1094 2002 di·
1147 1959 1219 2004 sum
1234 1959 1301 2006 non
1315 1961 1412 2022 posse
1425 1945 1506 2006 dare
1521 1946 1682 2022 Spiritum
1697 1945 1868 2017 Sanctum,
1884 1961 1951 2006 vs-

299 2051 473 2112 lectionam
496 2045 602 2108 nobis.
627 2045 767 2105 Tantum
788 2041 878 2102 enim
898 2055 962 2102 nos
984 2039 1094 2114 diligit
1146 2055 1220 2102 rum
1235 2041 1367 2118 quidem
1391 2041 1482 2113 dicit,
1505 2041 1583 2118 quia
1607 2055 1705 2103 nemo
1727 2041 1836 2118 potest
1862 2040 1948 2102 dare

299 2149 397 2220 Dens,
428 2143 513 2222 quod
539 2141 651 2204 omnia
683 2155 744 2201 sua
777 2137 867 2199 dedit
898 2136 1005 2198 nobis:
1035 2135 1094 2196 Fi·
1147 2138 1332 2210 Dominnm,
1356 2137 1414 2201 sed
1437 2139 1525 2200 Deus
1552 2139 1696 2217 Spiritus
1716 2137 1870 2208 Sanctus,
1887 2153 1949 2200 sa-

298 2243 381 2304 lium
404 2255 546 2318 namque
559 2237 649 2300 dedit
667 2236 708 2298 ad
729 2235 999 2310 redemptionem,
1017 2232 1093 2308 Spi-
1147 2233 1279 2298 cardeto
1304 2235 1526 2304 ministrante,
1560 2235 1616 2297 dat
1649 2235 1876 2312 semetipsum.
1905 2235 1948 2296 nt

298 2341 399 2402 ritum
415 2339 587 2406 Sanctum,
613 2333 654 2395 ad
683 2333 830 2394 nostram
856 2329 1093 2392 sanctificatio·
1147 2331 1297 2407 quamvis
1309 2330 1464 2392 sacerdos
1477 2332 1521 2391 sit
1534 2330 1749 2405 criminosus;
1765 2346 1832 2392 non
1847 2345 1949 2407 prop·

298 2452 385 2510 nem,
401 2433 453 2496 vel
468 2431 693 2494 manifestatio
712 2427 858 2506 spiritus,
874 2427 970 2498 idest,
984 2426 1092 2502 gratia
1145 2427 1358 2489 termeritum
1373 2427 1574 2502 sacerdotis3
1591 2427 1648 2488 sed
1659 2427 1795 2506 propter
1808 2427 1948 2489 invoca-

299 2549 358 2613 per
372 2547 470 2612 qnam
483 2528 714 2592 manifestatur
728 2525 823 2587 nobis
837 2525 980 2600 spiritus
994 2525 1093 2584 Sano-
1146 2523 1269 2586 tionem
1279 2525 1451 2588 Trinitatis
1461 2524 1624 2601 baptizato
1636 2525 1734 2586 datur
1747 2524 1946 2586 sanctifica-

298 2635 362 2704 tus,
381 2644 470 2691 nunc
485 2627 592 2704 potest
606 2625 735 2686 animas
757 2621 939 2690 vivificare,
966 2621 999 2682 01
1020 2635 1093 2698 pos·
1146 2621 1204 2682 tio.
1228 2622 1414 2698 Baptizanti
1437 2621 1626 2682 cumulatur
1645 2621 1825 2683 damnatio.
1847 2622 1947 2683 Unde

298 2731 351 2792 tea
370 2741 510 2803 corpora
536 2724 571 2786 in
594 2720 849 2784 resurrectione.
871 2718 1092 2794 11011οΑ000-
1146 2720 1324 2795 Gregorius
1344 2741 1352 2780 :
1371 2737 1390 2779 e
1406 2721 1470 2782 Per
1495 2733 1556 2781 nos
1583 2718 1698 2780 fideles
1718 2718 1760 2779 ad
1788 2719 1945 2780 sanctum

298 2826 385 2888 tolus
417 2845 425 2884 ι
460 2825 498 2884 Si
525 2821 678 2898 Spiritus
710 2822 785 2891 ejus
820 2820 879 2891 pai
911 2817 1092 2878 suscitavit
1145 2815 1308 2892 baptisma
1322 2816 1469 2888 veniunt,
1481 2831 1541 2893 per
1553 2815 1799 2892 impositionem
1814 2819 1947 2878 nostra-

296 2927 416 2984 Jesam
431 2920 642 2982 cinisiuma
659 2916 809 2977 mortuis
829 2913 959 2976 bobitot
977 2916 1014 2973 ia
1034 2925 1092 2974 aa·
1146 2929 1218 2973 rum
1232 2927 1421 2974 manuuma
1436 2915 1504 2975 beo
1517 2913 1676 2990 Spiritum
1691 2913 1849 2974 Sanctum
1863 2929 1947 2990 per-

298 3023 364 3090 bis,·
379 3020 438 3091 pai
448 3015 627 3076 suscitavit
640 3015 761 3073 lesum
774 3009 948 3072 Uirbium
963 3024 986 3070 a
1001 3021 1092 3070 0100-
1145 3009 1283 3086 cipiunt,
1299 3010 1397 3087 atque
1409 3010 1474 3086 ipsi
1492 3009 1534 3070 ad
1549 3025 1687 3084 regnum
1708 3009 1844 3071 coeleste
1858 3025 1943 3086 per-

298 3105 1092 3184 10100101110001101010010100000000000100
1145 3107 1286 3182 tingunt.
1322 3107 1555 3183 ingrediuntur
1597 3106 1694 3168 electi
1731 3107 1943 3168 sacerdotum

295 3211 441 3286 propter
467 3205 714 3269 inhabitantem
749 3203 919 3278 Spiritum
953 3204 1091 3274 ajusto
1145 3203 1297 3266 manibus
1317 3205 1441 3281 expiati
1465 3203 1632 3267 coelestem
1651 3203 1804 3287 patriam,
1825 3205 1860 3265 et
1886 3219 1946 3264 sa-

297 3309 402 3368 cellis.
419 3303 528 3384 (Rom.
545 3317 618 3374 v111,
643 3299 707 3380 11.)
1145 3301 1294 3362 cerdotes
1309 3301 1374 3378 ipsi
1387 3317 1447 3378 per
1460 3299 1562 3362 vitam
1575 3300 1751 3377 reprobam
1765 3300 1808 3362 ad
1817 3300 1942 3362 interni

336 3402 488 3466 Vidimus
517 3415 589 3476 quaa
612 3397 678 3460 sint
700 3396 888 3460 testimonia
917 3395 1088 3473 baptismi;
1145 3397 1289 3459 claustra
1310 3397 1476 3460 festinant.
1500 3397 1561 3458 Cui
1581 3413 1642 3473 ego
1657 3397 1800 3458 dixerim
1822 3413 1941 3458 sacer-

296 3499 473 3562 videndum
489 3497 540 3558 cst
553 3511 625 3572 qnae
641 3495 707 3556 sint
719 3493 857 3571 species.
870 3495 1018 3564 Quatnor
1030 3493 1091 3554 ita·
1145 3494 1237 3556 doles
1257 3494 1363 3556 malos
1388 3494 1525 3566 similes,
1541 3494 1608 3555 nisi
1622 3509 1718 3570 aquae
1730 3493 1943 3570 baptismatis

296 3615 359 3676 qua
386 3596 512 3674 species
541 3593 618 3656 sunt
642 3591 808 3668 baptismi.
841 3591 953 3652 Prima
979 3592 1030 3651 est
1055 3589 1089 3650 in
1145 3607 1218 3668 quae
1233 3591 1367 3668 peccata
1387 3591 1626 3667 baptizatorum
1650 3589 1940 3662 diluens,illosad

295 3711 393 3773 aqua,
417 3692 574 3762 secunda,
599 3689 634 3750 in
649 3688 816 3766 lacrymis,
843 3688 939 3748 tertia
962 3687 996 3747 in
1012 3703 1091 3748 san·
1144 3704 1282 3764 regnum
1313 3687 1446 3749 coeleste
1470 3687 1584 3759 mittit,
1605 3687 1638 3748 01
1667 3687 1740 3764 ipsa
1763 3688 1878 3764 postea
1903 3689 1940 3750 in

294 3794 406 3868 guina,
424 3795 541 3868 quarta
564 3787 599 3848 in
614 3787 702 3862 igne.
726 3787 838 3846 Prima
853 3784 888 3845 in
904 3799 989 3860 aqua
1002 3785 1089 3846 visi·
1145 3784 1299 3847 cloaehas
1314 3783 1696 3846 descenditietlloachas
1710 3785 1821 3846 autem
1836 3786 1942 3845 nomi·

293 3889 405 3951 biliter
419 3885 646 3964 frequentatur
667 3883 701 3943 in
717 3882 875 3952 Ecclesia,
895 3881 952 3942 sad
966 3881 1089 3942 invisi·
1145 3883 1237 3944 navit
1255 3884 1290 3942 in
1314 3881 1469 3943 hocloco
1490 3881 1606 3944 beatus
1628 3881 1807 3956 Gregorius
1831 3881 1939 3944 iussas

294 3985 405 4048 biliter
430 3983 476 4046 ibi
503 3983 601 4044 datur
635 3977 815 4041 invisibilis
845 3977 963 4054 gratia.
997 3977 1090 4038 Unde
1145 3979 1179 4039 in
1193 3978 1311 4057 quibus
1326 3980 1499 4056 projicitur
1510 3993 1596 4055 aqua
1610 3977 1776 4054 baptismi.

292 4083 452 4144 Dominus
485 4079 520 4140 in
554 4077 745 4152 Evangelio.
776 4077 856 4138 Nisi
882 4077 958 4148 pais
980 4087 1089 4135 reno·
1186 4077 1336 4137 Secunda
1349 4076 1478 4154 species
1491 4075 1645 4152 baptismi
1660 4075 1696 4135 in
1710 4075 1868 4152 lacrymis
1884 4092 1942 4138 ce-

294 4183 350 4241 tus
373 4177 480 4254 aierit
512 4191 559 4236 ccc
597 4187 702 4247 apim,
727 4171 760 4232 et
794 4171 928 4245 Spiritu
953 4173 1088 4244 sarecto,
1145 4173 1292 4235 lebratnr
1313 4173 1592 4250 apoenitentihus.
1621 4172 1714 4234 Unde
1735 4172 1937 4234 Psalmista:

293 4291 362 4338 aaa
388 4273 531 4334 introbit
553 4273 591 4331 ia
613 4283 760 4345 reanum
782 4273 957 4330 coetorum.
979 4266 1088 4348 (toan.
1144 4274 1278 4332 Lavabo
1296 4285 1362 4346 per
1375 4274 1528 4346 scipulos
1544 4270 1659 4332 rwctes
1674 4270 1798 4331 tectum
1809 4285 1937 4343 meula

294 4389 344 4446 111,
360 4369 406 4452 3).
427 4367 633 4446 Quapropter
653 4365 759 4444 potest
777 4364 898 4441 exponi
913 4366 1090 4442 praedictus
1144 4371 1306 4442 iacrymis
1341 4370 1429 4428 meis
1464 4367 1616 4428 stratum
1650 4381 1768 4428 oseam
1805 4369 1936 4442 ripaba.

293 4464 478 4531 versiculus
495 4465 529 4524 in
541 4477 682 4541 persona
695 4459 871 4539 cujnslihet
885 4462 1065 4524 sacerdotis
1080 4483 1088 4524 ε
1145 4465 1213 4544 (Ps.
1227 4467 1257 4536 6,
1274 4463 1319 4543 7).
1332 4463 1463 4526 Lavabo
1476 4462 1694 4540 persingulas
1704 4464 1830 4536 noctes,
1841 4465 1936 4536 idest,

293 4567 362 4642 Ego
377 4562 506 4640 baptizo
526 4561 561 4622 in
585 4573 682 4637 aqua,
706 4558 801 4630 idest,
819 4573 880 4634 ego
902 4558 994 4635 tingo
1015 4575 1091 4620 cor·
1144 4561 1366 4638 persingulas
1390 4560 1516 4637 culpas,
1544 4561 1665 4622 lectum
1691 4575 1811 4634 meum,
1841 4561 1935 4634 idest,

293 4676 375 4740 pora
388 4659 422 4722 in
438 4656 1090 4736 000010010000100000010010010111
1144 4657 1380 4720 conscientiam
1395 4673 1503 4719 meam
1522 4657 1689 4734 lacrymis.
1713 4657 1807 4731 Item,
1824 4657 1937 4734 diligis

294 4773 395 4834 pacem
414 4771 475 4820 vos
498 4755 647 4818 nescitis.
665 4749 814 4832 (10001,
835 4750 900 4832 26).
918 4753 1019 4824 Quasi
1038 4753 1091 4814 di·
1144 4755 1272 4818 Daumi
1291 4753 1404 4814 Funde
1426 4753 1590 4830 lacrymas
1611 4754 1647 4814 in
1660 4753 1838 4816 dilectione
1854 4755 1939 4816 sicut

295 4855 408 4919 cerei:
429 4853 487 4916 ille
511 4851 633 4931 quiesi
650 4850 703 4912 vel
727 4849 818 4912 stetit
843 4849 877 4910 in
893 4847 1001 4910 medio
1014 4865 1091 4910 ves·
1144 4852 1254 4914 011110
1276 4851 1332 4928 qui
1344 4850 1474 4912 dicebat
1486 4871 1493 4910 :
1505 4851 1664 4912 Fuerant
1678 4854 1938 4926 maiiacrpmae

295 4955 398 5023 trum,
423 4950 568 5028 baptizat
599 4947 634 5008 in
663 4947 790 5024 Spiritu
814 4947 935 5007 Sancto
972 4945 1089 5006 lavans
1143 4963 1230 5011 mere
1238 4963 1348 5024 pones
1359 4948 1585 5009 dieacaocte.
1600 4945 1669 5026 (Ρο.
1681 4949 1732 5016 38,
1743 4945 1789 5027 4).
1805 4949 1846 5010 Et
1856 4951 1937 5010 Gre-

295 5051 442 5112 animam
457 5047 597 5108 interius
613 5059 632 5105 a
655 5042 810 5122 peccat03
827 5043 913 5104 sicut
933 5058 994 5118 ego
1013 5043 1088 5104 lavo
1143 5047 1256 5123 gorius
1273 5067 1280 5106 ε
1296 5063 1315 5105 e
1329 5045 1411 5116 Quia
1426 5045 1500 5120 post
1513 5043 1675 5120 baptisma
1688 5044 1937 5121 inquinavimus

295 5163 427 5224 corpus,
450 5145 496 5207 ita
515 5143 557 5205 ab
577 5142 648 5220 ipso
672 5140 804 5202 lavatur
826 5140 973 5216 spiritus.
996 5141 1088 5202 Unde
1142 5144 1255 5214 vitam,
1270 5141 1472 5218 baptizemus
1487 5141 1643 5218 lacrymis
1656 5141 1936 5204 conscientiam.»

296 5243 466 5304 sciendum
481 5239 631 5316 estquod
652 5235 806 5298 sacerdos
826 5236 982 5312 operatur
996 5237 1089 5298 exte-
1144 5239 1244 5311 Quasi
1259 5239 1404 5300 diceret:
1428 5240 1464 5298 ln
1479 5237 1642 5315 baptismo
1655 5237 1804 5299 mundati
1822 5255 1936 5300 sumus

295 5341 377 5412 rius,
421 5337 571 5398 Christus
608 5333 760 5396 interius.
799 5331 959 5394 Sacerdos
996 5333 1085 5406 dicit,
1143 5337 1184 5398 ab
1196 5337 1286 5399 omni
1306 5336 1460 5413 peccat03
1482 5335 1539 5396 sed
1567 5335 1644 5413 quia
1667 5335 1770 5396 vitam
1789 5336 1935 5397 nostram

296 5437 447 5498 Christus
466 5432 555 5494 iacit.
574 5431 735 5494 Sacerdos
749 5429 830 5491 dicit
847 5451 855 5489 z
872 5431 939 5504 ligo
954 5429 986 5491 10
1001 5429 1087 5507 bap·
1143 5434 1256 5511 postca
1281 5432 1522 5494 sordidavimus
1551 5433 1653 5506 vitiis,
1683 5432 1724 5492 ad
1753 5433 1935 5494 secundum

296 5533 361 5594 tizo
381 5533 415 5592 in
442 5529 574 5592 nomine
596 5527 705 5590 Patris
727 5527 759 5590 01
782 5526 859 5588 Filii
887 5527 920 5588 et
946 5528 1087 5604 Spiritus
1143 5531 1315 5608 baptisma,
1337 5529 1432 5602 idest,
1459 5529 1500 5590 ad
1520 5530 1684 5605 lacrymas
1710 5544 1934 5592 recurramus.
