4078 6442
52 304 119 366 cat
727 309 780 371 DE
801 311 997 377 ADVENTU
1021 315 1061 375 II.
1666 308 1725 369 622

58 466 227 535 Quatuor
242 467 372 530 Domini
394 469 499 532 nostri
520 471 601 533 ,lesu
615 469 736 532 Christi
751 470 877 532 adven·
929 475 1063 550 propria
1078 473 1179 546 venit,
1198 471 1283 535 idest
1298 471 1333 534 in
1349 487 1449 533 carne
1464 473 1577 534 nostra
1591 467 1723 533 mortali

60 561 120 622 tus
162 563 344 628 distinctos
375 567 563 629 invenimus
607 568 642 627 in
681 567 873 644 scripturis.
929 586 1027 647 quam
1042 571 1114 650 ipse
1131 571 1219 643 fecit,
1239 571 1317 648 quia
1337 569 1492 632 formavit
1504 569 1672 630 hominem
1683 568 1723 630 de

60 660 210 722 Primus
227 662 334 725 suitin
345 680 456 738 carne,
469 664 634 726 secundus
647 665 698 726 est
709 665 872 741 ingratia,
929 667 1008 730 limo
1024 669 1124 730 terrae
1145 668 1187 729 ad
1213 668 1392 744 imaginem
1417 668 1450 728 et
1473 666 1724 729 similitudinem

59 756 193 819 tertius
226 761 261 821 in
288 763 408 834 morte,
433 764 570 840 quartus
593 762 715 845 erit'in
734 762 873 841 judicio.
929 781 1034 827 suam.
1060 769 1180 828 Factus
1209 768 1260 826 est
1281 765 1380 826 homo
1399 765 1441 826 ad
1461 765 1641 840 imaginem
1665 763 1724 824 Dei

59 856 209 918 Primus
238 858 301 920 suit
316 860 351 920 in
375 860 560 932 dulcedine,
584 860 750 924 secundus
772 861 874 923 estin
929 879 988 941 per
1010 863 1215 936 memoriam,
1237 863 1503 939 intelligentiam,
1526 864 1558 924 et
1573 861 1726 924 dilectio-

58 954 256 1030 sapientia,
268 958 386 1019 tertius
400 959 453 1022 est
467 959 502 1018 in
517 959 640 1031 furore,
659 959 797 1036 quartus
812 959 876 1020 erit
929 977 1015 1022 nem.
1036 962 1152 1023 Unde:
1176 961 1384 1022 Meminerim
1406 963 1450 1033 te,
1472 959 1657 1036 intelligam
1679 960 1722 1032 te,

58 1052 98 1112 in
112 1053 367 1128 indignatione.
612 1075 618 1086 ·
928 1059 1064 1135 diligam
1075 1060 1119 1131 te,
1127 1059 1224 1137 juxta
1235 1058 1317 1120 illud
1335 1059 1370 1120 in
1390 1060 1492 1135 Lege:
1512 1061 1642 1133 ntltpcs
1656 1062 1726 1119 Do-

103 1149 252 1213 Primus
278 1153 440 1215 adventus
463 1152 529 1216 init
553 1154 588 1214 in
601 1129 788 1216 'dulcedine
816 1169 876 1231 per
927 1161 1062 1218 natatum
1082 1161 1193 1219 Derim
1216 1157 1314 1218 tactim
1328 1172 1375 1218 aa
1392 1157 1461 1218 tolo
1481 1158 1599 1228 corde,
1623 1155 1657 1217 et
1677 1169 1725 1217 cm

59 1247 235 1310 humanae
248 1251 360 1312 carnis
373 1252 644 1328 assumptionem,
660 1252 791 1330 quando
804 1252 875 1331 ipse
929 1255 1002 1316 toto
1014 1257 1135 1316 aalma
1155 1254 1225 1315 tum
1248 1251 1356 1332 (Dent.
1372 1267 1417 1324 vr,
1443 1251 1488 1332 5).
1515 1255 1579 1314 Per
1598 1267 1724 1313 memo-

59 1346 238 1408 Dominus
269 1348 383 1410 noster
414 1347 521 1411 iactus
544 1349 595 1411 est
622 1349 726 1412 irater
749 1350 872 1423 noster,
928 1350 1013 1412 riam
1027 1351 1146 1412 similis
1161 1351 1263 1424 Patri,
1281 1367 1341 1428 per
1355 1349 1609 1426 intelligentiam
1624 1349 1721 1421 Filio,

58 1444 148 1521 quia
164 1445 247 1521 ipse
268 1447 318 1508 est
337 1461 374 1508 os
394 1463 438 1508 ex
457 1446 587 1508 ossibus
607 1447 729 1509 nostris
750 1449 783 1510 et
797 1463 875 1510 caro
928 1465 988 1526 par
1009 1447 1219 1511 dilectionem
1239 1448 1378 1526 Spiritui
1403 1449 1536 1510 Sancto.
1559 1450 1625 1508 Per
1648 1463 1721 1508 me-

60 1541 105 1602 de
116 1559 235 1604 carne
255 1544 381 1606 nostra.
400 1547 473 1622 Ipse
488 1545 599 1607 attulit
617 1561 759 1622 namque
780 1545 875 1606 nobis
928 1548 1068 1608 moriam
1081 1547 1203 1609 dicitur
1212 1547 1332 1608 similis
1345 1547 1437 1608 Patri
1457 1546 1587 1608 ratione
1602 1545 1724 1605 simili-

59 1653 137 1700 suaa
155 1639 350 1701 divinitatis
370 1640 600 1712 aeternitatem,
618 1640 650 1702 θῖ
659 1641 785 1717 recepit
797 1657 876 1702 nos-
927 1644 1066 1718 tudinis,
1083 1661 1150 1706 non
1172 1644 1386 1722 proprietatis
1404 1644 1631 1720 expressione.
1648 1643 1723 1703 Non

60 1735 127 1796 trae
144 1737 268 1798 carnis
287 1737 533 1800 mortalitatem.
551 1738 647 1800 Dedit
666 1738 760 1800 nobis
780 1755 873 1799 snam
928 1743 1019 1804 enim
1041 1741 1202 1804 memoria
1214 1742 1348 1819 proprie
1369 1742 1405 1802 in
1428 1744 1532 1802 Deum
1552 1740 1650 1813 cadit,
1668 1739 1724 1817 qui

59 1833 240 1909 gloriam,
274 1836 308 1896 et
342 1836 488 1914 suscepit
511 1836 659 1897 nostram
691 1836 871 1897 miseriam.
927 1855 1095 1918 nunquam
1118 1839 1340 1912 obliviscitur,
1359 1839 1416 1900 sed
1433 1838 1510 1916 quia
1532 1837 1640 1899 solent
1663 1854 1725 1914 pa-

60 1933 232 2009 Suscepit
251 1932 354 2008 igitur
372 1933 407 1994 in
423 1950 459 1994 se
478 1950 609 2011 poenam
629 1949 688 2010 pro
708 1933 871 2006 omnibus
926 1938 994 1999 tres
1007 1937 1208 2014 longevitate
1223 1937 1319 2013 plura
1334 1951 1519 1998 memorare
1535 1951 1633 2012 quam
1649 1935 1720 1995 tilii.

62 2031 101 2092 ut
126 2031 232 2092 daret
261 2047 320 2107 per
341 2046 377 2092 se
398 2031 539 2107 gloriam
564 2031 741 2092 universis.
769 2031 874 2107 Igitur
927 2038 993 2096 Per
1007 2034 1261 2110 intelligentiam
1275 2034 1370 2106 Filio,
1388 2033 1583 2110 quiaFilius
1598 2033 1648 2093 est
1662 2048 1721 2092 sa-

61 2130 157 2190 Deus
179 2128 381 2191 humiliatus
402 2129 455 2191 est
474 2129 703 2201 inhominem,
720 2128 756 2190 ut
774 2128 872 2190 homo
926 2133 1052 2209 pientia
1071 2133 1192 2204 Patris,
1210 2131 1291 2210 'quae
1318 2147 1361 2192 ex
1383 2147 1440 2192 ore
1463 2130 1624 2192 Altissimi
1644 2146 1724 2207 pro-

61 2226 275 2289 sublimaret
286 2227 322 2286 in
333 2229 447 2288 Deum.
460 2227 558 2288 Dives
569 2227 828 2304 pauperatusest
837 2226 872 2286 in
927 2230 997 2302 diit,
1024 2231 1245 2306 primogenita
1268 2229 1345 2290 ante
1367 2245 1496 2289 omnem
1522 2229 1719 2290 creaturam.

64 2339 273 2401 pauperem,
293 2327 330 2386 ut
347 2340 473 2402 pauper
493 2325 655 2411 ditaretur
670 2324 705 2384 in
724 2323 869 2385 divitem.
927 2332 991 2390 Per
1000 2327 1211 2389 dilectionem
1225 2327 1364 2403 Spiritui
1382 2325 1513 2399 Sancto,
1527 2326 1604 2403 quia
1621 2325 1723 2403 Spiri-

64 2422 212 2483 Infirma
234 2423 357 2484 etenim
379 2424 504 2495 nostra,
521 2423 608 2483 sicut
622 2421 754 2493 samem,
771 2422 871 2490 sitim,
926 2425 979 2487 tus
995 2426 1135 2486 Sanctus
1155 2427 1308 2486 estamor
1320 2423 1430 2485 Patris
1445 2425 1478 2485 et
1494 2423 1582 2496 Filii,
1599 2423 1720 2484 ambo-

64 2519 321 2592 lassitudinem,
335 2522 538 2597 caeterosque
551 2520 741 2594 corporales
758 2518 871 2581 defec-
926 2537 1065 2600 rumque
1076 2523 1251 2584 connexio.
1269 2523 1411 2600 Ideoque
1424 2539 1490 2583 non
1503 2521 1588 2584 dixit
1600 2538 1718 2593 meam,

65 2617 135 2686 tus,
162 2619 290 2694 praeter
313 2618 495 2693 peccatum,
513 2633 572 2693 pro
599 2617 694 2678 nobis
713 2617 782 2692 pati
807 2633 873 2678 non
926 2619 1013 2682 idest
1031 2621 1151 2693 Patris,
1171 2622 1204 2683 et
1215 2621 1291 2681 Filii
1306 2621 1339 2682 et
1357 2620 1499 2697 Spiritus
1513 2620 1626 2680 Sancti
1641 2621 1720 2680 tan-

66 2713 221 2775 horruit.
242 2717 406 2784 incarne,
428 2729 501 2790 quae
519 2714 596 2774 sunt
609 2713 798 2790 hujusmodi
816 2729 873 2774 re·
925 2720 1006 2790 tum,
1033 2718 1090 2780 sed
1114 2720 1273 2792 nostram,
1297 2719 1383 2780 idest
1404 2717 1514 2780 Patris
1538 2718 1570 2779 et
1593 2717 1671 2778 Filii
1689 2719 1723 2778 et

66 2812 177 2872 tinuit
205 2812 382 2886 potestate,
411 2811 570 2873 sustinuit
593 2811 781 2882 voluntate,
806 2827 873 2873 non
928 2816 1069 2894 Spiritus
1090 2817 1214 2878 Sancti.
1238 2816 1370 2877 ntideo
1390 2815 1533 2877 dicitur:
1553 2818 1721 2890 faciainus

62 2925 194 2986 passus
212 2909 420 2971 necessitate·
436 2909 518 2980 Quia
533 2909 583 2968 illi
597 2908 701 2984 pietas
714 2907 792 2970 fecit
806 2925 872 2970 non
925 2918 1097 2978 nerninem
1123 2919 1167 2975 od
1192 2917 1381 2990 lanuginem
1401 2915 1435 2974 ct
1460 2914 1722 2975 strictitudinem

64 3007 215 3081 dignum
227 3007 313 3082 quod
329 3005 424 3067 nobis
437 3006 574 3068 miseria
584 3005 742 3068 reddebat
755 3023 873 3068 neces·
925 3013 1084 3073 nostram
1104 3009 1199 3089 (Gen.
1215 3027 1238 3082 1,
1259 3013 1308 3072 26.
1332 3014 1416 3071 Dum
1439 3010 1518 3071 dicit
1539 3011 1581 3071 ad
1596 3010 1720 3086 imagi-

65 3105 214 3164 sarinm.
241 3106 310 3164 Hoc
334 3104 445 3165 autem
474 3104 717 3166 incarnationis
742 3105 870 3166 Divinae
925 3124 1012 3179 nem,
1026 3107 1119 3170 notat
1130 3107 1216 3169 bona
1227 3109 1371 3182 naturae:
1389 3106 1557 3169 subdendo
1570 3107 1612 3168 ad
1621 3107 1723 3168 simi-

67 3203 271 3279 mysterium
301 3202 343 3264 ab
367 3204 492 3264 aeterno
519 3203 716 3279 repositum,
742 3202 871 3278 angelis
925 3206 1110 3274 litudinem,
1125 3206 1218 3268 notat
1229 3205 1316 3267 bona
1331 3206 1458 3282 gratiae.

68 3299 325 3362 sublimioribus
357 3301 529 3373 creditum,
551 3299 682 3362 diabolo
707 3301 869 3373 celatum,
964 3309 1007 3366 In
1016 3308 1168 3380 propria
1178 3305 1273 3365 ocavit
1287 3305 1322 3365 ct
1332 3307 1387 3365 sui
1399 3319 1478 3364 cam
1494 3318 1562 3364 lton
1576 3317 1719 3378 recepe-

67 3398 241 3460 redditum
265 3398 364 3460 estin
383 3400 500 3460 Maria.
525 3400 721 3474 susceptum
746 3397 786 3460 ab
809 3401 873 3458 Eo-
924 3404 1018 3464 runt.
1036 3403 1106 3474 Sni,
1122 3401 1210 3462 idest
1222 3403 1241 3462 J
1245 3401 1330 3461 udeei
1343 3417 1418 3461 eum
1431 3416 1498 3461 non
1509 3403 1717 3477 receperunt,

67 3495 186 3568 clesia,
212 3495 284 3557 sine
310 3496 375 3558 line
396 3495 598 3558 celebratum
621 3496 658 3556 in
679 3495 798 3570 gloria.
821 3496 869 3556 Ad
925 3499 981 3560 sed
995 3498 1188 3576 spernentes
1202 3497 1375 3559 dixerunt:
1389 3501 1720 3560 Nolamrmbuncrc-

67 3593 133 3654 hoc
148 3593 264 3670 itaque
279 3593 452 3654 nobiscum
468 3592 553 3654 vixit
562 3593 597 3652 in
613 3607 724 3663 carne,
740 3595 776 3652 ut
790 3607 872 3666 prae-
923 3611 1033 3674 pltare
1051 3611 1157 3670 stcpcr
1179 3609 1243 3656 mos
1261 3593 1342 3673 (Luc
1356 3610 1428 3663 mx,
1446 3593 1510 3666 14).
1531 3595 1592 3655 Hic
1607 3594 1719 3670 itaque

67 3691 174 3753 ferret
194 3691 348 3766 exempla
364 3690 515 3767 justitiae.
540 3689 589 3749 Ad
613 3689 676 3750 hoc
693 3703 753 3766 pro
776 3688 870 3748 nobis
924 3693 1084 3755 adventus
1099 3692 1162 3754 fnit
1179 3693 1214 3753 in
1229 3691 1413 3753 dulcedine.
1437 3695 1515 3764 Quae
1531 3691 1619 3752 euim
1641 3708 1718 3752 ma-

68 3789 214 3850 mortem
230 3787 343 3855 subiit,
360 3787 396 3848 ut
410 3784 578 3847 conferret
591 3800 730 3846 munera
753 3785 871 3846 salutis
920 3795 977 3870 jor
999 3789 1139 3852 dulcedo
1167 3791 1275 3867 potest
1300 3805 1373 3850 ossa
1397 3789 1433 3849 in
1456 3789 1520 3851 hae
1537 3789 1605 3851 vita
1618 3806 1717 3868 quam

69 3887 222 3947 aeternae.
236 3884 390 3946 Traditus
401 3884 559 3956 estenim,
574 3883 610 3945 ut
622 3883 669 3944 ait
680 3883 868 3960 Apostolus,
924 3889 986 3950 ruit
1003 3888 1063 3948 illa
1086 3887 1126 3948 de
1148 3903 1213 3965 qua
1236 3887 1317 3950 dicit
1338 3888 1458 3948 isaias:
1486 3892 1639 3960 Populus
1660 3892 1719 3961 qni

68 3985 210 4060 propter
221 3983 356 4059 peccata
365 3983 490 4053 nostra,
504 3980 699 4043 vulneratus
710 3981 761 4042 est
771 3996 872 4058 prop·
923 3987 1059 4050 sedebat
1083 3989 1120 4047 tn
1145 3985 1294 4047 tenebris
1317 3989 1405 4046 cidit
1427 3991 1536 4048 lucem
1552 4001 1718 4062 magnam

68 4082 121 4142 ter
138 4081 269 4142 scelera
288 4081 413 4142 nostra.
434 4082 518 4141 Ecce
539 4079 712 4155 plagarum
729 4079 868 4140 curatio.
924 4083 981 4166 (is.
998 4101 1045 4157 ix,
1059 4081 1104 4162 2),
1121 4083 1207 4145 idest
1219 4083 1425 4145 nativitatem
1440 4083 1576 4145 Christi.
1600 4083 1639 4145 nt
1651 4100 1716 4144 na-

69 4179 110 4239 Et
118 4179 306 4240 resurrexit
316 4178 450 4254 propter
456 4176 712 4254 justificationes
726 4177 867 4238 nostras,
922 4184 1036 4246 tivitas
1051 4180 1174 4242 Christi
1186 4179 1249 4242 fuit
1258 4180 1318 4242 lux
1331 4197 1411 4242 vera
1426 4197 1499 4259 quae
1515 4181 1718 4244 illuminavit

69 4279 156 4336 Ecce
180 4275 385 4350 perditorum
406 4273 587 4350 reparatio.
612 4273 762 4335 Portavit
781 4274 870 4334 enim
922 4281 1026 4343 totum
1052 4279 1177 4348 orbem,
1206 4279 1292 4340 sicut
1319 4278 1399 4341 dicit
1427 4279 1605 4341 Zacharias
1633 4283 1720 4342 Pro-

69 4373 211 4450 peccata
221 4371 334 4434 nostra
348 4373 384 4432 in
397 4387 457 4432 suo
470 4385 610 4448 corpore
620 4387 720 4448 super
729 4371 867 4454 lignum,
923 4379 1032 4456 pheta,
1042 4380 1136 4456 pater
1148 4380 1167 4440 J
1170 4375 1288 4438 oannis
1301 4398 1308 4436 ι
1325 4380 1527 4440 Illamlnarc
1538 4381 1593 4440 hta
1606 4381 1665 4452 qut
1680 4381 1718 4440 tn

71 4471 161 4532 siout
175 4469 257 4531 dicit
269 4470 394 4532 isaias:
423 4473 508 4532 Vere
526 4474 710 4545 toopaorcs
733 4471 870 4532 nostros
924 4479 1073 4540 tenebris
1096 4477 1272 4538 scombro
1285 4476 1409 4536 mortis
1427 4473 1521 4554 (Luc.
1538 4491 1561 4547 1,
1574 4474 1641 4554 79).
1661 4475 1719 4540 Est

71 4572 145 4642 l'ilssss
178 4568 255 4630 lulli
290 4567 346 4647 (18·
371 4583 449 4639 L111,
475 4569 516 4646 4)·
544 4566 709 4640 portavit,
739 4583 805 4629 non
834 4569 870 4630 ut
924 4575 1013 4636 enim
1031 4589 1133 4634 unum
1152 4572 1264 4633 lumen
1279 4571 1313 4634 et
1326 4571 1421 4649 plura
1443 4573 1582 4634 lumina.
1609 4575 1718 4635 Unum

71 4665 143 4742 ipse
159 4665 307 4738 haberet,
323 4665 379 4726 sed
396 4665 431 4726 ut
445 4681 465 4726 a
481 4663 575 4730 nolis
588 4663 745 4726 aviierret.
762 4665 871 4726 Idem·
923 4689 982 4750 per
992 4673 1156 4742 naturam,
1170 4671 1268 4748 plura
1288 4686 1348 4747 per
1362 4671 1516 4746 gratiam.
1530 4673 1639 4732 Unum
1654 4688 1717 4746 ge.-

73 4780 136 4839 que
175 4764 347 4840 spinarum
377 4777 536 4824 001¹⁰11³1¹1
566 4763 720 4836 gestavit,
747 4764 783 4825 ut
808 4779 869 4825 nos
923 4771 1040 4842 nitum,
1059 4769 1155 4846 plura
1177 4769 1300 4830 creata.
1323 4768 1380 4829 Est
1398 4767 1636 4829 enimverbum
1652 4771 1720 4829 Pa-

73 4861 191 4922 aeterni
206 4862 299 4937 regni
315 4861 502 4922 diademate
518 4860 706 4921 001¹0narel·
922 4870 983 4931 tris
1005 4869 1116 4928 lumen
1136 4866 1177 4927 de
1202 4865 1338 4938 lumine,
1360 4865 1447 4927 sicut
1469 4869 1556 4927 Deus
1579 4865 1717 4927 debeo.

114 4960 179 5021 iste
203 4959 364 5021 adventus
378 4957 442 5020 fuit
460 4956 673 5032 indulgentiae
693 4957 773 5034 quia
796 4959 871 5020 exi·
923 4967 1016 5030 Unde
1031 4966 1066 5026 in
1083 4962 1286 5040 Evangelio:
1302 4964 1392 5025 Erat
1407 4968 1469 5025 lucc
1484 4978 1570 5026 nero
1584 4979 1661 5040 quoe
1677 4967 1724 5027 lt·-

73 5058 204 5119 nanivit
225 5072 261 5118 se
284 5056 424 5118 sormam
447 5055 533 5118 servi
547 5055 727 5132 accipiens
742 5056 868 5118 bisina·
922 5063 1070 5128 luminat
1096 5060 1206 5141 (Joan.
1232 5076 1255 5133 1,
1275 5059 1322 5140 9).
1351 5062 1391 5122 nt
1411 5059 1513 5122 alibi:
1537 5063 1611 5137 Epo
1640 5077 1720 5123 sum

74 5154 159 5216 nivit
171 5171 217 5227 se,
233 5153 319 5215 idest
333 5153 522 5216 humiliavit
538 5169 574 5213 se
587 5152 719 5229 quando
734 5154 868 5216 exivita
922 5167 984 5224 tram
995 5163 1132 5232 manda·
1149 5156 1543 5238 quioredti(Joan.v1n,
1566 5156 1630 5236 12).
1646 5161 1720 5220 Lux

75 5253 172 5312 Patre
188 5253 220 5314 et
234 5251 405 5314 descendit
417 5251 452 5310 in
467 5253 595 5311 aiterum
608 5251 767 5326 Virginis.
783 5254 868 5313 Des·
922 5261 986 5322 ista
1008 5258 1129 5336 ubique
1145 5273 1293 5335 expansa
1308 5257 1369 5328 est,
1390 5272 1456 5317 non
1481 5255 1608 5317 habens
1632 5273 1719 5317 con-

76 5350 185 5412 cendit
199 5351 233 5411 in
247 5334 398 5419 indidem,
417 5348 473 5409 sed
486 5349 646 5410 remansit
665 5365 740 5409 0111ss
757 5352 866 5411 Patre·
921 5359 1044 5420 tractos
1060 5356 1092 5418 et
1104 5356 1221 5418 tenues
1239 5354 1351 5417 radios
1370 5353 1511 5430 replevit
1530 5354 1635 5416 totum
1658 5371 1718 5416 or-

76 5448 227 5524 Suscepit
253 5446 493 5507 humanitatem
519 5446 576 5506 sed
601 5447 739 5508 retinuit
760 5447 869 5510 deita—
921 5457 1005 5518 hem.
1034 5457 1074 5516 Et
1090 5454 1216 5515 David:
1238 5452 1461 5526 Nomentani
1479 5467 1515 5514 sc
1536 5456 1720 5515 abscondat

75 5543 151 5604 tem.
176 5545 269 5607 Unde
285 5544 319 5605 in
333 5543 531 5618 Evangelio:
548 5547 590 5604 In
601 5548 866 5618 promineant,
921 5571 944 5615 a
969 5559 1083 5616 patore
1109 5556 1184 5624 ejas
1209 5549 1278 5630 (Ps.
1301 5552 1358 5623 18,
1386 5548 1432 5628 7).
1457 5549 1555 5611 Calor
1576 5553 1648 5628 ejus
1668 5552 1718 5612 est

76 5641 107 5700 ot
122 5645 176 5703 sni
186 5659 265 5704 alirn
280 5658 348 5704 :ton
368 5643 572 5717 raccpervod
586 5639 695 5719 (ioan.
712 5657 734 5715 1,
754 5641 815 5722 11).
832 5647 867 5706 in
923 5651 1078 5714 nativitas
1091 5648 1224 5722 Christi,
1240 5665 1259 5710 a
1276 5665 1338 5727 quo
1353 5649 1475 5722 calore,
1487 5649 1571 5711 vela
1584 5665 1724 5730 quarm·
