4078 6442
107 303 164 386 tei
431 307 434 312 ’
694 301 893 374 ennoean
915 307 975 372 vii
996 307 1104 369 viva.
1694 305 1756 368 osa

106 479 251 564 privavit
270 460 332 562 (a).
348 471 549 557 'Stephanus'
557 475 648 560 Papa
667 471 822 538 carolum
841 467 901 552 (b),
957 455 1127 530 dominnm
1142 455 1268 542 Papam
1290 461 1437 527 senioris
1452 463 1566 526 Romae
1579 463 1756 528 orosacria

106 577 218 659 Pipini
240 575 330 655 regis
354 576 501 649 tratrem,
529 589 672 652 aragne
686 567 849 649 deposuit,
871 568 904 629 et
957 563 1031 642 lego
1066 561 1357 625 excommunicare
1390 561 1553 624 instinctu
1589 561 1754 626 diabolico

106 675 263 757 Pipinum
285 675 320 737 in
342 677 414 754 ejus
441 674 514 736 loco
539 670 719 734 substituit.
743 667 903 730 Nicolaus
958 660 1253 740 praesumpserunt
1284 659 1373 732 Quod
1391 658 1513 722 iactum
1541 661 1754 723 attendentes
1818 729 1823 741 ,

107 791 237 855 quoque
248 777 416 837 Romanus
429 769 578 850 pontifex
590 769 673 831 duos
684 765 902 844 imperatores
958 759 1128 837 principes
1151 756 1258 835 regni,
1275 773 1343 818 non
1367 757 1581 820 mediocriter
1604 757 1757 822 dubitare

107 890 176 936 uno
205 872 386 949 eodemque
411 872 561 947 tempore
583 861 901 937 excommunicavit3
958 857 1146 934 coeperunt,
1171 871 1220 918 an
1247 853 1628 917 excommunicationem
1649 856 1757 933 ipsam

107 971 306 1034 Michaelem
340 967 497 1031 videlicet
527 965 734 1035 orientalem,
769 961 905 1040 propter
958 955 1182 1027 contemnere,
1199 969 1243 1015 an
1266 969 1340 1016 eam
1361 954 1557 1016 reverenter
1575 953 1757 1016 observare

107 1070 274 1148 ignatium
293 1065 693 1143 constantinopolitanum
714 1061 904 1138 episcopum
960 1050 1142 1132 [deberent]
1171 1073 1179 1112 ε
1204 1052 1350 1113 maxime
1378 1061 1452 1113 cum
1477 1051 1513 1112 in
1538 1067 1653 1114 eorum
1683 1051 1757 1128 lege

107 1168 182 1230 sine
197 1166 325 1246 judicio
347 1169 447 1243 Papae
469 1179 489 1225 a
510 1163 588 1225 sede
603 1177 663 1222 sua
677 1158 858 1238 dejectum;
873 1157 906 1218 et
959 1150 1180 1223 contineatur,
1197 1150 1234 1211 ut
1247 1149 1276 1210 si
1292 1149 1366 1226 quis
1380 1149 1467 1211 inira
1481 1165 1606 1210 annum
1621 1152 1654 1212 et.
1669 1149 1756 1212 diem

106 1265 303 1330 Lethaiium
321 1261 366 1344 (c)
384 1260 633 1333 occidentalem,
650 1253 904 1337 propteraual-
960 1247 1001 1310 ab
1025 1247 1381 1310 excommunicationis
1404 1246 1540 1310 vinculo
1564 1263 1631 1309 non
1655 1248 1758 1310 luerit

107 1363 222 1426 dradae
234 1361 364 1442 pellicis
379 1377 448 1422 suae
461 1359 664 1421 societatem.
684 1356 804 1418 Beatus
817 1368 905 1432 quo·
960 1345 1150 1418 absolutos,
1176 1345 1266 1408 omni
1287 1345 1401 1407 careat
1419 1343 1593 1421 dignitatis
1617 1346 1756 1407 honore.

107 1478 174 1541 que
188 1459 393 1533 Ambrosius,
407 1473 473 1520 non
490 1453 728 1520 Romanussed
743 1451 907 1515 Mediola-
962 1444 1055 1507 Unde
1081 1444 1122 1506 ad
1150 1459 1265 1506 eorum
1293 1443 1557 1506 consolationem
1579 1443 1758 1521 prudentes

106 1559 226 1622 nensis
253 1557 422 1636 pontifex,
452 1555 635 1618 Maximum
663 1553 843 1632 tyrannum
872 1552 907 1610 et
961 1543 1109 1620 episcopi
1137 1541 1330 1620 biposmodi
1358 1541 1523 1605 dederunt
1545 1543 1757 1619 responsum,

106 1657 334 1721 Theodosium
355 1655 592 1734 imperatorem
609 1649 650 1714 ab
664 1649 816 1712 Ecclesia
832 1647 907 1725 pul·
961 1639 1059 1718 qiiod,
1076 1639 1259 1734 secundum
1284 1637 1409 1704 statuta
1431 1641 1463 1701 et
1479 1638 1633 1715 exempla
1657 1655 1758 1701 sanc-

105 1769 184 1817 sum
193 1751 505 1824 excommunicavit,
516 1752 554 1813 ut
565 1765 634 1812 non
643 1747 833 1823 ambiguum
841 1746 903 1806 est.
960 1740 1069 1800 terum
1080 1737 1406 1810 Pauumhtomanos
1418 1735 1609 1798 Pontifexa
1626 1737 1758 1798 nemine

106 1853 190 1928 Quis
202 1868 292 1929 ergo,
307 1843 906 1926 nisimentecaptus,ignoratregiam
956 1835 1104 1914 jndicari
1130 1849 1191 1896 seii
1207 1832 1492 1896 excommunicari
1508 1833 1675 1896 ullatenus
1696 1851 1759 1913 po·-

105 1953 309 2030 potestatem
324 1947 540 2011 Pontificibus
559 1961 635 2008 esse
653 1941 859 2021 subjectam?
874 1942 907 2002 et
962 1934 1037 1996 test.
1050 1931 1383 2010 idooprincipesipsi
1394 1929 1565 2011 (quoniam
1577 1932 1759 1994 secundnm

106 2051 185 2129 quis
200 2049 315 2112 credat
330 2064 350 2109 a
365 2045 570 2124 subjectione
581 2042 724 2107 Romani
733 2038 906 2103 Pontificis
961 2031 1124 2094 malitiam
1152 2029 1311 2092 instantis
1339 2029 1500 2106 temporis
1527 2029 1649 2090 melius
1674 2028 1758 2091 nihil

106 2165 146 2210 se
161 2148 306 2209 alienum
327 2161 414 2217 esse,
436 2141 572 2221 nisiqui
593 2138 803 2218 exigentibus
826 2153 908 2215 pec·
962 2125 1177 2207 invenerunt)
1205 2143 1279 2188 cum
1306 2127 1493 2204 Rodulpho,
1519 2126 1692 2199 Guelione,
1721 2142 1760 2188 ac

105 2245 195 2308 catis
212 2244 282 2306 suis
297 2242 387 2305 inter
401 2257 480 2304 oves
496 2239 619 2302 Christi
636 2253 703 2299 uon
717 2235 840 2297 meruit
850 2251 909 2294 nu·
961 2222 1759 2305 Theodoiioojduoibus,etaliismajoiibusregni,

105 2339 333 2406 meraritSed
345 2343 416 2420 jam
430 2336 481 2402 rei
492 2337 655 2409 ordinem,
672 2351 769 2413 quem
785 2331 908 2410 incepi·
958 2323 1150 2402 jnramento
1186 2322 1378 2394 firmarunt,
1409 2324 1446 2384 ut
1473 2321 1502 2383 si
1529 2337 1591 2384 rex
1619 2322 1760 2386 consilio

105 2457 197 2515 mus,
208 2454 450 2520 prosequamur
464 2434 524 2517 (1),
963 2437 1078 2484 eorum
1106 2420 1321 2499 acquiescere
1347 2420 1470 2492 vellet,
1501 2435 1637 2497 operam
1666 2437 1762 2484 suain

315 2535 317 2540 ·
607 2586 616 2602 .
963 2517 1146 2581 efficaciter
1168 2516 1375 2590 adhiberent,
1402 2518 1438 2580 ut
1463 2515 1644 2596 Gregorius
1669 2521 1762 2596 Papa

410 2618 606 2714 CAPUT'IL
960 2617 1051 2678 ultra
1071 2617 1201 2678 montes
1225 2616 1365 2688 veniret,
1379 2615 1448 2677 eta
1468 2615 1604 2677 vinculo
1626 2631 1763 2678 excom-

962 2714 1201 2776 municationis
1229 2729 1306 2774 eum
1331 2711 1530 2775 absolveret.
1559 2715 1630 2785 Quo
1653 2711 1760 2786 iacto,

109 2833 481 2908 hairaisciporoioooio,
495 2818 909 2903 nooiiipiteieotio,irrili
964 2827 1026 2874 rex
1037 2827 1096 2875 oio
1110 2811 1245 2889 proprio
1255 2813 1483 2889 juramentum
1496 2811 1661 2888 praesuiis,
1674 2811 1761 2889 quon

250 2929 395 2993 conatus
410 2929 571 3005 Gregorii
589 2940 654 3000 pro
669 2939 767 3001 paee,
964 2911 999 2971 in
1028 2911 1172 2972 adventu
1195 2909 1304 2987 ipsius
1324 2909 1496 2970 Pontificis
1518 2908 1644 2986 absque
1673 2910 1761 2972 male
1821 2933 1825 2940 ·

964 3007 1100 3084 ingenio
1116 3009 1188 3085 ejiis
1204 3005 1308 3069 staret
1321 3006 1479 3069 mandato
1491 3027 1499 3067 ε
1512 3006 1544 3068 et
1555 3021 1764 3086 consequen-

149 3113 182 3171 7.
206 3111 338 3171 Interea
352 3106 407 3168 ubi
433 3105 474 3168 de
488 3104 589 3181 Regis
610 3102 721 3166 banno
745 3102 786 3164 ad
809 3118 908 3164 aures
962 3108 1017 3168 ter
1044 3106 1213 3183 principes
1240 3105 1362 3167 iterum
1385 3105 1587 3183 juraverunt
1611 3105 1647 3166 in
1674 3105 1764 3167 hunc

109 3208 203 3286 vulgi
219 3205 402 3286 personuit,
419 3207 508 3267 totus
520 3203 610 3265 orbis
623 3204 794 3264 Romanus
805 3201 909 3263 nimio
964 3204 1153 3277 modum,ut
1165 3203 1194 3264 si
1204 3219 1266 3264 rex
1276 3193 1543 3281 quodJura'verat
1553 3203 1761 3276 observaret,

110 3309 233 3371 timore
248 3304 446 3383 perterritus
460 3318 526 3365 non
542 3301 754 3364 mediocriter
769 3299 911 3362 vacilla-
963 3303 1030 3380 ipsi
1045 3317 1120 3364 cum
1135 3316 1175 3362 eo
1187 3301 1222 3362 iu
1238 3317 1339 3362 manu
1348 3301 1460 3362 valida
1470 3301 1766 3378 proficiscerentur

16 3457 19 3460 .
110 3406 161 3469 vit
182 3403 315 3466 :italici
340 3417 483 3479 namque
508 3399 676 3461 antistites
700 3400 734 3459 et
760 3397 910 3474 episcopi
966 3399 1006 3462 ad
1033 3399 1148 3461 urbem
1178 3401 1333 3470 Romam;
1359 3397 1392 3459 et
1416 3399 1552 3475 recepta
1580 3399 1764 3476 imperialis

87 3572 89 3579 ,
109 3501 285 3566 Teutonici
299 3500 394 3576 regni
408 3512 510 3575 super
530 3498 624 3558 tanta
648 3495 859 3558 dissensione
874 3495 910 3554 in
966 3511 1098 3558 coronae
1113 3494 1276 3571 dignitate
1291 3511 1311 3556 a
1326 3494 1460 3556 domino
1476 3495 1639 3571 Gregorio
1659 3498 1763 3573 Papa,

112 3603 226 3680 partes
246 3615 283 3660 se
303 3597 500 3664 diviserunt,
522 3595 557 3656 et
582 3597 718 3654 auctore
739 3589 909 3663 cutberto,
966 3592 1209 3654 descenderent
1231 3607 1305 3653 cum
1326 3591 1533 3653 exercituin
1554 3593 1709 3668 Apuliam
1732 3596 1766 3654 et

112 3699 201 3778 apud
212 3697 361 3775 Papiam,
376 3693 588 3755 contumaces
598 3689 746 3767 episcopi
757 3687 912 3750 Lombar-
966 3689 1154 3752 calabriam
1168 3689 1284 3751 contra
1298 3689 1328 3750 N
1331 3704 1523 3762 ermannos,
1540 3689 1597 3767 qui
1609 3691 1690 3753 tuno
1704 3690 1765 3752 ad-

112 3797 180 3860 dis
207 3797 285 3875 post
308 3791 439 3855 Pascha
465 3786 699 3852 convenerunt
717 3786 753 3847 in
777 3800 909 3846 unum:
966 3781 1190 3850 versabantur
1217 3786 1418 3864 apostolicae
1447 3786 1543 3862 Sedi3
1578 3788 1613 3849 et
1639 3790 1765 3851 terram

112 3895 238 3973 ibique,
259 3891 431 3954 imitantes
460 3885 615 3950 Photium
643 3884 677 3947 et
703 3885 909 3956 dioscorum,
965 3887 1084 3964 ipsam,
1102 3884 1252 3963 expulsis
1267 3883 1482 3958 hermanum,
1499 3883 1596 3947 beato
1618 3885 1716 3948 Petro
1732 3889 1768 3950 et

152 4095 195 4172 (o)
216 4095 270 4153 die
288 4095 367 4152 ortos
387 4093 434 4149 lll
446 4091 573 4149 Leonem
595 4089 752 4147 isauricum
767 4095 795 4146 et
810 4103 912 4146 cinnes
966 4089 1043 4147 cario
1058 4089 1175 4157 scimus,
1192 4086 1334 4161 quodiam
1348 4085 1532 4158 monachum,
1547 4095 1632 4161 atque
1647 4087 1683 4146 ab
1696 4087 1766 4164 hys·

114 4175 269 4232 iconomac
308 4164 514 4222 scadheninte
530 4161 692 4228 obsti-iacit,
713 4161 804 4234 inquit
818 4163 909 4218 zona·
967 4159 1036 4218 tullo
1057 4157 1313 4232 Langobardorum
1330 4173 1400 4232 iege
1422 4159 1543 4216 missum
1562 4159 1591 4216 in
1603 4161 1764 4230 Fiduciam,

114 4256 173 4309 ias,
188 4242 214 4294 et
232 4235 457 4308 dedicatisque
471 4247 558 4303 ioque
576 4233 613 4288 od
630 4232 660 4287 iil
672 4236 780 4300 tenipus
795 4231 912 4302 imperio
967 4231 1002 4290 ad
1023 4229 1138 4289 trahem
1159 4228 1196 4288 ab
1210 4229 1315 4288 auxilio
1336 4230 1421 4302 Papae
1439 4228 1557 4288 serendo
1569 4229 1763 4300 alienandum,

113 4311 180 4369 inde
192 4306 233 4379 (ld
257 4313 301 4364 est
325 4320 361 4362 ex
373 4303 465 4374 ltalia)
476 4301 669 4374 pandebantur
686 4301 817 4370 inhibuit,
841 4302 912 4359 totto
965 4302 1051 4375 idque
1064 4301 1139 4360 serio
1154 4307 1300 4374 agentern,
1317 4300 1390 4357 sicut
1405 4301 1480 4358 male
1488 4315 1642 4374 persuasus
1657 4300 1763 4372 luerot3

111 4397 178 4442 cam
192 4377 312 4438 Francis
325 4375 427 4448 {odae
439 4374 482 4447 (ut
495 4372 593 4430 videre
603 4381 647 4430 est
658 4372 733 4445 apud
746 4373 910 4442 baronium,
966 4373 1002 4432 de
1011 4371 1157 4431 communi
1169 4371 1289 4430 condlio
1300 4373 1475 4444 rexPipiaus
1485 4372 1766 4446 etPopaStephanne

113 4454 151 4512 ad
170 4467 217 4510 an.
237 4449 299 4520 iit,
319 4462 346 4506 n.
367 4443 414 4517 it)
428 4447 539 4502 micilo
553 4444 592 4500 iai
612 4444 733 4500 ,retorto
747 4445 910 4513 obedentia,
969 4445 1024 4500 «in
1040 4443 1764 4517 monasterioillieinFranciacollocaveruntjnxta

113 4526 147 4582 ob
158 4535 321 4596 perversam
334 4518 395 4590 eius
407 4515 573 4588 opinionem.
613 4530 660 4572 um
676 4529 746 4588 ergo
761 4515 834 4573 Otho
850 4515 909 4573 Fri·
967 4514 995 4572 id
1009 4513 1085 4588 quod
1099 4529 1131 4574 ee
1143 4514 1298 4574 devoverat
1313 4511 1512 4572 monachicam
1525 4527 1613 4572 avere
1625 4515 1714 4572 vitain
1733 4531 1762 4572 i:

114 4593 260 4668 eligensis
272 4591 311 4648 ait
324 4605 330 4647 :
343 4590 442 4661 «Lego
453 4595 481 4645 et
495 4587 593 4659 relego
606 4588 798 4644 Romanorum
810 4599 911 4660 regum
967 4592 1052 4659 atque
1076 4585 1132 4643 hoc
1148 4586 1330 4643 occasionem
1352 4582 1421 4642 daie
1443 4585 1533 4657 potuit
1543 4557 1647 4644 diendo
1664 4587 1763 4644 alluci-

114 4673 144 4724 et
155 4668 358 4738 imperatorum
373 4667 467 4733 gesta,
481 4665 509 4715 et
524 4672 664 4730 nusquam
678 4657 794 4714 invenio
809 4673 909 4730 quem·
967 4656 1065 4726 nandi,
1114 4657 1201 4716 acioli
1223 4656 1271 4714 uid
1283 4655 1319 4713 de
1329 4655 1510 4714 carlomanni
1522 4655 1701 4730 depositione
1714 4671 1766 4730 pei

115 4751 201 4810 quam
223 4748 323 4792 eorum
352 4737 418 4788 ante
444 4729 520 4786 hunc
541 4726 721 4802 (henricum)
744 4743 760 4784 a
783 4729 912 4787 Romano
967 4742 1066 4787 ierem
1093 4735 1155 4785 acta
1169 4672 1244 4785 ibi‘le
1266 4728 1345 4786 isset.
1424 4797 1431 4810 ι
1748 4798 1765 4810 ..

115 4805 254 4867 Pontihce
274 4803 320 4860 vel
343 4801 620 4860 excommunicatum
645 4799 693 4882 vel
706 4811 796 4872 regno
815 4800 909 4884 priva·
999 4769 1041 4874 ᾖ)
1058 4793 1765 4882 ilicconiundiluihotteriaarentundelotluirit

115 4887 187 4947 tuin,
205 4899 216 4928 i
231 4873 354 4934 ostendit
367 4888 400 4929 se
424 4872 500 4945 loqui
524 4869 559 4928 de
584 4871 618 4926 iis
647 4883 694 4941 qui
716 4870 744 4925 in
759 4870 912 4928 Occidente
966 4887 1095 4943 regnam,
1108 4877 1206 4942 postea
1223 4866 1499 4942 Lethaiingiaieum
1514 4876 1594 4940 patre
1608 4883 1661 4926 suo
1673 4883 1763 4940 impe·

115 4954 282 5023 regnarunt,
303 4957 360 5002 uon
383 4949 479 5002 cutem
503 4939 538 4998 de
565 4939 911 5014 imperatoribusdiaeeis,
967 4951 1060 5002 iatoie
1084 4939 1282 5022 luotharioget
1300 4940 1340 4997 illi
1364 4939 1479 5066 puidam
1506 4938 1765 4997 excommunicatio

115 5035 235 5094 quoium
248 5018 343 5091 plures
357 5012 539 5072 anathemate
554 5012 700 5085 perculsos
710 5010 798 5070 luisse
812 5013 848 5070 ob
857 5011 913 5072 hae·
966 5029 1044 5086 saepe
1057 5011 1194 5070 intentata
1205 5011 1268 5081 luit,
1281 5011 1309 5068 in
1322 5011 1376 5070 We
1389 5009 1507 5067 drodant
1522 5011 1609 5068 etiarn
1625 5025 1762 5084 persona·

116 5091 203 5150 resim
218 5092 390 5146 ceitumest.
966 5085 1030 5142 litei
1052 5083 1123 5154 lata;
1139 5085 1201 5155 ipse
1226 5090 1334 5140 tamem
1360 5095 1426 5139 eam
1448 5081 1580 5138 simulata
1597 5082 1764 5154 poenitentia

152 5161 193 5235 (b)
214 5160 314 5218 Sciens
330 5156 463 5214 Nicolaus
478 5149 662 5227 quodPipioi
676 5151 763 5211 irater
778 5155 911 5226 Garoias,
966 5155 1129 5214 declinavit.
1156 5153 1290 5212 Similiter
1317 5159 1416 5210 contra
1445 5152 1616 5211 Michaelem
1645 5153 1764 5212 Balbum

115 5247 167 5290 seu
192 5231 286 5305 potius
298 5228 515 5294 Cortoriacum,
532 5225 620 5282 multo
646 5225 724 5297 prius
750 5241 836 5298 quain
851 5229 909 5284 Ste·
967 5228 1038 5287 allia
1055 5225 1148 5283 minus
1159 5239 1217 5283 non
1227 5223 1367 5298 processit
1378 5224 1512 5284 Nicotaus
1527 5226 1616 5297 Papo,
1630 5223 1765 5296 quiauno

114 5305 228 5374 phonas
243 5304 281 5359 Pa
303 5295 429 5365 aluerit,
443 5295 534 5354 tactus
556 5297 592 5352 sit
613 5295 771 5353 monachus
789 5297 910 5366 cassim,
966 5297 1019 5356 867
1032 5297 1128 5355 vivere
1139 5294 1232 5354 desiit.
1455 5321 1459 5326 ·

115 5373 263 5430 locterio
285 5316 370 5441 ἕψω
392 5381 496 5424 nomeu
519 5365 565 5424 liic
591 5367 735 5450 substituit
758 5373 786 5424 et
812 5384 910 5426 revera
1003 5367 1043 5454 (i)
1063 5368 1105 5426 On
1141 5372 1189 5424 eut
1206 5380 1236 5423 ia
1259 5363 1766 5450 prochervdeflccltejustificationde

118 5443 332 5509 childericum,
346 5439 453 5506 volens,
469 5436 565 5520 credo,
576 5438 766 5522 Cliitpericam
778 5411 909 5524 intedigi,
967 5439 1105 5512 Gregoiie
1117 5382 1181 5507 εΗ,
1192 5381 1263 5495 celia
1276 5451 1331 5511 que
1341 5437 1480 5520 Gregorio
1497 5437 1643 5518 lui-nieme
1661 5436 1767 5496 iouinit

117 5515 245 5574 dieresin
269 5525 349 5568 eruin
360 5523 463 5582 regum
473 5509 615 5576 ultimum,
627 5523 656 5564 in
667 5523 748 5579 cuius
758 5508 911 5593 depositio·
967 5511 1039 5568 dans
1053 5524 1085 5567 sa
1104 5509 1186 5567 lettre
1202 5526 1209 5566 :
1225 5508 1271 5566 dd
1285 5510 1493 5564 dalimannum
1507 5523 1590 5576 episc
1606 5510 1764 5580 delentem,

118 5600 184 5644 noni
199 5528 351 5643 Zdeqiarias
363 5579 544 5663 consensisse
555 5577 590 5636 ab
601 5579 742 5664 aliquibus
750 5579 860 5664 dicitur.
869 5581 912 5640 dd
966 5583 1021 5656 Ep.
1037 5583 1069 5653 L,
1081 5595 1120 5652 iv,
1133 5581 1160 5651 d,
1174 5579 1220 5639 ed.
1233 5579 1367 5652 Pagnlei,
1381 5587 1401 5637 t.
1413 5581 1436 5651 l,
1452 5595 1479 5653 p.
1496 5579 1559 5639 299.

118 5656 338 5716 carlomannum
351 5651 425 5726 qiiod
435 5657 544 5720 attinet,
556 5665 591 5707 eii
601 5651 752 5709 Anastasio
760 5651 909 5714 bibliotlie·
1264 5676 1268 5687 ·
