4078 6442
32 262 116 322 629
752 263 805 327 DE
826 265 1022 330 AnvnNrU
1047 265 1087 328 Il.
1678 267 1739 328 630

35 437 148 495 xxv,
188 420 632 502 34,40).1ratusquidem
659 424 885 503 impiis,quia
941 426 1023 499 suis,
1052 425 1085 489 et
1104 425 1151 488 ibi
1187 424 1323 488 reddam
1347 423 1527 503 unicuique
1554 425 1735 488 secundum

38 521 204 582 ardens
233 522 284 584 est
297 520 391 584 furor
404 525 477 601 ejus
499 526 532 584 et
553 523 666 600 gravis
687 523 728 585 ad
748 525 887 600 portan-
941 539 1041 600 opera
1054 527 1126 584 sua.

39 619 160 679 dum.
196 619 299 682 Unde
323 621 443 683 clamat
466 621 591 683 David:
614 625 885 693 Demaeneti
980 621 1058 682 Tria
1081 619 1157 682 suut
1176 619 1349 698 dequibus
1366 621 1433 682 Deo
1447 619 1609 681 reddituri
1623 634 1737 680 sumus

39 719 115 777 tra
137 717 219 778 tua
237 733 367 794 arpinas
386 733 441 779 me
455 733 565 793 neque
582 721 619 780 tu
633 720 754 793 surore
768 723 883 781 corri-
939 717 1114 779 rationem.
1129 721 1177 779 De
1192 734 1232 780 eo
1245 717 1331 795 quod
1344 718 1496 779 homines
1512 733 1625 778 sumus
1637 717 1738 780 ratio·

38 819 143 890 pias
162 831 235 876 ane
249 814 317 894 (Ps.
332 819 361 888 6,
373 813 418 894 2).
434 818 472 877 nt
483 815 572 877 labia
586 818 658 893 ejus
671 817 796 894 repleta
808 819 886 879 sunt
939 816 1044 885 nales,
1059 815 1197 889 scilicet,
1215 833 1257 877 ne
1277 815 1311 876 in
1324 833 1410 878 vano
1424 817 1649 894 acceperimus
1662 815 1737 876 ani-

41 912 334 989 indignatione‚
361 929 435 974 cum
455 913 556 976 dicit:
581 918 726 978 esurivi
753 917 787 976 et
816 931 885 977 noa
939 929 1026 974 marn
1041 913 1258 976 nostramDe
1271 914 1405 992 eoquod
1419 913 1593 976 christiani
1607 927 1731 987 sumus,

43 1013 229 1072 dedistis
243 1015 329 1074 ruint
342 1015 554 1073 uturtducure
574 1009 705 1092 (Matth.
721 1027 802 1086 xxo,
817 1012 882 1093 42).
939 1027 1109 1073 nonomen
1120 1012 1252 1073 Domini
1265 1013 1299 1074 in
1309 1029 1432 1074 vanum
1442 1011 1733 1090 assumpserimus.

43 1109 212 1184 Lingua
229 1111 339 1171 autem
351 1111 422 1187 ejus
436 1110 530 1186 quasi
543 1111 631 1186 ignis
644 1111 808 1172 devorans
820 1111 881 1172 est.
939 1111 985 1169 De
1008 1126 1046 1170 eo
1062 1109 1148 1187 quod
1163 1110 1199 1172 in
1214 1111 1360 1188 aliquam
1375 1112 1502 1188 partem
1523 1111 1621 1172 sortis
1638 1125 1737 1171 sanc-

44 1207 152 1278 Quia
184 1208 306 1269 statim
326 1223 401 1269 cum
424 1207 570 1269 dixerit:
587 1209 639 1270 Ite
656 1209 829 1270 benedicti
847 1213 884 1271 ta
938 1207 1048 1268 torum
1060 1209 1170 1270 vocati
1186 1225 1311 1277 sumus,
1326 1209 1382 1286 qui
1398 1209 1540 1270 dicimur
1555 1207 1668 1269 clerici
1681 1207 1734 1268 vel

44 1307 195 1381 ionem
228 1307 411 1377 ceterarum,
436 1309 494 1380 qut
511 1307 661 1380 paratus
680 1308 731 1369 cst
753 1311 884 1370 diabolo
939 1305 1038 1366 etiam
1059 1305 1225 1378 monachi,
1251 1321 1294 1367 ne
1308 1307 1343 1367 in
1356 1323 1498 1367 vacuum
1519 1305 1661 1382 gratiam
1675 1305 1736 1366 Dei

45 1403 88 1462 et
104 1406 265 1478 carpetis
279 1405 354 1474 ejus
365 1400 496 1482 (Matth.
513 1419 594 1475 unu,
611 1403 665 1484 41)
679 1421 687 1478 ;
706 1405 814 1467 mittet
826 1421 884 1466 eos
938 1401 1151 1478 recipiamus.
1169 1402 1250 1474 Quis
1268 1402 1331 1463 erit
1341 1402 1446 1479 judex
1460 1403 1496 1462 in
1511 1400 1574 1464 hoc
1584 1401 1735 1479 judiciol

45 1498 91 1560 in
111 1500 306 1561 caminum
318 1501 407 1576 ignis
422 1502 581 1564 ardentis.
600 1501 649 1562 Ibi
664 1502 728 1563 erit
743 1502 839 1563 fletus
853 1503 885 1565 et
939 1497 1100 1572 Christus,
1118 1499 1223 1561 Filius
1236 1500 1306 1560 Dei.
1322 1500 1415 1561 Unde
1431 1499 1609 1561 Psalmista
1621 1521 1629 1560 :
1642 1504 1736 1562 Deus

48 1597 203 1658 stridor
228 1597 387 1659 dentium.
406 1599 498 1660 Sicut
514 1600 615 1660 etiam
637 1599 717 1662 dicit
738 1599 881 1678 Sybilla:
931 1599 1104 1668 iudicium
1133 1597 1230 1658 tatum
1253 1601 1330 1674 rapt
1353 1601 1397 1658 da
1424 1595 1492 1676 (Ps.
1509 1600 1559 1670 71,
1575 1595 1622 1676 2).
1645 1596 1735 1658 Elin

47 1712 71 1755 ‹<
96 1697 385 1774 Tartareumque
418 1698 526 1759 Chaos
561 1697 759 1761 monstrabit
793 1698 883 1760 terra
938 1692 1140 1768 Evangelio:
1157 1695 1269 1755 Pater
1282 1709 1351 1756 nou
1365 1695 1501 1767 jactitent
1515 1709 1732 1769 paeruptum,

55 1793 310 1854 dehiscens.»
338 1797 441 1855 Terra
465 1794 651 1868 dehiscens,
682 1795 777 1869 idest,
799 1811 883 1872 ape·
937 1790 1609 1872 sedomnejudtctumdedttEtitoCoan.
1623 1789 1733 1872 v.‚22).

51 1891 163 1951 riens
203 1891 263 1952 vel
290 1891 446 1952 scindens
475 1909 529 1964 se,
553 1893 750 1955 monstrabit
780 1895 885 1955 tarta-
938 1887 1022 1959 Quia
1048 1889 1114 1949 nisi
1143 1887 1307 1966 judicium
1336 1889 1376 1950 ad
1404 1889 1513 1966 ipsum
1540 1889 1733 1967 pertineret,

60 2005 176 2049 reum
196 1988 320 2062 Chaos,
336 1989 433 2063 idest,
445 1990 699 2068 profunditatem
713 1991 766 2052 vel
781 2007 883 2053 vora·
937 1985 1141 2047 nullomodo
1156 1989 1301 2049 loannes
1317 1986 1529 2063 Evangelista
1542 1987 1582 2047 de
1595 2001 1633 2047 eo
1649 1986 1735 2048 dice·

57 2087 191 2162 ginem
210 2085 350 2147 interni.
367 2087 407 2148 nt
420 2087 572 2149 homines
587 2088 731 2149 damnati
744 2090 882 2166 accepta
937 2082 989 2144 ret
1012 2083 1047 2143 in
1069 2083 1269 2159 Evangelio:
1295 2084 1406 2145 Pater
1416 2085 1622 2158 potestatem
1643 2085 1735 2145 dedit

58 2184 262 2255 sententia,
275 2185 322 2245 tte
336 2185 508 2247 maledicti
520 2189 683 2261 irripuerit
698 2187 881 2259 aeternum,
938 2184 970 2241 ct
991 2183 1165 2253 judicium
1186 2184 1318 2257 facere,
1344 2185 1426 2256 parta
1450 2183 1560 2243 Filius
1586 2183 1735 2243 baninu

57 2282 134 2358 ipsi
148 2281 273 2342 statim
284 2281 534 2350 descenduntin
545 2282 881 2356 infernumviventes,
938 2277 991 2339 est
1003 2275 1113 2356 (toan.
1129 2293 1162 2350 v,
1176 2278 1241 2358 27).

61 2379 163 2440 sicut
192 2379 438 2441 descenderunt
460 2365 591 2441 Dathan
618 2381 651 2442 et
669 2379 814 2456 Abyron.
836 2382 883 2441 De
978 2375 1125 2448 Quatuor
1146 2376 1246 2438 etiam
1268 2375 1435 2437 mirabilia
1463 2375 1564 2438 faciet
1582 2376 1734 2436 Christus

60 2476 135 2538 hoc
152 2476 308 2537 adventu
321 2477 433 2538 Enoch
450 2477 609 2554 septimus
625 2477 666 2538 ab
681 2477 786 2538 Adam
799 2493 881 2554 pro·
938 2488 1012 2534 cum
1037 2473 1168 2535 venerit
1191 2473 1232 2535 ad
1251 2473 1425 2551 judicium,
1451 2474 1616 2546 uidelicet,
1638 2489 1734 2535 com·

62 2573 237 2651 phetavit
267 2573 382 2634 dicens
413 2577 531 2636 :Ecce
563 2575 678 2636 octatet
715 2571 883 2637 Dominus
938 2571 1734 2649 movebitelementa,ressuscitabitcorporamor·

63 2675 106 2732 iu
131 2672 275 2732 satietis
298 2675 444 2736 uelitibus
469 2674 542 2732 suis
565 2668 657 2749 (tud.
681 2670 749 2751 14),
773 2671 806 2732 11
833 2675 884 2734 est
936 2669 1006 2741 tua,
1032 2669 1160 2731 occulta
1182 2669 1284 2732 saciet
1303 2670 1489 2743 manifesta,
1517 2674 1550 2732 et
1569 2670 1734 2732 discernet

65 2785 151 2829 cum
191 2766 340 2828 millibus
369 2768 559 2830 sanctorum
585 2768 696 2829 facere
718 2769 883 2846 judicium
937 2767 1041 2827 bonos
1061 2782 1081 2828 a
1105 2768 1213 2840 malla,
1230 2784 1297 2830 non
1321 2769 1427 2829 solum
1443 2769 1528 2842 loco,
1548 2769 1606 2829 sed
1632 2769 1733 2829 etiarn

68 2866 204 2928 contra
220 2880 347 2936 omnes,
365 2865 397 2926 et
411 2881 552 2941 arguere
571 2881 686 2928 omnes
704 2867 823 2944 impios
843 2868 882 2930 de
937 2864 1056 2940 gratia.
1080 2865 1249 2927 Elementa
1273 2869 1351 2928 sunt
1372 2867 1529 2928 videlicet
1555 2866 1674 2927 coelum
1701 2866 1734 2927 et

67 2961 238 3024 omnibus
254 2963 408 3038 operibus
422 2963 601 3040 impietatis
614 2980 739 3025 eorum.
936 2962 1037 3034 terra,
1059 2978 1146 3040 aqua
1159 2964 1192 3025 et
1205 2963 1304 3040 iguis,
1322 2965 1408 3026 sicut
1422 2963 1503 3026 dicit
1517 2964 1643 3025 Isaias:
1666 2966 1735 3026 Su-

111 3063 206 3131 Heu,
230 3059 307 3132 heu,
325 3076 422 3137 quam
434 3060 583 3122 terribile
606 3062 670 3124 erit
688 3062 770 3124 illud
785 3063 881 3140 judi·
933 3075 1000 3134 per
1014 3065 1206 3122 boccacium
1219 3062 1370 3134 turbate,
1385 3062 1418 3123 et
1430 3063 1624 3123 monebitur
1636 3062 1735 3124 terra

71 3159 182 3229 cium,
213 3156 254 3217 ad
281 3158 367 3234 quod
393 3159 505 3220 veniet
523 3161 693 3233 Dominus
718 3161 753 3222 ut
777 3161 881 3222 isaias
937 3161 977 3218 de
992 3163 1135 3220 iocosae
1146 3160 1293 3234 prepter
1307 3161 1580 3236 tndipnnttonem
1595 3162 1735 3221 Domini

71 3256 134 3328 ait,
160 3271 244 3316 cram
264 3259 401 3318 saltibus
413 3261 530 3332 populi
542 3262 607 3332 sut,
624 3258 659 3320 et
668 3262 882 3335 principibus
936 3257 1167 3325 caeercituum,
1196 3258 1231 3318 et
1241 3260 1388 3332 propter
1406 3261 1497 3318 diem
1516 3261 1582 3318 trce
1599 3259 1734 3331 sororis

71 3357 153 3426 ejus
175 3350 236 3432 (ls.
262 3369 312 3425 ur,
336 3352 389 3433 14)
405 3355 437 3416 et
458 3354 500 3414 ad
518 3356 723 3416 damnandos
743 3357 875 3433 impios.
937 3357 1012 3425 esras
1023 3349 1079 3431 (Is.
1096 3369 1171 3425 xnr,
1187 3351 1250 3432 13).
1268 3354 1367 3426 lieet,
1384 3355 1520 3431 propter
1538 3355 1625 3415 diem
1638 3353 1734 3431 judi-

73 3451 175 3512 Unde
192 3451 228 3510 in
239 3451 434 3526 Evangelio:
453 3453 687 3514 cumvenerit
701 3457 883 3516 211123110-
937 3451 980 3510 cii
995 3450 1031 3509 in
1046 3466 1110 3526 quo
1126 3450 1275 3512 ostendet
1294 3451 1380 3512 iram
1400 3467 1505 3512 suam.
1530 3452 1570 3512 Et
1590 3453 1733 3526 hggaeus

74 3551 199 3621 uitatis,
221 3548 308 3610 idest
325 3549 431 3609 Filius
450 3549 609 3624 Virginis,
640 3553 677 3610 tu
698 3549 881 3622 maiestate
937 3546 1107 3622 propheta,
1133 3547 1200 3608 imo
1220 3547 1378 3608 Dominus
1400 3563 1459 3624 per
1472 3550 1634 3624 aggaeum
1655 3563 1735 3624 pro-

74 3661 142 3706 sua
151 3645 439 3721 atomucsAnpeti
447 3661 525 3706 cum
533 3643 710 3724 eo(hlatth.
720 3661 803 3717 xxv,
815 3645 880 3726 31),
937 3643 1087 3720 phetamt
1110 3647 1197 3705 Ecce
1218 3649 1292 3720 Epo
1310 3648 1449 3707 movebo
1464 3651 1584 3707 caetrrm
1602 3647 1636 3706 et
1660 3645 1734 3706 ter-

75 3742 176 3815 idest,
202 3743 235 3802 in
263 3743 410 3819 potentia
429 3759 498 3803 suae
519 3741 713 3804 divinitatis.
735 3743 883 3814 Qualiter
936 3756 1027 3813 rura,
1043 3757 1143 3802 mere
1160 3742 1194 3802 et
1210 3745 1326 3818 tpnem
1344 3743 1377 3804 ct
1391 3744 1511 3817 pentes
1522 3740 1618 3822 (agg.
1633 3757 1668 3814 11,
1685 3741 1731 3822 8).

75 3842 243 3902 venturus
265 3841 318 3913 sit,
335 3839 547 3915 Evangelista
565 3839 775 3902 manifestat:
797 3843 882 3908 Cocta
937 3839 1082 3901 Morebit
1110 3839 1230 3900 coelum
1265 3855 1325 3918 per
1357 3840 1490 3916 fulgura
1517 3845 1550 3902 ei
1572 3841 1730 3902 tonitrua.

77 3939 171 3999 sterit
192 3939 310 4012 sulpur
329 3939 476 4013 apparet
500 3941 536 4000 in
560 3939 709 4010 Oriente,
731 3940 764 4000 et
788 3941 883 4001 vertit
936 3936 1081 3998 Movebit
1094 3939 1219 3998 terram
1231 3953 1291 4015 per
1304 3938 1403 4000 terrae
1416 3939 1524 4000 motus
1544 3939 1577 4000 et
1595 3939 1734 4000 scissio-

77 4051 190 4108 usque
205 4039 242 4096 tn
255 4037 479 4108 Occidentem,
493 4037 544 4097 tta
558 4037 627 4097 erit
637 4037 805 4098 adventus
816 4040 881 4098 Fi·
896 4021 903 4085 ἶ
936 4049 1007 4096 nes.
1025 4035 1170 4097 Movobit
1184 4051 1276 4097 mare
1295 4053 1354 4114 per
1366 4036 1515 4098 turbines
1535 4037 1568 4099 ct
1584 4036 1733 4114 tempes-

79 4136 117 4194 lti
136 4129 546 4210 aomtpn(matth.xx1v,
569 4132 635 4212 27).
661 4134 879 4206 Venitsortls,
936 4134 1031 4195 tates
1070 4133 1160 4210 Ignis
1198 4135 1298 4195 etiam
1332 4135 1510 4196 succendet
1539 4135 1733 4197 universum

77 4229 256 4300 terribilis,
266 4229 488 4305 judicaturus,
500 4230 784 4308 nonjudicandus.
800 4234 883 4304 Quo·
937 4231 1105 4291 mundum.
1123 4231 1217 4292 Unde
1237 4232 1357 4294 David:
1374 4221 1471 4308 lpats'
1492 4237 1529 4296 tn
1550 4234 1733 4307 conspectu

82 4326 181 4388 modo
206 4325 338 4388 venisti
367 4327 404 4387 In
433 4326 530 4399 nube,
552 4329 638 4390 sicut
655 4329 805 4391 ascendit
834 4331 881 4392 ita
937 4333 1011 4402 ejus
1023 4331 1166 4402 ardebit,
1183 4331 1218 4391 et
1236 4332 1437 4392 incircuitu
1455 4334 1530 4404 ejus
1549 4333 1735 4407 tempestas

81 4423 271 4497 descendet,
287 4424 723 4500 sicutlegimusinActibus
738 4429 882 4505 Aposto-
936 4431 1050 4488 aalide
1076 4425 1148 4505 (Ps.
1174 4429 1224 4496 49,
1252 4426 1297 4507 3).
1324 4429 1469 4490 blovebit
1492 4431 1618 4505 gentes,
1647 4429 1734 4491 sicut

82 4522 204 4594 lorum,
221 4522 353 4600 quando
374 4523 491 4599 Angeli
514 4523 670 4587 dixerunt
692 4527 879 4602 Apostolis:
937 4525 1017 4586 dicit
1045 4526 1280 4601 Evangelium:
1310 4527 1345 4587 et
1373 4529 1410 4587 ia
1437 4528 1545 4589 terris
1561 4541 1735 4600 pressura

89 4623 161 4681 Vtri
182 4623 322 4692 Caltlcrt,
344 4625 424 4694 perid
438 4625 665 4684 aduttromtut
677 4625 882 4697 aspicientes
935 4625 1091 4700 petatium
1116 4622 1209 4703 (Luc.
1232 4639 1307 4697 uxr,
1333 4622 1398 4703 23).
1423 4626 1462 4686 nt
1487 4625 1646 4686 Dominus
1674 4639 1734 4701 per

84 4720 120 4778 tn
133 4723 277 4780 creterra?
290 4720 327 4779 H
328 4721 357 4778 tc
370 4719 527 4781 Christus
544 4723 602 4792 qut
616 4722 817 4794 nssurnptus
830 4723 883 4783 est
938 4722 1161 4798 sophoniam:
1190 4725 1366 4784 Tributcbo
1380 4725 1536 4783 homines
1557 4723 1591 4783 et
1607 4725 1731 4782 umbu-

86 4830 107 4874 α
131 4818 224 4876 cobis
250 4819 443 4887 tuccetum,
471 4817 881 4890 sicoeuietquemactmo-
936 4821 1053 4881 inbuant
1073 4821 1112 4880 ut
1132 4823 1213 4880 caeci
1235 4823 1317 4893 quta
1341 4823 1487 4880 Domino
1501 4821 1733 4894 peccaverunt

86 4915 165 4972 ctum
189 4914 326 4974 vidistis
348 4929 428 4974 cam
447 4914 688 4975 accersientem
706 4919 742 4975 iu
760 4921 881 4978 caetum
937 4917 1052 4996 (soph.
1070 4915 1167 4994 1,17).
1181 4916 1423 4980 Ressuscitabit
1443 4931 1583 4994 corpora
1596 4918 1731 4979 nostra:

88 5007 169 5086 (hct.
191 5025 213 5082 1,
227 5007 270 5078 2).
295 5009 358 5071 Ubi
375 5010 508 5072 venietl
533 5013 570 5070 In
594 5011 681 5072 valle
707 5014 879 5090 Josaphat.
937 5017 1013 5092 quia
1035 5031 1094 5091 per
1112 5015 1270 5076 uirtutem
1291 5014 1413 5076 Christi
1433 5015 1631 5092 ubicumque
1653 5015 1730 5076 iue-

89 5106 133 5166 lbi
144 5107 432 5182 congregabuntur
447 5125 560 5168 omnes
574 5110 726 5169 nationes
741 5111 882 5187 populo·
936 5113 1004 5174 rint
1019 5128 1095 5174 ossa
1111 5112 1225 5174 nostra
1245 5113 1406 5190 dispersa,
1428 5113 1485 5174 aut
1500 5113 1609 5190 pulvis
1622 5113 1733 5174 carnis

88 5219 173 5277 rum,
202 5205 288 5265 sicut
309 5206 466 5265 Dominus
492 5206 577 5268 dixit
593 5207 762 5283 prophetae
787 5209 879 5270 toel:
936 5213 1057 5272 nostrae
1071 5211 1251 5287 dispersus,
1269 5226 1404 5271 necesse
1418 5213 1510 5273 estut
1519 5212 1554 5271 in
1567 5211 1732 5272 momento

89 5305 169 5362 Ecce
186 5317 247 5378 cpe
272 5305 482 5378 corzprepabo
503 5319 621 5364 orienes
648 5306 806 5366 rectiones
819 5323 882 5382 po·
936 5309 1173 5370 coadunentur.
1190 5309 1283 5369 Unde
1298 5311 1444 5369 ioannes
1460 5308 1493 5368 in
1509 5308 1730 5385 Apocalypsi:

89 5405 241 5471 prelorum
270 5403 306 5460 tu
327 5403 412 5460 calle
431 5403 604 5474 Josapnat,
619 5403 653 5462 et
679 5406 724 5463 tot
750 5407 882 5479 abcep-
935 5411 1036 5468 blare
1046 5407 1139 5468 ‹tedtt
1152 5407 1308 5466 ritortucs
1323 5410 1381 5479 put
1394 5407 1496 5466 ercet
1511 5411 1547 5468 tu
1562 5421 1618 5479 eo;
1630 5407 1663 5468 et
1678 5410 1734 5468 tn-

91 5497 248 5559 tetecum
263 5496 483 5576 ets(Joel‚1n,
500 5497 545 5576 2),
563 5500 595 5560 et
606 5500 765 5576 recipiam
776 5503 882 5562 ratio-
934 5508 1058 5580 ferrans
1081 5505 1119 5588 ct
1135 5519 1231 5564 alors
1255 5505 1424 5564 dederunt
1437 5506 1594 5565 abortiens
1615 5507 1673 5578 qni
1694 5507 1733 5566 tn

92 5609 160 5655 nem
189 5595 229 5657 ab
259 5611 456 5674 unoquoque
484 5611 544 5674 pro
560 5585 713 5659 omnibus
735 5600 879 5676 peccatis
935 5605 1020 5677 ipsis
1033 5603 1134 5664 eruut
1146 5601 1260 5680 (Apoc.
1277 5617 1336 5670 xx,
1355 5601 1418 5681 13).
1430 5603 1523 5663 blare
1538 5601 1629 5664 dabit
1643 5619 1734 5664 mor-
