4090 6426
39 287 107 348 ιιι
703 281 826 345 umen
847 277 1058 342 cursuum.
1647 289 1707 350 442

41 447 110 506 siae
126 445 161 505 in
171 442 284 519 aliquo
294 439 470 503 rebellare.
478 441 558 502 Item
569 437 653 502 nulli
664 440 851 504 statuentur
905 439 1088 502 calaritani
1107 438 1369 516 sivejudicatus
1386 455 1485 518 quam
1498 438 1602 522 ‘sigilli
1626 464 1705 526 pro-

41 541 90 602 ad
111 537 296 601 custodiam
321 537 505 598 castrorum
525 535 579 598 vel
600 536 728 598 arcium
744 535 850 613 ipsius
905 537 970 614 prii
982 537 1175 600 munimime
1190 535 1391 600 roboratum.

41 638 162 713 regni,
178 635 249 696 sive
260 633 430 712 judicatus
443 633 637 706 calaritani,
652 633 731 712 quin
744 633 851 710 primo
944 632 1706 714 Actumininlerioricamerepalatiirenerabi-

38 735 176 812 jurent,
190 733 361 804 honorem,
372 731 558 794 libertatem
571 731 604 793 et
611 733 690 810 jura
704 731 852 808 ejusdem
906 731 948 796 lis
963 731 1067 808 patris
1071 774 1144 794 ......
1160 730 1404 810 archiepiscopi
1413 735 1607 809 calaritani,
1618 740 1706 817 apud

43 831 211 894 Ecclesiae
226 845 286 906 per
304 829 417 892 omnia
440 829 473 891 et
491 829 528 890 in
542 828 694 890 omnibus
709 829 805 890 firma
820 828 853 890 et
905 829 1020 893 villam
1034 829 1164 892 Sanctae
1179 829 1333 903 Caeciliae,
1351 833 1571 907 praesentibus
1586 839 1707 914 magis-

43 929 185 990 illibata
199 927 286 988 bona
301 927 365 988 tide
378 927 410 988 et
425 926 498 988 sine
510 925 627 990 fraude
642 929 854 988 servareln-
906 928 1124 1007 trofilobanne
1135 927 1312 1003 praeposito
1325 929 1590 1008 Foripopulensi,
1606 950 1704 1011 pres-

44 1043 156 1104 super
183 1025 306 1093 autem,
336 1025 373 1085 ut
391 1024 463 1085 baec
489 1024 600 1086 omnia
626 1024 663 1084 in
684 1023 853 1101 posterum
906 1025 1022 1104 hytero
1036 1019 1258 1097 Bene-renum,
1272 1026 1401 1088 rectore
1421 1030 1574 1092 ecclesiae
1593 1033 1706 1096 Sancti

45 1125 152 1184 sr'rma
166 1121 394 1200 permaneant,
411 1121 521 1198 obligo
536 1137 600 1194 me,
620 1137 776 1199 meosque
793 1121 855 1182 he·
908 1124 1082 1187 Michaelis
1107 1113 1407 1186 LambertatiOrum
1430 1129 1705 1205 Bononiensium,

44 1222 151 1282 redes
169 1221 211 1281 ad
229 1235 361 1297 poenam
383 1219 495 1281 decem
512 1219 654 1281 millium
667 1233 854 1281 marcarum
909 1223 1069 1298 magistro
1081 1220 1271 1292 Benedicto,
1294 1222 1429 1284 Cortese
1440 1225 1562 1289 clerico
1581 1228 1707 1292 domini

45 1317 199 1394 argenti,
211 1317 239 1378 si
253 1319 368 1378 contra
378 1316 607 1393 praediota,vel
618 1316 752 1394 aliquod
767 1331 856 1394 prae-
910 1319 1069 1398 Raynerii
1080 1322 1210 1383 Sanctae
1226 1323 1353 1397 Mariae,
1363 1322 1496 1392 diaconi
1510 1325 1705 1402 cardinalis,

46 1417 219 1478 dictorum
233 1430 293 1491 per
303 1430 355 1475 me
369 1414 421 1475 vel
436 1429 529 1476 meos
541 1414 695 1487 heredes,
710 1414 780 1477 sire
796 1428 856 1491 per
909 1416 1077 1479 nobilibus
1102 1417 1185 1478 viris
1208 1419 1392 1492 Bonilacio,
1414 1435 1574 1496 germane
1600 1422 1707 1500 ipsius

46 1514 204 1590 aliquam
219 1511 417 1573 submissam
429 1512 777 1588 personam,tempore
791 1511 857 1572 ali-
911 1514 1036 1576 domini
1051 1515 1224 1577 Gottilredi
1250 1516 1351 1593 legati
1379 1515 1544 1580 Sardiniae
1571 1520 1604 1581 et
1627 1521 1709 1582 Cor-

48 1627 119 1688 que
136 1610 254 1671 venire
282 1608 426 1671 tentabo.
449 1610 489 1672 ut
510 1625 607 1686 poena
633 1609 743 1672 soluta
768 1609 857 1672 idem
911 1612 1005 1686 sicae,
1030 1614 1063 1674 et
1088 1613 1281 1689 Raynuccio
1310 1612 1529 1689 Fortiguerra
1555 1617 1707 1679 Urbeve-

48 1707 218 1784 scriptum
240 1707 373 1784 plenam
393 1705 540 1768 obtineat
564 1706 764 1769 firmitatem.
785 1709 855 1769 Ve-
910 1709 1000 1782 tane,
1025 1709 1196 1772 militibus.
1218 1713 1313 1771 Anno
1339 1710 1472 1772 Domini
1488 1713 1594 1774 nostri
1624 1715 1706 1776 mil-

47 1822 130 1866 rum
146 1805 189 1865 ad
199 1806 358 1881 majorem
371 1803 560 1866 firmitatem
570 1804 676 1880 ipsius
686 1805 855 1877 Ecclesiae,
910 1807 1027 1870 lesimo
1055 1806 1280 1870 ducentesimo
1307 1807 1468 1884 vigesimo
1495 1810 1625 1886 quarto,
1653 1813 1709 1874 in-

47 1902 223 1979 corporali
236 1917 257 1962 a
270 1917 324 1962 me
337 1901 528 1980 juramento
546 1901 760 1979 praestatque
774 1917 857 1978 prae·
910 1906 1055 1968 dictione
1085 1904 1295 1978 duodecima,
1322 1907 1342 1967 3
1367 1921 1473 1968 nonas
1499 1908 1704 1981 Decembris,

50 2000 156 2061 dictis
170 1999 322 2060 omnibus
338 1998 564 2072 observandis,
581 2014 730 2076 praesens
743 1999 854 2076 scrip·
910 2003 1119 2081 pontificatus
1136 2003 1262 2064 domini
1280 2004 1421 2064 Honorii
1441 2006 1539 2082 Papae
1555 2008 1601 2068 III
1616 2023 1705 2069 anno

49 2098 125 2160 tum
151 2095 216 2158 leci
235 2095 355 2159 exinde
377 2095 450 2158 fleri
472 2097 539 2158 tarn
562 2096 661 2159 bullae
680 2097 775 2174 regni
789 2097 856 2159 mei
911 2117 1009 2166 nono.

866 2479 907 2568 Π

398 2709 677 2776 uurrourrrr.
700 2709 839 2768 meon
858 2707 966 2777 ιιι,
992 2707 1026 2767 r.
1055 2707 1091 2778 V,
1115 2707 1310 2769 nrssunr.
1333 2707 1373 2768 ee

96 2993 261 3054 Romanae
287 2989 443 3052 Ecclesia
470 2991 578 3068 qualis
604 2991 791 3068 quantaque
816 2989 859 3053 sit
912 2990 963 3051 tas
978 2991 1203 3053 Romanorum
1223 2991 1421 3053 Pontificum
1440 2991 1608 3068 debemus,
1624 3011 1709 3058 auc-

54 3089 265 3167 temporibus
274 3089 396 3151 nostris
404 3088 573 3165 opulentia
582 3089 680 3166 atque
688 3089 856 3166 majestas,
911 3088 1040 3162 toritas,
1052 3087 1110 3150 sed
1128 3088 1228 3150 etiam
1240 3089 1449 3151 ethnicorum
1472 3091 1622 3169 ipsorum
1635 3093 1708 3156 tes-

56 3189 184 3248 norunt
198 3201 328 3261 omnes3
346 3186 453 3264 qualis
474 3187 583 3248 autem
606 3187 737 3247 saeculis
758 3186 856 3246 rudi·
911 3185 1061 3259 tilicatio,
1086 3201 1185 3264 quam
1207 3201 1251 3248 ne
1278 3186 1351 3264 ipse
1372 3188 1504 3265 quidem
1529 3190 1710 3252 cardinalis

56 3283 134 3355 bus,
150 3284 267 3360 etpost
281 3283 537 3345 declinationem
556 3284 687 3361 imperii
702 3283 855 3356 Romani,
911 3283 1074 3345 Baronius
1082 3283 1285 3347 reticendam
1294 3285 1434 3347 censuit.
1441 3287 1713 3350 Narratammia·

57 3379 92 3441 id
125 3381 258 3458 quidem
287 3396 354 3442 non
382 3381 534 3442 omnibus
562 3381 770 3458 exploratum
795 3381 855 3441 est.
910 3380 1713 3460 nusMarcellinus‚lib.XXVll,cap.3,turbasllo-

57 3479 241 3555 Propterea
261 3478 297 3538 in
316 3479 479 3555 ejusmodi
500 3478 599 3554 plane
622 3477 733 3538 nobile
752 3492 857 3553 argu·
912 3480 1158 3550 mae,ann0367,
1173 3477 1335 3544 excitatas
1347 3477 1383 3540 in
1396 3475 1557 3542 electione
1570 3484 1712 3544 Romani

57 3574 208 3635 mentum
229 3575 354 3651 aliquid
374 3574 516 3646 adferre,
531 3589 619 3635 nunc
630 3575 736 3651 juvat,
753 3573 859 3650 utqui
913 3573 1096 3643 Pontificis,
1110 3574 1226 3636 divisis
1241 3574 1355 3651 populi
1377 3577 1463 3638 rotis
1484 3577 1573 3638 inter
1586 3582 1711 3642 Dama-

55 3671 148 3732 inter
161 3672 276 3732 nostra
288 3671 469 3747 etantiqua
490 3670 612 3731 saecula
633 3670 859 3746 comparatio·
914 3686 987 3730 sum
1001 3670 1308 3747 atqueUrsicinum.
1328 3674 1410 3733 Tum
1421 3673 1532 3736 subdit
1546 3696 1554 3735 ε
1567 3675 1713 3756 «Neque

57 3784 137 3830 nem
166 3768 312 3844 aliquam
334 3768 509 3829 instituere
536 3766 798 3848 relit„lacilius
824 3767 860 3827 in
914 3783 975 3844 ego
990 3765 1117 3841 abnuo,
1140 3767 1394 3830 ostentationem
1417 3787 1531 3832 rerum
1552 3775 1712 3838 conside·
1763 3789 1768 3794 ·

58 3866 231 3941 posterum
244 3863 358 3940 possit.
374 3864 523 3925 Primum
545 3880 624 3940 ergo
638 3863 722 3925 illud
738 3863 857 3933 statuo,
913 3880 993 3926 rans
1005 3864 1219 3938 urbanarum,
1233 3865 1334 3943 hujus
1346 3867 1396 3928 rei
1407 3868 1543 3946 cupidos
1554 3870 1595 3932 ob
1606 3873 1714 3951 impe-

59 3978 163 4039 quum
176 3963 325 4023 Romana
335 3961 518 4022 Ecclesiae
543 3961 595 4022 sui
610 3961 740 4038 origiue
761 3961 859 4038 prin·
914 3961 1068 4026 trandum
1091 3955 1177 4040 quod
1198 3964 1372 4042 appetunt,
1390 3967 1480 4027 omni
1501 3969 1713 4034 contentione

60 4059 170 4134 cipem
183 4057 292 4118 locum
304 4058 393 4120 inter
408 4058 548 4130 ceteras,
565 4058 631 4120 imo
647 4059 680 4120 et
692 4074 792 4135 supra
805 4073 862 4120 ce-
892 4071 893 4144 }
915 4061 1056 4122 laterum
1071 4060 1202 4138 jurgari
1221 4058 1342 4123 debere
1367 4083 1375 4122 :
1399 4079 1499 4140 quum
1522 4064 1557 4126 id
1584 4067 1710 4144 adepti,

59 4156 150 4216 teras
165 4155 320 4228 tenuerit,
333 4158 404 4233 ejus
415 4156 516 4218 etiam
529 4155 682 4232 dignitati
695 4155 861 4218 fortunam
915 4157 1017 4219 luturi
1032 4158 1159 4219 sintita
1177 4158 1297 4232 securi,
1313 4159 1350 4221 ut
1364 4158 1509 4222 ditentur
1529 4163 1711 4227 oblationi-

64 4267 104 4313 ac
124 4251 292 4314 redituum
307 4253 436 4329 copiam
457 4269 500 4314 ex
523 4253 688 4316 oblatione
714 4253 861 4314 fidelium
915 4255 976 4316 bns
1004 4255 1247 4328 matronarum,
1278 4257 1523 4336 procedantque
1548 4261 1713 4324 vehiculis

59 4349 243 4424 profectam
273 4365 404 4426 semper
435 4350 658 4426 respondisse.
688 4352 861 4428 Praecipue
915 4351 1109 4422 insidentes,
1123 4352 1362 4430 circumspecte
1376 4356 1499 4426 vestiti,
1522 4359 1637 4436 epulas
1653 4377 1714 4422 cu-

60 4445 175 4508 tamen
203 4445 320 4523 opibus
354 4447 453 4508 aucta
487 4447 557 4520 est,
588 4463 688 4525 quum
718 4449 861 4525 primum
915 4449 1028 4512 rantes
1056 4449 1219 4528 profusas,
1247 4450 1331 4513 adeo
1355 4452 1392 4514 ut
1416 4469 1531 4516 eorum
1559 4459 1713 4521 convivia

61 4541 122 4602 sub
146 4541 363 4603 Constantino
386 4545 507 4619 Magno
526 4543 670 4620 religoni
692 4559 759 4620 pax
779 4544 860 4605 red·
915 4547 1046 4624 regales
1067 4549 1226 4624 superent
1247 4563 1391 4610 mensas.
1416 4553 1529 4614 »Haec
1552 4555 1713 4618 Ethnicus

61 4637 143 4711 dita,
166 4641 200 4702 et
222 4638 359 4701 libertas
383 4640 494 4717 palam
515 4639 593 4702 data
617 4641 677 4702 est.
691 4642 777 4703 Nam
799 4642 861 4703 etsi
916 4644 1070 4722 scriptor,
1092 4645 1146 4706 cui
1169 4645 1310 4707 alterum
1333 4646 1465 4721 adtexo,
1487 4666 1605 4728 nempe
1621 4656 1714 4714 Prae-

61 4736 301 4813 amplissimam
313 4737 407 4798 illam
418 4737 626 4800 Constantini
636 4738 859 4811 donationem,
916 4743 1078 4804 textatum
1092 4743 1262 4804 consulem
1284 4742 1504 4820 designatum,
1519 4749 1576 4824 qui
1595 4749 1713 4810 iisdem

63 4847 134 4906 quae
148 4833 229 4894 olim
238 4833 546 4907 circumferebatur,
557 4850 645 4896 nunc
657 4835 862 4897 eruditorum
916 4839 1119 4917 temporibus
1134 4843 1246 4901 Romae
1260 4840 1356 4901 vixit.
1371 4843 1451 4902 Haec
1474 4842 1515 4902 de
1537 4843 1595 4905 illo
1615 4862 1714 4908 sanc-

63 4943 159 4991 nemo
174 4930 403 5008 amplectatur,
421 4932 488 4993 imo
502 4933 640 5009 quisque
662 4933 860 4994 commenti·
915 4937 1207 5014 tusHieronymus‚
1215 4937 1250 4997 in
1261 4937 1402 5013 epistole
1414 4954 1503 5001 nunc
1510 4942 1563 5011 38,
1571 4942 1651 5004 olim
1660 4945 1711 5018 61,

62 5025 143 5088 tiam
167 5030 343 5104 agnoscat,
366 5028 473 5091 nihilo
493 5030 605 5090 tamen
628 5029 736 5090 secius
764 5028 861 5091 tteri
916 5033 956 5095 ad
972 5033 1221 5095 Pammachium
1236 5033 1395 5094 adversus
1408 5051 1539 5098 errores
1550 5039 1713 5103 Jobannis

63 5137 176 5186 omnes
192 5126 352 5200 cogimur,
368 5127 620 5188 Constantinum
633 5141 760 5187 summa
774 5126 861 5188 liba·
915 5129 1209 5208 Hierosolymatini
1233 5152 1240 5190 ε
1264 5147 1282 5190 e
1305 5135 1419 5192 Homo
1447 5139 1654 5213 scortisque,
1680 5140 1715 5201 et

63 5219 194 5284 ralitate
223 5225 384 5294 certasse,
410 5223 446 5285 ut
469 5225 652 5284 Romanam
678 5223 860 5287 Ecclesiam
916 5232 1085 5292 idolorum
1095 5228 1715 5310 cutmsouootmoensoeatorapae

64 5315 198 5380 uberius
214 5319 315 5381 etiam
330 5335 428 5397 quam
446 5320 594 5398 reliquas
609 5321 744 5382 ornaret
762 5321 861 5398 atque
915 5330 1066 5388 Damaso
1084 5327 1223 5388 dicere:
1238 5327 1351 5388 Facite
1366 5343 1418 5388 me
1438 5331 1596 5393 Romanae
1620 5333 1713 5395 urbis

65 5411 192 5478 ditaret.
207 5419 244 5478 In
257 5433 332 5478 eam
346 5418 545 5478 sententiam
559 5433 619 5479 nos
634 5418 785 5496 perducit
795 5434 861 5480 non
916 5424 1124 5500 episcopum,
1145 5424 1178 5485 et
1201 5439 1258 5486 ero
1281 5424 1432 5500 protinus
1458 5425 1671 5492 christianus.
1696 5447 1715 5492 ι

65 5510 169 5574 solum
194 5515 364 5577 anastasii
391 5513 659 5584 Bibliothecarii,
687 5516 757 5578 sive
786 5516 862 5593 qui·
917 5519 1082 5582 Invidiosa
1102 5519 1235 5598 quidem
1256 5520 1329 5582 haec
1350 5537 1371 5582 a
1391 5521 1559 5601 depressis
1574 5529 1714 5605 paganis

66 5622 203 5686 cumque
217 5612 246 5674 is
262 5613 315 5683 sit,
330 5611 553 5688 antiquissimi
568 5613 723 5682 auctoris,
741 5614 793 5676 cui
809 5613 862 5674 ri·
915 5619 993 5680 tunc
1008 5616 1107 5679 dicta.
1125 5615 1188 5680 Sed
1213 5617 1311 5681 simul
1335 5619 1388 5682 sat
1399 5620 1552 5699 produnt,
1570 5626 1627 5702 qui
1645 5627 1714 5690 tum
