4078 6442
46 281 112 342 633
707 283 761 342 DE
781 281 978 345 ADVENTU
1002 283 1057 343 111.
1648 286 1709 346 634

50 441 222 520 Philippi,
239 457 338 520 qnam
352 442 416 503 sihi
430 442 554 520 injusto
569 441 781 504 matrimonio
797 456 858 504 co·
914 441 1039 504 diceret
1051 463 1058 504 :
1072 443 1120 504 Tu
1136 441 1193 519 qui
1206 439 1326 504 venisti
1343 441 1379 502 in
1396 441 1554 504 mundum
1570 445 1606 507 ut
1624 443 1711 506 illios

49 540 246 618 pulaverat,
262 539 365 602 fratre
386 555 446 603 suo
468 540 600 602 nuentc.
624 540 754 602 Dicitur
773 539 860 617 quad
914 539 974 601 Dei
986 539 1043 616 qui
1055 539 1151 602 erant
1162 538 1306 618 dispersi
1317 553 1493 601 revocares
1503 540 1545 601 ad
1557 556 1708 618 regnum,

50 637 227 700 Herodias
254 637 356 700 tuerit
385 638 455 700 illia
481 638 615 701 Arethae
643 639 732 715 regis
761 655 860 716 quam
914 636 997 699 mihi
1011 637 1127 700 nuntia
1138 637 1167 698 si
1184 637 1406 698 descensurus
1421 653 1457 698 es
1475 637 1516 698 ad
1530 637 1709 713 infernum,

51 735 219 798 auferens
230 736 394 814 Philippa,
407 735 488 798 ortis
498 737 586 798 inter
595 751 652 800 eos
663 736 860 815 quibusdam
914 737 950 798 ut
973 735 1059 798 siout
1078 734 1267 798 viventibus
1290 734 1419 796 ostendi
1438 735 1471 797 te
1492 735 1709 812 salvatorem,

52 832 300 906 simultatibus,
328 834 363 895 in
394 833 505 896 odium
540 835 686 912 Philippi
725 834 861 896 dederat
914 832 960 894 ita
984 834 1099 895 electis
1124 834 1160 895 in
1184 832 1301 894 umbra
1325 833 1441 894 mortis
1467 833 1657 896 sedentibus
1680 835 1713 898 te

52 930 194 992 Herodi.
205 931 269 1004 Qui
277 931 396 994 fraires
410 931 538 996 inimici
550 933 645 995 erant
654 932 695 995 ad
703 933 857 995 invicem.
914 932 1063 994 nuntiem
1083 931 1347 1009 Redemptorem.
1363 930 1487 993 Videns
1502 931 1590 993 enim
1605 934 1712 995 Joan-

54 1029 211 1090 Herodes
229 1031 340 1092 autem
357 1033 493 1094 vocatus
508 1030 549 1092 ab
566 1031 777 1108 imperatore,
792 1033 861 1093 Ro-
915 1045 974 1091 nes
999 1029 1181 1106 discipulos
1205 1030 1246 1091 de
1270 1029 1401 1091 Christo
1430 1029 1597 1102 dubitare,
1624 1031 1716 1094 misit

53 1143 145 1189 mam
165 1127 234 1189 iter
254 1127 381 1190 iaciens
399 1129 432 1192 at
453 1129 621 1190 transiens
642 1145 701 1206 per
723 1129 860 1191 fratrem
914 1128 990 1190 illos
1005 1128 1147 1200 adeum,
1163 1128 1277 1205 utipsi
1291 1127 1441 1189 videntes
1461 1127 1622 1190 miracula
1639 1144 1713 1206 quac

55 1241 155 1285 suum
179 1226 310 1287 secreto
325 1225 452 1303 pepigit
466 1243 540 1287 cum
553 1242 658 1288 uxore
673 1228 745 1304 ejus
760 1226 858 1304 quod,
915 1225 1059 1288 iaciebat
1083 1243 1127 1288 ex
1147 1226 1302 1304 operibus
1334 1226 1554 1301 agnoscerent
1583 1227 1715 1288 creato-

54 1323 129 1400 ipso
146 1323 340 1386 revertente
354 1323 395 1385 ab
411 1325 620 1402 imperatore,
631 1325 766 1387 duceret
787 1340 860 1386 eam
914 1340 995 1386 rem.
1026 1323 1247 1400 Interrogavit
1271 1338 1350 1399 ergo
1377 1324 1523 1385 ioannes
1553 1339 1621 1385 non
1653 1339 1713 1400 pro

53 1421 90 1482 in
113 1435 271 1482 uxorem.
295 1421 386 1495 Quod
410 1423 521 1484 nmen
545 1439 611 1484 non
637 1423 736 1485 latuit
763 1421 861 1486 uxori
915 1437 962 1496 se,
988 1421 1046 1483 sed
1073 1437 1132 1500 pro
1159 1420 1342 1499 discipulis.
1369 1419 1463 1482 Unde
1491 1421 1524 1483 ot
1553 1421 1714 1482 Dominus

51 1519 210 1592 Herodis,
237 1535 311 1596 quae
333 1535 399 1581 non
427 1521 605 1598 expectans
631 1520 774 1582 reditum
793 1519 861 1583 viri
915 1520 978 1582 hoo
1005 1520 1114 1598 ipsum
1143 1519 1334 1596 intelligens
1364 1517 1536 1596 respondit
1566 1518 1616 1580 eis
1645 1534 1713 1580 non

52 1618 106 1680 sui
134 1616 317 1680 festinavit
339 1618 380 1679 ad
406 1619 545 1695 patrem.
577 1620 724 1681 Herodes
750 1620 861 1681 autem
915 1617 1025 1679 verbis
1048 1617 1105 1678 sed
1121 1616 1275 1694 operibus
1295 1615 1383 1687 tlte,
1406 1615 1565 1677 niantiate
1584 1617 1715 1677 Ioanni

50 1715 188 1778 rediens
219 1715 355 1777 abstulit
374 1715 595 1778 Herodiadem
624 1716 731 1778 fratri.
754 1718 860 1794 Supra
915 1731 992 1789 anae
1020 1715 1167 1777 ouantis
1199 1715 1233 1775 at
1262 1712 1398 1775 vidistis
1426 1709 1561 1792 (Matth.
1585 1727 1637 1786 xi,
1662 1710 1713 1793 1).

50 1831 117 1893 quo
133 1814 861 1892 cumargueretaumioannes‚suggestione
916 1813 1017 1884 Quasi
1027 1811 1255 1884 diaeretzouae
1265 1809 1535 1886 audistisinlege
1542 1810 1712 1888 praedicta,

51 1911 262 1974 Herodiadis
284 1927 385 1989 super
405 1913 517 1974 omnia
532 1913 620 1975 mala
634 1928 695 1973 sua
716 1913 780 1974 hoo
801 1911 863 1974 ad·
916 1926 992 1973 ecce
1006 1908 1137 1973 vidistis
1153 1909 1189 1970 in
1203 1925 1256 1971 me
1277 1907 1466 1986 adimpleta.
1483 1911 1520 1969 In
1537 1909 1610 1985 ipsa
1624 1907 1714 1969 enim

49 2009 142 2088 jecit,
164 2009 262 2070 siout
279 2007 493 2083 dicithucas,
507 2007 625 2086 ligavit
643 2011 805 2072 ioannem
829 2009 863 2070 et
916 2008 1017 2081 hara,
1047 2008 1084 2070 ut
1117 2009 1224 2068 Lucas
1258 2007 1414 2078 testatur,
1451 2005 1582 2067 curavit
1613 2007 1714 2068 iesus

52 2109 88 2170 in
121 2122 300 2170 carcerem
337 2107 438 2170 misit.
475 2107 567 2180 Quod
602 2123 677 2168 cum
714 2107 863 2170 audisset
916 2102 1288 2181 multosalanguoribus
1297 2104 1330 2167 et
1339 2101 1510 2180 spiritibus
1521 2101 1712 2177 immundis,

53 2209 165 2278 desua,
192 2205 287 2268 sicut
306 2205 446 2268 testatur
467 2206 644 2269 Matthaeus
660 2204 791 2286 (Matth.
814 2220 860 2277 1v,
917 2207 950 2268 et
972 2203 1070 2266 oaeois
1092 2202 1204 2264 multis
1219 2201 1355 2264 donavit
1370 2201 1490 2264 visum.
1507 2203 1591 2262 Ecce
1605 2200 1713 2262 mira-

58 2303 111 2384 14)
146 2303 292 2366 veniens
330 2305 366 2365 in
401 2305 633 2381 capharnaum
668 2303 704 2364 in
739 2300 861 2363 tinibus
917 2303 993 2364 cula
1018 2318 1092 2379 quae
1112 2299 1276 2362 viderunt.
1301 2297 1487 2361 audierunt
1514 2299 1626 2362 autent
1654 2314 1715 2360 cu-

58 2401 210 2464 Zabulon
235 2401 269 2463 et
297 2401 487 2478 Nephtalim
523 2401 622 2479 coepit
654 2399 862 2462 manifestius
917 2401 1008 2463 ratos
1020 2398 1196 2461 Dominum
1208 2397 1392 2470 laudantes,
1406 2398 1513 2459 mutos
1527 2395 1712 2474 loquentes,

59 2500 248 2578 praedicare
284 2499 397 2561 dicens
432 2520 439 2561 ε
475 2499 724 2562 Paenitentiam
758 2497 861 2576 agite,
917 2499 1065 2560 mortuos
1088 2495 1312 2571 resurgentes,
1337 2494 1469 2556 Christo
1489 2493 1715 2556 testimonium

60 2598 357 2675 appropinquavit
388 2601 482 2660 anim
518 2612 666 2675 reanum
700 2601 863 2659 coemrum
918 2595 1140 2676 perhibentes.
1156 2593 1344 2655 immundos
1359 2592 1460 2654 etiam
1474 2592 1611 2669 spiritus
1634 2607 1718 2655 con-
1777 2609 1782 2622 ·

60 2694 198 2776 (Matth.
221 2711 268 2768 1v,
294 2694 347 2775 17)
368 2695 402 2756 et
422 2695 536 2756 multis
552 2693 723 2756 miraculis
748 2709 865 2755 corus·
919 2694 1218 2759 clamantesziinid
1227 2691 1716 2764 nabisettibi,Jesn,FiiiDeii

61 2795 249 2858 caracam
264 2793 556 2854 essetJoannesin
570 2792 866 2865 vinculisnnntia·
918 2793 1045 2856 aennti
1075 2795 1141 2855 bato
1173 2791 1254 2853 ante
1287 2789 1421 2866 tempus
1456 2790 1619 2864 torquere
1651 2801 1716 2851 nos

59 2893 186 2957 verunt
215 2891 247 2952 ei
273 2889 427 2970 discipuli
449 2892 521 2968 eius
542 2890 705 2953 miracula
728 2889 862 2952 Christi.
920 2890 1051 2972 (Matth.
1067 2905 1141 2963 vni,
1156 2886 1222 2968 29).
1242 2887 1396 2950 Eccibant
1419 2889 1523 2959 etaim,
1544 2887 1581 2948 ut
1601 2888 1715 2949 Eran-

60 2995 157 3054 Tuno
176 2991 324 3052 ioannes
345 2988 436 3050 misit
450 2988 532 3049 duos
551 3004 594 3050 ex
608 2988 780 3067 discipulis
795 2986 864 3049 suis
919 2988 1039 3066 gelista
1053 2987 1204 3060 testatur,
1220 2987 1392 3048 minemo
1403 2999 1425 3047 a
1437 2985 1555 3046 munis
1568 2989 1718 3046 ammon·

61 3089 179 3151 dicens
190 3109 198 3148 ε
209 3091 258 3148 Ta
268 3101 304 3148 es
314 3089 372 3161 ani
381 3087 551 3148 uenturas
560 3088 619 3148 asi
628 3089 678 3148 Ex
690 3086 866 3148 occasione
921 3089 971 3150 tia
982 3088 1016 3150 et
1030 3085 1180 3148 dicentia
1194 3101 1205 3146 :
1219 3087 1301 3160 onia
1314 3084 1352 3146 tn
1366 3097 1404 3144 es
1419 3085 1529 3144 Filias
1544 3084 1608 3144 Dei
1621 3079 1715 3162 (Luc.

62 3187 165 3266 hujus
179 3184 352 3246 sententia
365 3185 480 3246 errant
489 3185 583 3247 multi
596 3184 747 3246 haeretici
760 3199 866 3262 usque
919 3201 964 3259 rv,
975 3183 1041 3264 41).
1052 3183 1215 3245 Viderimt
1226 3183 1339 3260 itaque
1351 3180 1515 3259 completa
1526 3180 1562 3241 in
1572 3179 1715 3253 Christo,

64 3285 178 3358 hodie,
197 3283 344 3345 dicentes
359 3284 521 3345 ioannem
535 3282 719 3360 Baptistam
732 3281 866 3343 damna·
921 3300 993 3362 quae
1004 3281 1180 3345 audierant
1191 3279 1433 3357 Prophetarum
1444 3277 1581 3340 vocibus
1591 3293 1720 3340 annun·

64 3382 135 3443 ium
155 3395 232 3442 esse
248 3395 288 3441 eo
306 3380 390 3457 quod
413 3396 481 3441 non
505 3380 656 3442 crederet
668 3380 729 3441 Dei
744 3380 866 3441 Filium
920 3383 1013 3445 tiata.
1031 3383 1057 3442 Ε
1072 3379 1191 3458 quibus
1206 3378 1312 3440 isaias
1328 3377 1461 3438 dixerat
1477 3398 1484 3437 :
1499 3379 1587 3438 ane
1598 3379 1721 3438 Dami-

65 3479 255 3540 advenisse.
268 3477 370 3540 Aiunt
383 3493 524 3555 namque
536 3477 645 3554 ipsum
657 3477 765 3554 primo
776 3476 866 3538 recta
921 3493 987 3540 iius
1001 3478 1120 3539 noster
1133 3476 1297 3538 altionem
1309 3473 1454 3536 adducat
1464 3473 1717 3535 retributionis.

67 3577 270 3648 credidisse,
299 3575 356 3636 sed
380 3575 495 3651 postca
520 3575 556 3634 in
583 3589 730 3636 errorem
752 3572 868 3650 delap-
921 3578 1089 3638 Dominus
1109 3577 1183 3648 ipse
1201 3572 1315 3633 caniet
1330 3571 1363 3632 ai
1376 3570 1522 3632 sulcabit
1535 3585 1609 3632 nas.
1626 3573 1719 3632 imiza

67 3689 141 3736 sum
154 3674 196 3736 de
216 3673 348 3734 Christo
365 3672 545 3734 dubitasse.
563 3671 603 3733 nt
623 3675 866 3747 argumentari·
921 3671 1125 3750 apem'eninr
1139 3673 1226 3732 acidi
1239 3681 1421 3740 caecarum,
1437 3672 1468 3730 ai
1481 3681 1587 3750 annes
1600 3667 1720 3728 surda·

68 3772 220 3851 turquod
244 3770 286 3832 ad
315 3771 456 3833 salutem
478 3770 637 3831 aeternam
660 3767 777 3830 venire
801 3783 867 3830 non
921 3785 1004 3833 anm
1027 3767 1205 3845 patebunt.
1235 3769 1328 3828 Pane
1354 3765 1456 3827 satiet
1479 3764 1569 3826 siant
1595 3778 1720 3827 cenans

67 3871 187 3946 potuit,
205 3871 262 3948 qui
277 3870 319 3930 ad
341 3869 526 3939 extremum
546 3868 582 3928 in
608 3866 672 3928 ilde
693 3865 866 3929 dubitavit.
922 3870 1073 3940 amadan,
1098 3867 1134 3928 et
1160 3863 1284 3939 aperta
1307 3863 1376 3925 erit
1400 3865 1519 3940 tinacia
1540 3862 1720 3924 mutarum

69 3968 135 4028 Sed
151 3969 233 4029 huia
250 3967 357 4029 errori
371 3967 445 4044 ipsa
464 3968 537 4045 ejus
552 3964 770 4041 interrogatio
788 3980 870 4026 oon·
923 3967 981 4049 (Is.
997 3979 1102 4038 xxxv,
1119 3968 1150 4038 4,
1166 3962 1198 4024 et
1215 3958 1313 4041 seg).
1330 3959 1509 4038 Postquam
1521 3958 1665 4022 vidimus
1680 3958 1721 4022 de

67 4065 216 4128 tradiait.
841 4069 844 4075 '
923 4066 1055 4136 littera,
1091 4060 1270 4125 videndum
1304 4059 1357 4121 est
1395 4058 1436 4120 de
1474 4057 1720 4135 significatione

107 4165 234 4225 Mirum
244 4163 526 4225 sortassevidetur
536 4161 622 4240 quod
633 4161 778 4223 ioannes
787 4161 870 4238 Bap-
923 4161 1084 4243 mysterii.

68 4261 150 4323 tista
175 4260 233 4336 qui
255 4259 422 4321 Christum
450 4259 606 4336 praedixit
634 4261 811 4320 venturum
837 4258 871 4320 et
964 4257 1216 4326 succendisset
1233 4259 1384 4318 Joannes
1398 4257 1607 4328 incinaniis,
1623 4256 1723 4318 ioan-

70 4357 217 4420 0stendit
245 4359 586 4435 praeseutemziiace,
610 4355 870 4436 inquitatatem
925 4377 984 4423 nes
1014 4356 1254 4435 interpretatur
1280 4356 1420 4416 Domini
1446 4353 1574 4430 aratia,
1611 4352 1644 4415 et
1673 4353 1723 4412 si·

70 4460 145 4530 Dei,
160 4471 237 4519 eoae
253 4459 312 4530 ani
328 4455 412 4518 toltit
421 4457 564 4532 peccata
581 4459 713 4518 mnndi.
730 4457 798 4518 Hic
818 4455 871 4517 asi
924 4456 1191 4538 gnificatbonum
1203 4453 1312 4514 virum
1327 4451 1361 4512 in
1372 4450 1551 4527 haspanio,
1567 4450 1625 4528 qui
1639 4448 1723 4512 dicii

71 4557 112 4616 de
135 4568 202 4629 ano
226 4557 302 4616 dini
321 4557 437 4616 vobis:
455 4555 573 4617 Veniet
585 4555 712 4630 sortiar
724 4567 781 4615 me
792 4553 871 4629 past
925 4557 1007 4618 illud
1015 4553 1181 4634 Apostoli:
1199 4551 1322 4614 Gratia
1334 4551 1720 4622 Deisnmidqnodsnm,

71 4667 139 4725 me,
155 4656 255 4728 maim
272 4669 342 4716 nan
360 4667 439 4715 snm
457 4655 581 4730 dianna
599 4655 789 4728 corripiam
807 4653 872 4712 cai·
925 4656 959 4718 et
978 4654 1095 4732 pratia
1120 4653 1195 4725 eius
1218 4652 1255 4710 in
1275 4662 1332 4709 me
1350 4661 1462 4708 vacua
1483 4659 1553 4708 non
1573 4646 1651 4720 snit.
1678 4642 1720 4724 (Ι,

73 4753 244 4813 coamenti
259 4754 392 4814 salvere
407 4750 517 4832 (ioan.
533 4766 557 4823 1,
575 4751 624 4819 15,
638 4751 690 4824 m,
705 4751 763 4825 293
784 4747 873 4810 Mat·
902 4757 903 4760 ’
926 4754 999 4816 Cor.
1015 4766 1072 4824 xv,
1091 4747 1156 4830 10).
1174 4747 1212 4809 In
1227 4744 1340 4807 multis
1361 4743 1412 4805 ast
1426 4743 1525 4804 hodie
1539 4741 1648 4818 gratia
1660 4757 1725 4803 va-

73 4847 121 4909 th·
135 4863 185 4921 111,
204 4844 267 4926 11)·
284 4848 380 4909 Nunc
403 4847 500 4925 quasi
514 4846 668 4910 dubitans
687 4861 747 4924 per
765 4844 872 4906 disci·
926 4867 988 4914 cua
1003 4849 1073 4922 Dei,
1087 4847 1120 4909 et
1133 4845 1208 4908 ideo
1221 4859 1288 4906 non
1303 4840 1442 4920 possunt
1453 4840 1569 4902 vocari
1580 4839 1723 4902 ioannis

75 4946 170 5021 pulos
197 4961 275 5008 suos
299 4946 429 5023 quaerii.
453 4945 586 5008 Sciebat
609 4945 713 5022 igitur
726 4946 872 5006 loannes
927 4949 1072 5020 nomine,
1092 4945 1179 5007 idest
1196 4943 1335 5005 Domini
1348 4939 1477 5017 pratia.
1494 4939 1608 5000 Vacua
1623 4937 1674 4998 est
1687 4937 1723 4998 in

76 5043 161 5118 quod
170 5047 241 5122 jam
255 5045 404 5118 venerat,
420 5043 583 5122 quomodo
599 5059 678 5120 ergo
703 5039 873 5104 dubitabat
927 5047 995 5109 illis
1012 5044 1069 5124 qui
1083 5041 1207 5104 hahent
1220 5039 1361 5117 gratiam
1376 5035 1461 5098 bene
1475 5033 1646 5113 operandi,
1664 5033 1723 5096 sed

77 5155 119 5200 an
133 5144 222 5204 esset
246 5143 430 5206 venturust
455 5142 635 5219 Propterea
659 5139 745 5218 quod
771 5138 871 5201 dicit:
928 5145 1046 5208 nolunt
1061 5139 1204 5220 operari.
1219 5138 1258 5201 at
1271 5137 1329 5215 qni
1343 5134 1469 5196 habent
1481 5133 1624 5210 gratiam
1638 5132 1726 5196 bene

79 5239 115 5300 tn
136 5255 173 5302 as
191 5243 250 5316 ani
267 5242 438 5302 uenturas
459 5255 507 5312 es,
529 5240 562 5302 ei
580 5255 646 5301 non
668 5238 749 5300 dicit
764 5259 771 5298 ε
786 5238 825 5299 tn
837 5252 873 5300 es
928 5240 1095 5323 loquendi,
1112 5238 1170 5300 sed
1184 5235 1319 5315 propter
1332 5231 1568 5309 negligendam
1583 5231 1636 5293 vel
1650 5237 1727 5292 ma.

79 5337 407 5415 antecantamenta
420 5337 568 5400 ‘100121'ai
582 5337 751 5416 quodjam
765 5335 875 5396 Chris·
928 5343 996 5404 lam
1019 5334 1257 5402 conscientiam
1287 5329 1478 5394 efficiuntur
1501 5343 1601 5390 canes
1627 5329 1722 5390 muti.

79 5433 147 5496 tum
160 5435 293 5499 lenisse
307 5435 442 5514 propter
459 5436 606 5498 nostram
631 5435 772 5496 salutem
795 5448 873 5496 cre·
927 5444 1079 5503 Jaaaanas
1090 5433 1269 5511 posilnsin
1279 5429 1435 5500 vinantis,
1444 5426 1610 5504 quoddam
1621 5426 1725 5487 terri-

81 5529 249 5605 dorenses
265 5533 376 5596 utrum
390 5533 550 5595 venturus
566 5531 872 5603 essetadmortem
905 5525 906 5528 ‘
928 5537 995 5600 nne
1005 5535 1048 5598 aa
1061 5533 1205 5596 litteram
1218 5525 1474 5590 demonstratur.
1484 5524 1569 5585 Nam
1582 5539 1656 5585 cum
1666 5539 1725 5586 es-

82 5627 120 5688 ad
136 5645 278 5701 crucem,
302 5633 334 5694 et
357 5629 398 5693 ad
422 5629 548 5693 inieras
570 5630 749 5707 ignoraret.
773 5628 873 5703 Quasi
930 5636 979 5701 set
993 5631 1154 5714 propheta
1169 5629 1203 5692 et
1214 5627 1287 5705 plus
1306 5639 1405 5702 quam
1416 5621 1728 5700 propheta,sancti-
