4078 6442
320 282 380 344 623
785 283 961 344 HONORII
983 283 1027 344 111
1050 283 1199 344 OPERA.
1215 311 1253 326 ·-
1271 281 1505 344 SERMONES.
1938 279 1999 339 621

320 441 452 506 tivitate
478 457 576 504 nemo
599 444 650 505 est
675 442 733 520 qui
761 458 798 504 se
821 441 1013 514 abscondat,
1032 441 1118 504 idest
1171 440 1237 504 duo
1247 440 1407 519 praedicta
1421 440 1560 503 iaciunt.
1575 439 1717 518 Ideoque
1729 439 1862 512 Sancti,
1875 438 1998 500 silen-
2021 413 2022 436 ¹

321 540 643 603 sinePatraseesse
658 541 820 604 ostendat.
847 539 1115 604 UndeJoannes:
1171 540 1254 602 tium
1278 539 1342 601 boc
1364 538 1840 602 mediumdicunt.1>rimum
1869 538 1995 598 silen-

320 641 372 702 De
407 639 622 714 plenitudine
660 642 735 711 ajin
771 653 891 702 omnes
923 642 1118 714 aoeepimtls
1172 637 1266 710 tium,
1283 636 1495 715 qimndonon
1509 637 1561 700 est
1574 637 1632 715 qui
1652 636 1781 699 doceat.
1800 635 1914 698 Unde
1930 639 1993 699 Je-

323 737 433 814 (Joan.
448 752 471 809 l,
486 735 551 816 lo).
568 735 651 808 Quid
666 736 820 813 aratiam
830 752 897 811 pro
908 735 1118 813 arattalSic
1172 735 1316 798 remiss:
1345 739 1494 798 Parvuli
1519 735 1701 812 petierunt
1720 749 1877 810 partem,
1919 750 1992 796 non
2021 733 2022 778 t

322 835 414 897 enim
430 833 531 896 rerba
552 833 746 910 evangelica
766 834 897 896 sonant.
922 831 1118 911 Accepimus
1173 831 1930 912 aratanisranaaetets(berem.'l'hren.1v,
1947 831 1990 911 4).

323 933 412 996 enim
427 933 468 995 de
484 931 690 1010 plenitudine
708 933 780 1010 ejus
796 931 938 1009 primum
952 932 1117 1010 aratiam,
1174 930 1363 994 Secundum
1385 930 1566 1004 silentium,
1592 929 1723 1008 quando
1744 945 1812 992 non
1845 933 1907 992 θεῖ
1934 932 1991 1007 qni

324 1032 358 1094 et
368 1046 485 1092 rursus
495 1029 651 1106 aratiam
658 1045 727 1105 pro
738 1030 866 1107 prata.
878 1029 1120 1106 Sioutasplon·
1174 1029 1299 1092 audiat.
1314 1029 1408 1091 Unde
1426 1028 1612 1106 Propheta:
1633 1027 1801 1090 obsurdui
1814 1029 1854 1090 θῖ
1866 1027 1991 1089 humi-

324 1128 460 1192 doribus
485 1127 567 1190 solis
592 1127 825 1191 illuminantur
846 1127 974 1200 omnia,
1003 1127 1051 1190 ita
1079 1127 1120 1190 de
1174 1127 1275 1188 liatus
1287 1143 1361 1188 sum
1374 1127 1485 1188 nimis.
1500 1127 1648 1189 Tertium
1659 1126 1834 1188 silentium
1844 1126 1988 1204 quando

325 1225 531 1304 plenitudine
544 1225 662 1302 grana
684 1241 757 1305 quae
772 1225 834 1289 tuit
854 1227 890 1288 in
905 1225 1046 1298 Christo,
1062 1239 1122 1288 ac-
1174 1240 1243 1287 non
1258 1225 1308 1288 est
1322 1225 1379 1304 qui
1393 1224 1521 1294 doceat,
1535 1224 1589 1287 vel
1603 1224 1729 1287 audiat.
1745 1224 1847 1288 Unde
1862 1224 1989 1302 cytha-

325 1325 407 1402 cipit
419 1323 528 1386 omnis
542 1323 664 1386 anima.
678 1323 784 1386 Valde
798 1339 877 1400 ergo
889 1322 1120 1386 desiderabilis
1174 1323 1276 1385 rodus
1294 1324 1435 1386 noster:
1466 1325 1591 1386 Omnes
1620 1324 1911 1396 dentnaoemnt,
1938 1329 1987 1386 si·

325 1424 399 1486 erat
409 1421 554 1499 antiquis
567 1421 721 1484 Patribus
730 1422 803 1500 ipse
813 1421 974 1485 adventus
985 1421 1119 1494 Christi,
1174 1427 1246 1484 mn
1279 1423 1419 1484 inutiles
1446 1423 1532 1496 santi
1564 1422 1647 1484 sant
1680 1425 1718 1483 in
1749 1421 1883 1484 stadiis
1911 1425 1986 1483 sacis

325 1519 367 1582 de
381 1535 522 1597 quorum
536 1535 674 1582 numero
688 1518 828 1582 forsitan
850 1518 912 1581 run
932 1519 990 1582 illo
1009 1517 1122 1582 Haba-
1177 1518 1246 1600 (Ps.
1273 1521 1331 1592 13,
1353 1517 1400 1599 3).
1421 1519 1460 1581 nt
1482 1519 1545 1581 hoc
1566 1518 1775 1581 estmedium
1790 1519 1984 1580 silentium.

328 1632 400 1690 cuc,
423 1616 574 1694 quicum
598 1631 718 1693 magno
737 1615 903 1678 desiderio
925 1617 1123 1694 expectabat
1177 1620 1214 1679 In
1235 1617 1343 1695 primo
1366 1632 1446 1693 ergo
1475 1617 1609 1679 silentio
1637 1615 1731 1678 muti.
1761 1619 1800 1678 In
1829 1617 1985 1678 secundo

328 1714 436 1792 ipsum
452 1713 628 1776 adventum
648 1713 783 1787 (lanati,
803 1715 837 1776 et
851 1715 936 1776 alios
955 1729 1121 1792 coexpec-
1178 1715 1283 1777 surdi.
1304 1717 1341 1776 ln
1362 1714 1461 1777 tertio
1475 1715 1558 1776 muti
1571 1715 1605 1777 et
1616 1713 1720 1788 surdi,
1736 1714 1815 1792 quia
1837 1731 1911 1776 non
1937 1715 1986 1776 lo-

327 1812 453 1874 tatores
471 1824 550 1874 suos
564 1811 606 1874 ad
619 1811 1017 1889 patientiamexpectandi
1032 1813 1122 1875 invi-
1177 1814 1315 1892 quantes
1329 1829 1391 1875 nec
1405 1812 1590 1874 audientes
1619 1813 1660 1874 nt
1679 1812 1744 1874 boc
1763 1814 1816 1874 θεῖ
1830 1813 1984 1874 medium

328 1911 403 1973 taus
418 1910 546 1974 aiebat:
568 1913 654 1978 Onia
667 1912 741 1986 lpse
757 1914 925 1974 Dominus
944 1911 1124 1988 apparebit
1178 1911 1358 1973 silentium.
1373 1913 1410 1972 In
1425 1911 1532 1988 primo
1540 1911 1674 1973 silentio
1681 1910 1884 1988 ignorantes
1891 1926 1985 1972 mor-

327 2014 366 2074 tn
387 2012 493 2084 tinent
510 2011 545 2073 et
559 2025 629 2072 non
646 2009 847 2081 mentietur,
863 2009 897 2072 et
910 2012 986 2072 ideo
1004 2011 1036 2071 sl
1049 2023 1124 2070 mo-
1177 2007 1305 2071 borum.
1331 2009 1368 2070 ln
1394 2008 1539 2071 secundo
1566 2023 1632 2070 non
1659 2009 1850 2086 quaremes
1870 2025 1985 2070 reme-

328 2123 408 2172 rant
424 2109 557 2184 feeertt,
578 2107 723 2182 eapecta
741 2121 832 2178 enm,
856 2110 938 2180 anta
958 2107 1017 2180 ant
1034 2121 1122 2168 ven-
1178 2105 1280 2168 dium.
1307 2109 1344 2168 In
1366 2106 1464 2168 tertio
1482 2105 1703 2184 despicientes
1727 2105 1915 2168 medicum.
1948 2109 1985 2168 Et

330 2208 432 2270 tamis
463 2207 516 2269 est
549 2205 664 2268 veniet
696 2204 731 2266 et
755 2219 824 2266 non
857 2205 1009 2266 tardabit
1035 2202 1123 2283 (Ha-
1178 2204 1241 2268 hoo
1261 2205 1313 2268 est
1336 2205 1480 2267 medium
1499 2204 1681 2267 silentium.
1697 2206 1735 2265 In
1750 2204 1863 2282 primo
1878 2205 1984 2266 silen-

329 2306 400 2368 bac.
415 2319 453 2377 11,
468 2303 514 2384 3).
533 2305 618 2366 Ecce
638 2302 777 2364 enimet
797 2301 856 2364 alii
878 2301 998 2364 iratres
1018 2303 1123 2364 nostri
1177 2303 1225 2365 tio
1237 2303 1448 2382 aliquatenus
1463 2301 1626 2365 dissoluti.
1653 2303 1690 2362 ln
1704 2301 1855 2364 secundo
1871 2303 1983 2380 turpi-

329 2416 458 2464 mecum
468 2399 562 2462 vobis
573 2399 714 2462 celerem
724 2400 797 2476 ejus
807 2397 1125 2461 adrentumannun-
1177 2401 1292 2463 tudine
1306 2401 1396 2462 nexi.
1411 2403 1448 2462 ln
1459 2400 1557 2462 tertio
1576 2400 1782 2478 poenitudine
1801 2415 1874 2462 non
1889 2417 1982 2462 com-

329 2501 424 2562 tiant.
1178 2497 1302 2576 puncti.
1338 2501 1379 2560 Et
1397 2498 1461 2560 hoo
1479 2499 1530 2560 est
1556 2497 1701 2561 medium
1720 2497 1910 2560 silentium.
1946 2502 1980 2559 In

378 2599 523 2660 Veniens
537 2595 650 2658 veniel
663 2596 775 2658 etnon
788 2594 949 2663 tardabit,
962 2596 1124 2668 quianon
1178 2596 1284 2674 p1imo
1306 2596 1441 2658 silentio
1463 2595 1616 2659 idolatras
1643 2595 1734 2658 iacti.
1764 2599 1802 2658 In
1829 2597 1979 2658 secundo

328 2694 512 2771 anferatur
532 2693 707 2766 sceptrum
732 2695 774 2754 de
796 2694 898 2764 Inda,
924 2692 959 2754 et
982 2695 1055 2754 dna
1081 2694 1123 2754 de
1178 2693 1545 2772 p'onderepeocatorum
1559 2693 1668 2756 fracti.
1682 2696 1720 2755 In
1733 2693 1835 2756 tertio
1849 2694 1889 2756 in
1904 2694 1979 2755 des-

328 2795 460 2870 semare
483 2794 569 2866 ejas,
594 2793 700 2853 donec
718 2791 836 2852 venat
856 2793 915 2864 ant
935 2790 1124 2852 mittendas
1177 2791 1350 2870 paratione
1363 2791 1501 2855 redacti.
1518 2793 1557 2854 Εῖ
1571 2791 1635 2854 boc
1649 2793 1699 2854 θεῖ
1710 2791 1859 2853 medium
1875 2793 1979 2853 silen-

329 2888 491 2970 est(Gen.
511 2903 604 2960 ειη,
627 2885 691 2967 10).
717 2887 864 2950 Veniens
884 2887 997 2949 veniet
1010 2889 1043 2948 et
1056 2902 1123 2948 non
1177 2889 1271 2952 tium.
1294 2891 1375 2953 Item
1396 2905 1472 2952 cum
1490 2890 1635 2952 medium
1654 2889 1824 2951 silentium
1846 2891 1977 2952 teneret

328 2986 483 3058 tardabit,
497 2985 575 3064 quia
585 2999 663 3048 eece
676 2984 790 3046 veniet
804 2984 970 3062 Propheta
985 2999 1123 3060 magnus
1178 2989 1290 3050 omnia
1312 2991 1346 3050 et
1368 3003 1436 3050 nox
1461 2988 1497 3050 in
1521 3001 1584 3050 salo
1611 3003 1719 3050 carrea
1735 2991 1892 3050 medinm
1909 2991 1977 3050 iter

329 3085 363 3146 et
374 3085 447 3162 ipso
460 3081 634 3145 renovabit
644 3080 841 3145 Jerusalem.
857 3081 1003 3144 Veniens
1014 3083 1124 3144 veniet
1175 3088 1371 3164 percueret,
1401 3087 1609 3165 omnipotens
1637 3101 1746 3148 sermo
1774 3085 1875 3158 tuus,
1906 3089 1974 3148 Do-

329 3183 363 3246 et
372 3197 438 3242 non
451 3178 606 3251 tardabit,
618 3179 696 3256 quia
706 3178 865 3241 Dominus
875 3177 947 3256 ipse
956 3177 1077 3251 veniet,
1091 3181 1124 3242 et
1177 3185 1278 3258 mine,
1297 3201 1317 3246 a
1336 3183 1504 3261 regalibus
1517 3183 1651 3246 sedibus
1665 3183 1768 3256 venit,
1784 3184 1897 3246 utens
1918 3185 1974 3262 qui

329 3278 473 3342 salvabit
493 3293 564 3340 nos.
584 3277 730 3339 Veniens
751 3277 863 3340 veniet
879 3278 912 3339 et
930 3276 1124 3340 nontarda-
1177 3284 1212 3344 in
1249 3281 1371 3344 mundo
1408 3283 1503 3345 erant
1542 3281 1730 3344 redimeret.
1769 3283 1845 3360 Ipse
1885 3283 1971 3343 enim

328 3377 396 3451 bit,
422 3375 500 3455 quia
533 3391 610 3438 ecce
649 3375 761 3438 reniet
786 3375 945 3436 Dominus
968 3375 1122 3454 princeps
1177 3382 1250 3443 erat
1286 3381 1355 3442 vita
1396 3381 1430 3443 et
1459 3380 1528 3441 lux.
1560 3380 1636 3442 Vita
1670 3379 1971 3442 immarcescibilis.

328 3491 444 3553 regum
467 3473 690 3538 terrascea
713 3473 770 3552 qui
792 3473 901 3551 parati
915 3474 1123 3538 suntoccur-
1177 3479 1250 3540 Lux
1272 3477 1629 3556 incomprehensibilis.
1667 3478 1767 3540 Venit
1791 3477 1883 3539 enim
1915 3479 1972 3539 lux

327 3590 402 3638 rere
412 3574 473 3635 illi.
487 3573 583 3646 Veni,
600 3572 750 3644 Domine,
771 3572 805 3634 et
815 3571 886 3634 noli
896 3571 1040 3634 tardare.
1052 3572 1123 3634 Dis·
1176 3577 1210 3639 ot
1234 3577 1325 3646 vita,
1360 3579 1397 3639 ut
1423 3575 1605 3638 auterendo
1633 3576 1772 3639 mortem
1800 3573 1898 3638 daret
1921 3577 1972 3639 vi.

327 3673 438 3752 posuit
456 3673 568 3734 amen
588 3671 733 3733 coelestis
757 3670 896 3733 altitudo
922 3669 1067 3742 consilii,
1086 3670 1122 3732 ut
1175 3677 1253 3736 tam
1271 3676 1370 3737 Venit
1390 3674 1460 3748 lux,
1483 3674 1520 3745 ut
1537 3673 1683 3751 fugando
1702 3672 1856 3736 tenebras
1878 3675 1972 3736 daret

327 3771 400 3834 ideo
416 3770 564 3832 medicus
582 3769 699 3831 venire
713 3767 865 3830 differret
883 3767 924 3829 ad
935 3767 1121 3830 sanandum
1175 3773 1294 3835 lucem.
1314 3773 1414 3834 Venit
1432 3775 1465 3835 ct
1488 3787 1597 3834 sermo
1612 3771 1682 3844 Dei,
1700 3772 1736 3833 ut
1756 3771 1930 3834 liberando
1951 3789 1970 3833 a

325 3869 498 3946 agrotum,
514 3882 567 3936 no,
584 3867 613 3928 si
628 3866 826 3928 festinanter
839 3865 1002 3938 venisset,
1023 3867 1122 3942 puta-
1175 3871 1321 3949 peccato,
1345 3870 1503 3932 liberaret
1530 3885 1549 3931 a
1576 3869 1737 3932 daemonis
1754 3871 1847 3946 jugo.
1872 3871 1971 3931 Venit

325 3967 377 4030 ret
391 3967 534 4042 apolus
553 3979 590 4026 se
611 3979 678 4026 non
693 3964 813 4026 medici
832 3963 965 4036 virtute,
987 3963 1044 4024 sed
1058 3979 1121 4024 na·
1174 3985 1254 4046 ergo
1269 3969 1476 4046 omnipotens
1491 3983 1600 4030 sermo
1616 3968 1704 4029 tuus.
1730 3968 1892 4045 Loquitur
1905 3971 1970 4028 Pa-

325 4063 537 4140 turae'vigorc
559 4063 617 4124 aut
635 4061 838 4123 infirmitatis
861 4061 996 4150 levitate
1019 4075 1120 4122 sana·
1173 4067 1236 4139 ter,
1250 4067 1397 4145 loquitur
1411 4066 1527 4138 Filius,
1543 4067 1690 4144 loquitur
1701 4066 1845 4143 Spiritus
1860 4069 1968 4128 sanc-

324 4161 406 4232 tum,
428 4161 461 4222 et
484 4158 766 4236 sicvilipenderet
783 4157 958 4230 medicum,
975 4158 1008 4220 et
1024 4159 1118 4236 parvi
1173 4166 1237 4226 tus.
1266 4166 1366 4227 Pater
1394 4164 1542 4242 loquitur
1577 4163 1679 4226 verba
1715 4163 1966 4241 promissionis,

323 4255 482 4335 penderet
495 4255 738 4333 egritudinem.
761 4255 890 4317 ntideo
904 4255 1034 4319 distulit
1048 4273 1120 4318 me-
1173 4262 1278 4324 Filius
1295 4261 1549 4334 exhortationis,
1572 4261 1716 4340 Spiritus
1731 4262 1874 4323 Sanctus
1886 4277 1968 4323 con-

324 4355 419 4416 dicus
442 4355 566 4423 noster,
588 4351 676 4415 idest
699 4353 870 4426 Salvator,
898 4353 1057 4416 accedere
1083 4357 1119 4418 ut
1173 4359 1356 4422 solationis.
1391 4359 1552 4438 Loquitur
1586 4375 1666 4436 ergo
1704 4363 1805 4421 Pater
1830 4361 1968 4436 promit-

324 4453 471 4516 salvaret
481 4452 639 4530 populum
651 4467 759 4525 suum,
771 4451 877 4514 donec
889 4453 1118 4529 peccatorcla-
1172 4458 1282 4526 tcndo,
1306 4457 1411 4520 Filius
1430 4457 1649 4528 exhortando,
1667 4457 1811 4535 Spiritus
1826 4459 1966 4519 Sanctus

324 4553 431 4614 maret
445 4551 687 4630 frequentaret
702 4551 842 4614 diceret:
859 4551 954 4624 veui,
966 4552 1115 4625 Domine,
1172 4555 1386 4618 consolando.

323 4649 440 4713 etnoli
456 4650 612 4724 tardare;
628 4649 744 4710 relaxa
758 4648 1114 4727 facinoraplebistuee‚
1211 4653 1269 4714 Vis
1296 4652 1413 4714 audire
1438 4651 1692 4730 promissionem
1720 4651 1854 4713 Patrisi
1883 4655 1964 4714 Vin-

322 4748 436 4810 Israel.
454 4750 558 4810 Porro
574 4747 729 4809 subtilior
751 4747 814 4809 etsi
842 4747 1002 4809 secretior
1017 4748 1115 4824 nujus
1170 4753 1465 4814 centtaaboedere
1477 4751 1712 4826 deliarnoaltce
1725 4748 1840 4828 (Apoc.
1853 4765 1889 4822 n,
1902 4749 1962 4830 17).

319 4845 489 4909 dilationis
513 4846 565 4908 est
591 4846 688 4918 ratio,
714 4861 813 4923 quam
837 4845 1000 4923 sapientia
1020 4845 1115 4907 nobis
1169 4850 1228 4910 Vis
1241 4849 1358 4911 audire
1376 4848 1497 4910 Filium
1519 4847 1773 4909 exhortantemt
1793 4850 1874 4908 Vloo
1892 4863 1962 4925 epo,

318 4944 477 5007 insinuat.
492 4947 575 5005 Dum
590 4943 1114 5021 modium,inquitsilentiumte-
1169 4949 1251 5009 dicit
1271 4951 1455 5020 bannens,
1478 4951 1554 5008 niolo
1573 4946 1735 5008 inertem
1760 4947 1961 5021 peccatoris,

318 5043 436 5105 nerent
450 5043 572 5114 omnia,
590 5043 623 5104 et
636 5057 704 5103 nox
718 5042 753 5103 in
773 5057 833 5103 suo
853 5056 955 5102 cursu
970 5040 1114 5103 medium
1168 5041 1301 5123 (Enoch.
1326 5059 1448 5113 xxxin,
1475 5041 1538 5122 11).
1563 5044 1647 5106 Vivo
1671 5057 1744 5118 ego,
1768 5043 1846 5119 quia
1865 5045 1961 5120 jura-

317 5141 382 5204 iter
409 5141 598 5218 perageret,
634 5139 842 5216 omnipotens
873 5154 982 5201 sermo
1014 5141 1112 5212 tuus,
1168 5143 1314 5204 mentum
1335 5142 1388 5203 vel
1410 5141 1653 5202 sacramentum
1674 5139 1811 5217 jurandi
1839 5143 1910 5202 erut
1927 5140 1960 5200 in

316 5239 466 5306 Domine,
481 5255 500 5300 a
515 5237 685 5315 regalibus
698 5236 833 5299 sedibus
845 5237 948 5300 venit.
1167 5239 1251 5316 lege.
1269 5241 1338 5301 Noc
1359 5255 1424 5301 non
1447 5240 1498 5302 est
1516 5239 1642 5316 jnratio
1666 5238 1808 5312 Domini,
1826 5238 1958 5310 scilicet,

355 5336 491 5414 Triplex
514 5339 566 5399 est
591 5334 772 5398 silentium.
800 5335 959 5408 Primum,
981 5335 1113 5412 quando
1167 5337 1414 5409 sarchoasmos,
1441 5337 1527 5398 idest
1553 5335 1684 5398 hostilis
1712 5335 1836 5414 irrisio.
1865 5336 1959 5407 Quasi

315 5434 424 5510 parati
447 5434 525 5496 sunt
545 5434 726 5506 auditores,
756 5449 818 5496 nec
837 5432 961 5510 estqui
983 5432 1109 5496 doceat.
1167 5435 1292 5498 diceret
1308 5457 1315 5496 :
1332 5434 1439 5497 iudaei
1463 5433 1665 5512 putaverunt
1687 5449 1739 5494 me
1763 5433 1909 5494 detinere
1927 5435 1957 5493 in

317 5531 516 5603 Secundum,
528 5531 660 5609 quando
673 5531 870 5609 paratisunt
881 5531 1111 5600 doctores,nec
1166 5533 1283 5606 morte,
1301 5549 1401 5610 quum
1417 5547 1469 5594 me
1486 5531 1687 5600 occiderent,
1701 5531 1758 5592 sed
1781 5531 1955 5592 resurrexi.

314 5629 444 5706 estqui
469 5630 593 5691 audiat.
617 5630 764 5692 Tertium
789 5629 1111 5706 quodcommuuiter
1166 5633 1240 5693 Non
1267 5632 1361 5709 quasi
1394 5629 1581 5692 clecedcndo
1610 5630 1659 5691 eis
1685 5630 1824 5707 loquens
1851 5629 1952 5690 dixit:
