4078 6442
292 295 352 360 583
911 285 1087 348 nortona
1108 285 1153 346 111
1174 285 1324 348 OPERA.
1887 289 1957 350 584

292 453 452 523 Ecclesiae
467 455 625 516 Romanae
637 446 864 512 restituerent.
879 445 972 520 Quod
987 445 1017 508 si
1029 460 1092 508 rex
1144 461 1238 506 crum
1252 445 1379 524 corpus
1394 445 1440 509 sit
1450 444 1522 519 tibi,
1533 445 1620 509 sicut
1632 447 1813 524 apostolis,
1829 447 1873 510 ad
1890 465 1956 512 sa-

292 557 356 620 lioc
370 554 480 616 facere
493 547 685 626 denegaret,
701 561 744 608 cx
756 546 835 608 tunc
845 544 910 623 ipsi
921 543 1090 623 principes
1144 542 1262 618 lutem;
1273 543 1422 621 alioquin
1436 541 1575 621 indigne
1584 544 1749 622 percipies
1764 544 1849 607 illud
1859 547 1955 610 sicut

294 669 369 716 eum
385 664 493 728 neque
508 663 567 725 pro
583 659 662 722 rege
676 658 784 721 noque
799 659 859 721 pro
874 643 1009 704 domino
1023 642 1089 702 ba·
1142 641 1258 711 ludas,
1278 642 1311 702 et
1325 639 1488 718 Judicium
1510 639 1571 703 tibi
1591 640 1716 719 absque
1730 642 1832 705 dubio
1848 659 1954 706 man.

292 751 373 814 bere
383 742 758 817 deberentouibusrite
772 740 946 818 completis
956 741 1091 818 ctJ'ura-
1143 736 1291 800 durabis.
1308 738 1347 801 Et
1362 738 1475 800 statim
1489 738 1531 800 ad
1547 739 1697 801 osculum
1712 757 1789 801 eum
1803 743 1952 820 recepit,

292 850 405 912 mento
423 843 575 915 firmatis,
592 839 881 916 archiepiscopum
904 837 1092 900 Trevereu-
1143 835 1176 897 et
1199 837 1274 912 post
1301 835 1438 898 missam
1466 853 1541 898 cum
1576 837 1649 914 ipso
1671 839 1812 916 paterna
1833 839 1953 903 chari.

293 963 364 1010 sem
386 941 549 1006 miserunt
565 941 715 1009 Romam,
730 937 945 1014 quatenusea
960 949 1034 1012 quae
1049 933 1090 994 de
1143 935 1211 995 tate
1238 933 1382 996 comedit
1406 957 1414 995 ε
1444 936 1609 1012 praeterea
1635 937 1951 1000 excommunicatos

293 1041 441 1106 sedanda
453 1037 622 1101 discordia
635 1036 728 1096 inter
741 1033 924 1096 Ecclesiam
936 1034 971 1093 et
981 1034 1091 1109 Impe-
1143 1029 1199 1108 qui
1223 1047 1298 1092 cum
1319 1034 1410 1110 Rege
1432 1035 1597 1096 venerant
1612 1032 1693 1095 fecit
1705 1033 1847 1110 absolvi,
1861 1040 1896 1099 et
1911 1037 1951 1098 in

292 1128 1090 1210 riumcenstituerant,episcopisetcardinalibus
1143 1129 1502 1206 paoeomnesdimisit.

291 1235 526 1307 innotesceret,
534 1234 567 1296 et
576 1230 779 1310 propterhoc
790 1226 1092 1292 RomanumPonti·
1182 1226 1213 1287 9.
1235 1229 1383 1298 Decurso
1406 1228 1520 1306 itaque
1534 1227 1694 1290 instantis
1709 1230 1790 1290 anni
1803 1231 1948 1303 circulo,

292 1339 388 1401 tieem
410 1331 571 1412 usquead
587 1329 757 1394 civitatem
771 1328 955 1402 Augustam
972 1340 1090 1388 secure
1144 1340 1343 1403 quamquam
1356 1325 1393 1386 in
1407 1325 1493 1388 facie
1508 1326 1664 1388 Pontifici
1680 1343 1743 1390 rex
1756 1327 1897 1392 devotus
1913 1331 1951 1390 et

292 1433 502 1500 conduceret.
520 1430 583 1493 sed
599 1427 685 1507 quod
707 1424 939 1488 fraudulenter
952 1423 1090 1485 arehie-
1143 1421 1302 1484 obediens
1315 1423 1497 1498 rideretur,
1511 1423 1610 1486 corde
1625 1427 1658 1486 et
1671 1440 1782 1503 opere,
1793 1427 1884 1488 sicut
1895 1428 1949 1487 rei

291 1529 662 1615 piscopus(o)ipse,per
670 1523 911 1599 velatemregis
919 1522 1089 1595 astutiam,
1144 1521 1946 1600 eftectuspostmodumindicarit,conbariussi-

293 1633 408 1710 captus
432 1627 532 1690 fuerit
551 1623 637 1702 apud
660 1621 879 1692 Placentiam,
895 1622 929 1683 ct
942 1621 1092 1698 postmo-
1143 1619 1188 1692 bi,
1210 1622 1244 1682 et
1264 1635 1397 1698 semper
1413 1619 1448 1680 iu
1468 1620 1602 1682 insidiis
1621 1620 1803 1684 efficaciter
1820 1623 1949 1684 0111th

292 1729 371 1792 dum
383 1727 444 1789 uix
467 1723 638 1794 liberatus,
656 1721 792 1798 propter
804 1718 956 1780 historiae
977 1717 1090 1794 longi-
1144 1718 1729 1796 Nocturnisenimtemporibus‚cum
1739 1717 1900 1782 Guiberto
1913 1723 1949 1784 et

291 1827 440 1892 tudinem
453 1819 735 1902 praetermittimus
750 1815 909 1880 scribere.
1144 1817 1258 1878 Gentio
1267 1817 1495 1880 Romanoriro
1507 1817 1722 1893 nequissimo,
1730 1817 1771 1880 de
1781 1833 1847 1896 quo
1854 1835 1950 1880 men.

332 1918 599 1987 &Venerabilis
627 1917 740 1994 itaque
774 1931 861 1993 papa
889 1913 1089 1991 Gregorius,
1144 1913 1267 1977 tionem
1275 1914 1950 1992 fecimussuperius,etaliisbcclesiaeini·

293 2023 408 2086 audita
427 2017 595 2096 legatione
614 2015 783 2078 tantorum
798 2011 997 2089 principum,
1013 2009 1092 2073 licet
1144 2013 1240 2076 micis
1268 2012 1480 2078 familiariter
1505 2011 1718 2090 loquebatur,
1744 2014 1777 2076 et
1801 2013 1948 2077 nefariis

293 2116 605 2200 tlalifflfflahlems
616 2109 1089 2184 instarebssfltantumbonum,
1144 2129 1258 2174 eorum
1266 2111 1418 2174 consiliis
1433 2110 1581 2174 favorem
1594 2110 1857 2189 praestabatsed
1869 2129 1949 2174 cum

293 2219 380 2298 quod
402 2218 442 2278 ‘¹0
458 2231 539 2294 paee
556 2211 763 2290 8161111111,
781 2208 960 2287 1θ111181111
980 2206 1091 2282 11θό11·
1143 2211 1273 2272 videret
1291 2213 1415 2286 Papam
1427 2209 1624 2284 Gregorium
1644 2209 1791 2272 acastre
1806 2211 1948 2272 Canusii

293 2317 440 2393 gentiam
456 2311 656 2380 remaneret,
674 2325 749 2370 cum
770 2306 885 2368 eodem
904 2305 1092 2382 archiepis-
1144 2309 1236 2370 nullo
1247 2307 1344 2370 modo
1359 2322 1457 2385 posse
1470 2306 1595 2378 diuelli,
1604 2307 1742 2385 Papiam
1752 2309 1948 2370 moraturus

294 2432 376 2496 copo
391 2414 498 2492 ipsius
513 2408 645 2472 itineris
656 2405 885 2470 difficultatem
896 2403 1089 2480 assumpsit,
1144 2404 1520 2484 perrexit,ubieumdem
1527 2405 1828 2482 Gentiumpessima
1836 2393 1947 2468 morte

294 2517 328 2579 et
352 2527 455 2592 usque
479 2509 520 2572 ad
535 2505 708 2570 Vercellas
730 2501 903 2580 processit.
917 2503 964 2564 Eo
979 2501 1090 2562 autem
1144 2502 1334 2565 defunctum
1349 2503 1492 2576 invenit3
1507 2505 1603 2581 cujus
1620 2502 1830 2565 exsecrabile
1843 2503 1947 2566 sunus

294 2614 378 2675 nibil
401 2609 537 2673 sinistre
562 2603 751 2681 suspicante
771 2601 813 2662 de
835 2599 926 2676 regis
947 2599 1091 2676 promis-
1143 2602 1231 2664 idem
1246 2599 1508 2664 Guibertuscum
1521 2599 1652 2662 caeteris
1665 2603 1946 2664 excommunica·

291 2713 399 2783 sione,
415 2705 551 2785 repente
565 2701 725 2773 insonuit,
742 2697 828 2778 quod
844 2698 916 2776 ipse
929 2713 990 2760 rex
1003 2697 1091 2761 rolo-
1143 2700 1187 2762 tis
1209 2699 1394 2777 pompatice
1417 2698 1450 2760 et
1471 2696 1731 2761 lamentabiliter
1748 2699 1945 2764 celebravit,

290 2809 427 2874 cissimo
449 2819 549 2868 cursu
567 2803 638 2880 jam
661 2798 844 2862 transierat
864 2796 975 2874 Alpes,
998 2797 1032 2858 et
1053 2796 1088 2856 in
1143 2798 1265 2862 Eodem
1281 2797 1441 2874 tempore,
1457 2812 1532 2858 cum
1554 2811 1615 2858 rex
1629 2798 1795 2859 Honricus
1808 2797 1844 2860 in
1859 2815 1945 2876 par-

290 2900 610 2970 occursuPoutificis
621 2897 789 2960 hostiliter
799 2892 1089 2965 festinabatouod
1143 2895 1230 2957 tibus
1241 2894 1345 2958 ltaliae
1357 2894 1555 2968 moraretur,
1566 2894 1736 2972 principes
1746 2894 1842 2972 regni
1853 2897 1944 2974 apud

289 3005 422 3067 facinus
455 2999 665 3077 inopinatum
704 2996 878 3072 postquam
915 2991 1089 3068 episcopus
1142 2992 1257 3055 uillam
1272 2992 1434 3055 Porcbem
1450 2991 1497 3072 (1)
1513 2992 1550 3053 in
1565 3009 1667 3053 unum
1682 2993 1808 3071 pariter
1822 3009 1944 3056 eoum.

291 3097 515 3165 Vercellensis
527 3093 693 3170 cognouit,
710 3091 789 3153 licet
809 3089 900 3166 regis
921 3088 1091 3150 caucella·
1142 3092 1274 3164 nerunt,
1291 3091 1325 3152 et
1337 3093 1549 3166 neumarum
1561 3091 1731 3167 egregium
1744 3091 1861 3154 ducem
1876 3092 1942 3154 sphi

292 3202 363 3263 rius
388 3195 577 3266 baberetur,
594 3189 748 3253 Pontifici
767 3189 878 3250 tamen
899 3186 949 3249 rei
962 3186 1090 3248 verita·
1141 3189 1177 3250 in
1190 3203 1302 3265 regem
1315 3187 1519 3252 unanimiter
1527 3189 1712 3266 elegerunt,
1719 3189 1828 3252 virum
1839 3190 1944 3268 siqui.

291 3302 359 3361 tem
385 3293 530 3358 fideliter
552 3288 729 3353 intimarit.
756 3288 826 3359 Quo
852 3285 966 3348 audito
992 3287 1026 3346 et
1052 3284 1087 3346 in
1141 3286 1216 3350 dem
1238 3286 1351 3362 magui
1372 3287 1517 3359 consilii,
1533 3288 1567 3349 et
1580 3287 1616 3348 in
1631 3287 1734 3350 mmis
1748 3286 1944 3366 frequenter

290 3395 433 3458 veritate
454 3391 633 3468 compertu,
655 3384 811 3449 Pontifex
834 3383 946 3446 stetim
968 3382 1089 3446 avertit
1141 3387 1326 3462 expertum,
1342 3384 1493 3446 acuimis
1507 3384 1683 3448 illustrem.
1701 3385 1792 3458 Quod
1807 3385 1865 3448 ubi
1879 3403 1944 3450 rex

286 3479 450 3563 'habenas
472 3489 506 3552 et
527 3487 568 3548 ad
591 3483 794 3548 tutissimum
815 3480 960 3544 castrum
983 3479 1088 3542 comi·
1140 3484 1304 3546 Henrious
1314 3482 1458 3556 audivit,
1474 3499 1541 3544 non
1559 3483 1774 3546 mediocriter
1787 3499 1942 3546 commo.

289 3593 383 3654 tissae
409 3585 600 3657 diethildis,
628 3580 716 3644 beati
745 3579 835 3642 Petri
864 3577 1086 3642 devotissimae
1140 3582 1193 3644 tus
1204 3583 1265 3654 est,
1281 3582 1314 3642 et
1329 3581 1364 3642 in
1378 3579 1587 3642 iracundiam
1601 3580 1817 3644 vehementer
1832 3599 1938 3644 exar-

289 3689 380 3763 flliae,
394 3687 481 3767 quod
502 3684 625 3746 dicitur
638 3679 830 3752 Canusium,
848 3693 915 3740 non
939 3676 1088 3753 segniter
1140 3679 1194 3742 sit.
1206 3679 1453 3752 Verumtamen,
1462 3677 1548 3741 sicut
1560 3678 1614 3740 uir
1622 3678 1764 3742 callidus
1775 3680 1808 3742 et
1820 3695 1939 3756 sagax,

288 3786 470 3858 festinavit,
486 3785 570 3846 etse
588 3781 624 3842 in
647 3779 719 3841 tuto
741 3774 992 3839 cumfratribus
1014 3776 1085 3836 suis
1140 3777 1309 3838 deminum
1338 3779 1463 3853 Papam
1492 3776 1689 3853 Gregorium
1717 3793 1778 3854 per
1802 3779 1940 3840 numios

287 3885 425 3965 recepit.
441 3886 515 3946 Rex
528 3895 621 3951 uero,
635 3875 816 3955 perpetrati
830 3873 970 3951 perjurii
983 3888 1085 3934 cons·
1139 3889 1217 3936 suos
1232 3873 1352 3936 blande
1367 3875 1401 3936 ct
1414 3872 1587 3935 humiliter
1599 3875 1754 3938 exoravit
1772 3877 1940 3954 quatenus

289 3985 371 4056 cius,
389 3981 445 4044 ubi
467 3981 597 4041 reatum
621 3990 717 4036 suum
736 3971 964 4034 indubitanter
977 3969 1087 4048 publi·
1140 3971 1291 4034 eumdem
1314 3975 1528 4046 Rodulpbum
1562 3987 1643 4033 mox
1667 3973 1941 4036 excommunica.
2017 4003 2022 4010 .

287 4084 399 4145 catum
422 4075 597 4154 cognovit,
621 4071 771 4150 deposita
795 4069 983 4141 ferocitate,
1007 4071 1086 4130 tan-
1138 4069 1221 4132 tioni
1246 4069 1435 4147 subjiceret.
1465 4069 1621 4131 Pontifex
1648 4070 1770 4145 autem,
1795 4071 1939 4133 consilio

288 4195 387 4260 quam
398 4176 515 4252 11111198
525 4168 914 4246 callidasimplicnatem
925 4164 1087 4230 columbi·
1139 4167 1263 4240 habito,
1280 4166 1453 4245 respondit
1465 4181 1500 4228 se
1516 4167 1579 4228 boc
1600 4167 1743 4230 libenter
1756 4167 1936 4242 facturum,

288 4273 498 4345 1111111111111111,
515 4271 548 4333 91
564 4284 668 4346 usque
690 4266 732 4328 ud
754 4265 864 4344 ipsum
881 4265 1037 4338 castrum,
1051 4265 1086 4326 ut
1140 4267 1169 4328 si
1183 4269 1378 4342 Rodutpbus
1390 4281 1410 4326 a
1424 4266 1606 4327 sevocatus
1618 4265 1783 4328 rationem
1794 4266 1846 4328 sui
1858 4265 1938 4329 facti

287 4373 474 4440 mereretur
497 4365 647 4439 absolvi,
672 4363 867 4427 Pontificem
895 4363 990 4440 sequi
1018 4379 1085 4426 non
1138 4363 1278 4426 reddere
1290 4362 1395 4426 nollet
1408 4384 1416 4423 ι
1430 4378 1497 4424 non
1512 4363 1602 4424 enim
1612 4366 1740 4440 justum
1756 4366 1814 4427 aut
1832 4365 1939 4428 ratio-

288 4471 432 4538 destitit:
450 4469 484 4532 in
497 4482 562 4545 quo
575 4465 648 4528 loco
664 4461 885 4542 supernivem
899 4462 931 4523 et
943 4461 1085 4538 glaciem
1138 4459 1249 4523 nabile
1271 4458 1456 4531 videbatur,
1473 4462 1510 4520 ut
1524 4459 1717 4539 priusquam
1733 4461 1937 4523 convenire-

287 4571 387 4636 nudis
402 4567 542 4647 pedibus
557 4580 618 4644 per
632 4563 703 4625 dies
719 4560 845 4640 aliquot
860 4559 962 4633 stetit,
978 4560 1012 4624 et
1025 4559 1086 4622 ab·
1137 4560 1192 4620 tur
1207 4557 1562 4620 excommunicationis
1575 4557 1687 4635 gladio
1708 4557 1821 4636 puniri
1836 4557 1940 4622 debe-

287 4667 463 4734 solutionis
478 4663 621 4742 gratiam
636 4659 876 4724 instantissime
892 4659 1081 4736 postulavit.
1137 4657 1199 4719 ret.
1229 4657 1336 4734 Hujm
1363 4655 1478 4733 itaque
1505 4656 1732 4733 responsionis
1761 4658 1939 4720 occasione

286 4770 366 4834 Post
389 4766 511 4828 multas
533 4764 644 4840 itaque
667 4757 926 4836 disceptationes
943 4756 975 4818 et
988 4756 1083 4818 varia
1138 4753 1297 4816 adversus
1323 4753 1518 4816 Pontificem
1533 4754 1713 4830 maximam
1727 4753 1938 4832 indignatio.

286 4867 439 4937 consilia,
453 4863 527 4942 post
541 4857 804 4923 satisfactionem
817 4856 850 4919 et
863 4853 1083 4916 absolutionis
1137 4868 1212 4914 nem
1227 4852 1394 4929 concepit3
1411 4850 1468 4912 sed
1484 4851 1561 4929 quia
1574 4852 1774 4928 gravissima
1787 4852 1851 4914 sibi
1870 4869 1938 4915 ne-

285 4966 439 5046 gratiam,
453 4961 541 5024 idem
556 4956 711 5021 Pontifex
733 4955 822 5016 inter
836 4953 1013 5014 missarum
1028 4967 1084 5013 so-
1136 4949 1227 5026 gotia
1254 4948 1509 5022 incumbebant,
1537 4948 1600 5011 boc
1626 4949 1872 5027 praetermisso,
1899 4952 1936 5013 in

284 5064 398 5128 lennia
413 5060 496 5137 regi,
510 5056 653 5120 bostiam
677 5053 800 5116 Christi
823 5051 1009 5129 porrigens,
1026 5049 1082 5110 di·
1136 5048 1312 5110 Franciam
1336 5047 1369 5108 et
1388 5046 1566 5108 Bavnriam
1594 5047 1936 5123 contraRodzdpbnm

284 5163 337 5227 xit
359 5183 366 5223 ε
385 5160 420 5222 Si
446 5157 547 5220 corde
572 5155 659 5216 bono
688 5150 831 5222 accedis,
849 5151 882 5211 et
910 5147 996 5227 quod
1024 5163 1082 5209 ore
1135 5145 1171 5208 in
1186 5160 1288 5206 manu
1307 5143 1419 5206 valida
1435 5143 1625 5206 festinavit:
1642 5159 1660 5206 e
1680 5147 1795 5206 contra
1809 5147 1938 5210 Rodunt.

284 5256 452 5340 proflteris
467 5253 549 5318 milri
565 5251 742 5314 observare
766 5246 925 5323 disponis,
943 5244 1006 5308 hoc
1026 5261 1084 5308 sa·
1131 5241 1434 5322 benemerentem
1460 5257 1520 5302 sua
1545 5241 1725 5315 confidens,
1740 5241 1781 5303 ad
1796 5243 1937 5305 conflic-

321 5444 362 5519 (a)
385 5443 454 5511 Udo,
470 5436 639 5513 quibusdam
663 5435 739 5500 Ado,
768 5431 946 5490 'trevirensis
968 5429 1078 5488 archia·
1134 5428 1344 5490 siouefactam.

286 5519 430 5591 piscopus,
443 5512 479 5571 ab
490 5525 537 5568 an.
551 5510 618 5568 11167
633 5506 670 5565 ad
686 5505 755 5564 1078
771 5521 777 5561 ;
795 5503 925 5560 mesniult
940 5501 1024 5573 hujus
1039 5503 1079 5560 lc·
1171 5502 1210 5573 (1)
1231 5497 1391 5567 Forcbeim,
1408 5511 1445 5556 en
1458 5495 1577 5558 Baridre
1597 5497 1936 5575 (tinulo-Franconie),t

206 5641 211 5652 .
285 5587 412 5662 gationis
428 5587 580 5643 Bruwerus
592 5581 620 5637 in
635 5577 743 5636 attunt.
759 5575 879 5642 trevir„
894 5573 930 5632 ad
940 5587 987 5632 an.
1001 5573 1080 5643 1077,
1134 5573 1169 5632 ib
1183 5572 1232 5631 lit.
1247 5570 1282 5629 dc
1292 5568 1444 5641 bamberg.

286 5673 365 5718 uuuu
382 5657 436 5728 cr;
448 5653 499 5712 sed
513 5650 656 5725 ignorauit
673 5647 806 5721 injurium
821 5645 913 5705 Udoni
940 5658 974 5701 eu
996 5659 1079 5703 occa·
