<?xml version="1.0" encoding="UTF-8"?>
<!DOCTYPE html PUBLIC "-//W3C//DTD XHTML 1.0 Transitional//EN"
    "http://www.w3.org/TR/xhtml1/DTD/xhtml1-transitional.dtd">
<html xmlns="http://www.w3.org/1999/xhtml" xml:lang="en" lang="en">
 <head>
  <title>
</title>
<meta http-equiv="Content-Type" content="text/html;charset=utf-8" />
  <meta name='ocr-system' content='tesseract 3.04.00' />
  <meta name='ocr-capabilities' content='ocr_page ocr_carea ocr_par ocr_line ocrx_word'/>
</head>
<body>
  <div class='ocr_page' id='page_1' title='image "./mediiaevibiblio05bottgoog/mediiaevibiblio05bottgoog_0485.png"; bbox 0 0 4084 6428; ppageno 0'>
   <div class='ocr_carea' id='block_1_1' title="bbox 764 275 1978 340">
    <p class='ocr_par' dir='ltr' id='par_1_1' title="bbox 764 275 1978 340">
     <span class='ocr_line' id='line_1_1' title="bbox 764 275 1978 340; baseline -0.002 0"><span class='ocrx_word' id='word_1_1' title='bbox 764 277 941 340; x_wconf 85' lang='lat' dir='ltr'>HONORII</span> <span class='ocrx_word' id='word_1_2' title='bbox 962 278 1007 338; x_wconf 90' lang='lat'><strong>111</strong></span> <span class='ocrx_word' id='word_1_3' title='bbox 1028 275 1176 337; x_wconf 82' lang='lat' dir='ltr'>OPERA.</span> <span class='ocrx_word' id='word_1_4' title='bbox 1193 303 1231 319; x_wconf 94' lang='lat'><em>-</em></span> <span class='ocrx_word' id='word_1_5' title='bbox 1247 277 1480 340; x_wconf 80' lang='lat' dir='ltr'><strong>SERMONES.</strong></span> <span class='ocrx_word' id='word_1_6' title='bbox 1904 278 1978 338; x_wconf 81' lang='lat'><strong>892</strong></span> 
     </span>
    </p>
   </div>
   <div class='ocr_carea' id='block_1_2' title="bbox 303 289 360 352">
    <p class='ocr_par' dir='ltr' id='par_1_2' title="bbox 303 289 360 352">
     <span class='ocr_line' id='line_1_2' title="bbox 303 289 360 352; baseline -0.035 0"><span class='ocrx_word' id='word_1_7' title='bbox 303 289 360 352; x_wconf 83' lang='lat'><strong>891</strong></span> 
     </span>
    </p>
   </div>
   <div class='ocr_carea' id='block_1_3' title="bbox 303 431 1973 916">
    <p class='ocr_par' dir='ltr' id='par_1_3' title="bbox 303 431 1973 624">
     <span class='ocr_line' id='line_1_3' title="bbox 306 431 1973 524; baseline -0.01 -12"><span class='ocrx_word' id='word_1_8' title='bbox 306 451 471 524; x_wconf 77' lang='lat' dir='ltr'><strong>idoneam</strong></span> <span class='ocrx_word' id='word_1_9' title='bbox 484 457 567 507; x_wconf 78' lang='lat' dir='ltr'><strong>cero</strong></span> <span class='ocrx_word' id='word_1_10' title='bbox 580 443 767 516; x_wconf 69' lang='lat' dir='ltr'><strong><em>liquescens</em></strong></span> <span class='ocrx_word' id='word_1_11' title='bbox 784 439 822 500; x_wconf 79' lang='lat' dir='ltr'><strong>tn</strong></span> <span class='ocrx_word' id='word_1_12' title='bbox 836 439 948 500; x_wconf 77' lang='lat' dir='ltr'><strong>medio</strong></span> <span class='ocrx_word' id='word_1_13' title='bbox 965 437 1099 498; x_wconf 77' lang='lat' dir='ltr'><strong>ventris</strong></span> <span class='ocrx_word' id='word_1_14' title='bbox 1152 433 1324 513; x_wconf 76' lang='lat' dir='ltr'><strong>discipulis</strong></span> <span class='ocrx_word' id='word_1_15' title='bbox 1340 435 1409 499; x_wconf 89' lang='lat' dir='ltr'><strong>suis</strong></span> <span class='ocrx_word' id='word_1_16' title='bbox 1425 438 1539 500; x_wconf 86' lang='lat' dir='ltr'><strong>multis</strong></span> <span class='ocrx_word' id='word_1_17' title='bbox 1553 435 1671 500; x_wconf 88' lang='lat' dir='ltr'><strong>modis.</strong></span> <span class='ocrx_word' id='word_1_18' title='bbox 1692 431 1845 501; x_wconf 82' lang='lat' dir='ltr'><strong>Ostendit</strong></span> <span class='ocrx_word' id='word_1_19' title='bbox 1862 436 1973 498; x_wconf 83' lang='lat' dir='ltr'><strong>enim</strong></span> 
     </span>
     <span class='ocr_line' id='line_1_4' title="bbox 303 532 1972 624; baseline -0.008 -16"><span class='ocrx_word' id='word_1_20' title='bbox 303 549 375 608; x_wconf 85' lang='lat' dir='ltr'><strong>met</strong></span> <span class='ocrx_word' id='word_1_21' title='bbox 396 543 466 624; x_wconf 88' lang='lat' dir='ltr'><strong>(Ps.</strong></span> <span class='ocrx_word' id='word_1_22' title='bbox 489 537 616 617; x_wconf 85' lang='lat'><strong>21,15).</strong></span> <span class='ocrx_word' id='word_1_23' title='bbox 1152 532 1390 609; x_wconf 76' lang='lat' dir='ltr'>benignitatem</span> <span class='ocrx_word' id='word_1_24' title='bbox 1424 551 1518 596; x_wconf 88' lang='lat' dir='ltr'><strong>suam</strong></span> <span class='ocrx_word' id='word_1_25' title='bbox 1556 535 1664 598; x_wconf 91' lang='lat' dir='ltr'><strong>dando</strong></span> <span class='ocrx_word' id='word_1_26' title='bbox 1709 535 1972 598; x_wconf 84' lang='lat' dir='ltr'><strong>abundantiam</strong></span> 
     </span>
    </p>

    <p class='ocr_par' dir='ltr' id='par_1_4' title="bbox 306 629 1972 916">
     <span class='ocr_line' id='line_1_5' title="bbox 344 629 1972 708; baseline -0.007 -4"><span class='ocrx_word' id='word_1_27' title='bbox 344 647 391 706; x_wconf 87' lang='lat' dir='ltr'><strong>De</strong></span> <span class='ocrx_word' id='word_1_28' title='bbox 408 638 638 702; x_wconf 87' lang='lat' dir='ltr'><strong>ceralacimus</strong></span> <span class='ocrx_word' id='word_1_29' title='bbox 656 649 800 706; x_wconf 88' lang='lat' dir='ltr'><strong>cereum,</strong></span> <span class='ocrx_word' id='word_1_30' title='bbox 815 632 897 694; x_wconf 91' lang='lat' dir='ltr'><strong>etin</strong></span> <span class='ocrx_word' id='word_1_31' title='bbox 918 647 1014 692; x_wconf 89' lang='lat' dir='ltr'><strong>cereo</strong></span> <span class='ocrx_word' id='word_1_32' title='bbox 1033 629 1098 692; x_wconf 90' lang='lat' dir='ltr'><strong>tria</strong></span> <span class='ocrx_word' id='word_1_33' title='bbox 1153 645 1264 691; x_wconf 91' lang='lat' dir='ltr'><strong>rerum</strong></span> <span class='ocrx_word' id='word_1_34' title='bbox 1289 631 1538 708; x_wconf 82' lang='lat' dir='ltr'><strong>temporalinm3</strong></span> <span class='ocrx_word' id='word_1_35' title='bbox 1570 633 1716 695; x_wconf 78' lang='lat' dir='ltr'>ostendit</span> <span class='ocrx_word' id='word_1_36' title='bbox 1747 633 1972 696; x_wconf 79' lang='lat' dir='ltr'><strong>charitatem</strong></span> 
     </span>
     <span class='ocr_line' id='line_1_6' title="bbox 306 727 1970 808; baseline -0.009 -5"><span class='ocrx_word' id='word_1_37' title='bbox 306 741 383 803; x_wconf 88' lang='lat' dir='ltr'><strong>sunt</strong></span> <span class='ocrx_word' id='word_1_38' title='bbox 399 736 555 808; x_wconf 90' lang='lat' dir='ltr'><strong>notanda,</strong></span> <span class='ocrx_word' id='word_1_39' title='bbox 576 732 747 804; x_wconf 89' lang='lat' dir='ltr'><strong>videlieet,</strong></span> <span class='ocrx_word' id='word_1_40' title='bbox 771 747 859 802; x_wconf 89' lang='lat' dir='ltr'><strong>cera,</strong></span> <span class='ocrx_word' id='word_1_41' title='bbox 884 745 1041 807; x_wconf 83' lang='lat' dir='ltr'><strong>papyrus,</strong></span> <span class='ocrx_word' id='word_1_42' title='bbox 1066 727 1099 789; x_wconf 89' lang='lat' dir='ltr'><strong>et</strong></span> <span class='ocrx_word' id='word_1_43' title='bbox 1154 743 1249 788; x_wconf 91' lang='lat' dir='ltr'><strong>suam</strong></span> <span class='ocrx_word' id='word_1_44' title='bbox 1284 728 1512 790; x_wconf 88' lang='lat' dir='ltr'><strong>distribuendo</strong></span> <span class='ocrx_word' id='word_1_45' title='bbox 1541 730 1628 791; x_wconf 92' lang='lat' dir='ltr'><strong>dona</strong></span> <span class='ocrx_word' id='word_1_46' title='bbox 1656 731 1844 806; x_wconf 80' lang='lat' dir='ltr'><strong>gratiarum</strong></span> <span class='ocrx_word' id='word_1_47' title='bbox 1883 732 1970 806; x_wconf 85' lang='lat' dir='ltr'><strong>spi-</strong></span> 
     </span>
     <span class='ocr_line' id='line_1_7' title="bbox 306 825 1970 916; baseline -0.009 -15"><span class='ocrx_word' id='word_1_48' title='bbox 306 839 405 916; x_wconf 80' lang='lat' dir='ltr'><strong>ignis.</strong></span> <span class='ocrx_word' id='word_1_49' title='bbox 424 839 490 897; x_wconf 89' lang='lat' dir='ltr'><strong>Per</strong></span> <span class='ocrx_word' id='word_1_50' title='bbox 504 848 625 903; x_wconf 89' lang='lat' dir='ltr'><strong>ceram,</strong></span> <span class='ocrx_word' id='word_1_51' title='bbox 642 846 741 908; x_wconf 86' lang='lat' dir='ltr'><strong>quam</strong></span> <span class='ocrx_word' id='word_1_52' title='bbox 762 829 919 905; x_wconf 80' lang='lat' dir='ltr'><strong>operatur</strong></span> <span class='ocrx_word' id='word_1_53' title='bbox 939 827 1012 903; x_wconf 88' lang='lat' dir='ltr'><strong>apis</strong></span> <span class='ocrx_word' id='word_1_54' title='bbox 1026 825 1098 886; x_wconf 90' lang='lat' dir='ltr'><strong>sinc</strong></span> <span class='ocrx_word' id='word_1_55' title='bbox 1153 825 1347 900; x_wconf 90' lang='lat' dir='ltr'><strong>ritualium;</strong></span> <span class='ocrx_word' id='word_1_56' title='bbox 1376 827 1519 888; x_wconf 88' lang='lat' dir='ltr'><strong>ostendit</strong></span> <span class='ocrx_word' id='word_1_57' title='bbox 1553 827 1819 889; x_wconf 88' lang='lat' dir='ltr'><strong>misericordiam</strong></span> <span class='ocrx_word' id='word_1_58' title='bbox 1856 843 1970 886; x_wconf 90' lang='lat' dir='ltr'><strong>suam</strong></span> 
     </span>
    </p>
   </div>
   <div class='ocr_carea' id='block_1_4' title="bbox 305 1020 1968 1112">
    <p class='ocr_par' dir='ltr' id='par_1_5' title="bbox 305 1020 1968 1112">
     <span class='ocr_line' id='line_1_8' title="bbox 305 1020 1968 1112; baseline -0.007 -19"><span class='ocrx_word' id='word_1_59' title='bbox 305 1048 382 1112; x_wconf 83' lang='lat' dir='ltr'><strong>quae</strong></span> <span class='ocrx_word' id='word_1_60' title='bbox 397 1046 463 1091; x_wconf 93' lang='lat' dir='ltr'><strong>non</strong></span> <span class='ocrx_word' id='word_1_61' title='bbox 478 1024 747 1102; x_wconf 83' lang='lat' dir='ltr'><strong>exsanguinibus</strong></span> <span class='ocrx_word' id='word_1_62' title='bbox 761 1037 866 1099; x_wconf 86' lang='lat' dir='ltr'><strong>neque</strong></span> <span class='ocrx_word' id='word_1_63' title='bbox 876 1037 918 1082; x_wconf 87' lang='lat' dir='ltr'><strong>ex</strong></span> <span class='ocrx_word' id='word_1_64' title='bbox 929 1020 1099 1082; x_wconf 78' lang='lat' dir='ltr'><strong>voluntate</strong></span> <span class='ocrx_word' id='word_1_65' title='bbox 1154 1021 1322 1095; x_wconf 88' lang='lat' dir='ltr'><strong>catorum;</strong></span> <span class='ocrx_word' id='word_1_66' title='bbox 1348 1021 1492 1083; x_wconf 90' lang='lat' dir='ltr'><strong>ostendit</strong></span> <span class='ocrx_word' id='word_1_67' title='bbox 1511 1022 1653 1097; x_wconf 82' lang='lat' dir='ltr'><strong>gloriam</strong></span> <span class='ocrx_word' id='word_1_68' title='bbox 1675 1039 1770 1083; x_wconf 90' lang='lat' dir='ltr'><strong>suam</strong></span> <span class='ocrx_word' id='word_1_69' title='bbox 1792 1023 1830 1082; x_wconf 92' lang='lat' dir='ltr'><strong>in</strong></span> <span class='ocrx_word' id='word_1_70' title='bbox 1846 1023 1968 1082; x_wconf 85' lang='lat' dir='ltr'><strong>sacris</strong></span> 
     </span>
    </p>
   </div>
   <div class='ocr_carea' id='block_1_5' title="bbox 303 1116 1969 3232">
    <p class='ocr_par' dir='ltr' id='par_1_6' title="bbox 303 1116 1969 2755">
     <span class='ocr_line' id='line_1_9' title="bbox 305 1116 1968 1198; baseline -0.007 -7"><span class='ocrx_word' id='word_1_71' title='bbox 305 1130 370 1192; x_wconf 83' lang='lat' dir='ltr'><strong>riri</strong></span> <span class='ocrx_word' id='word_1_72' title='bbox 389 1126 501 1189; x_wconf 88' lang='lat' dir='ltr'><strong>creata</strong></span> <span class='ocrx_word' id='word_1_73' title='bbox 521 1124 582 1195; x_wconf 89' lang='lat' dir='ltr'><strong>est,</strong></span> <span class='ocrx_word' id='word_1_74' title='bbox 606 1121 664 1184; x_wconf 90' lang='lat' dir='ltr'><strong>scd</strong></span> <span class='ocrx_word' id='word_1_75' title='bbox 683 1135 783 1198; x_wconf 90' lang='lat' dir='ltr'><strong>opere</strong></span> <span class='ocrx_word' id='word_1_76' title='bbox 808 1118 951 1196; x_wconf 87' lang='lat' dir='ltr'><strong>Spiritus</strong></span> <span class='ocrx_word' id='word_1_77' title='bbox 973 1116 1097 1178; x_wconf 89' lang='lat' dir='ltr'><strong>Sancti.</strong></span> <span class='ocrx_word' id='word_1_78' title='bbox 1155 1117 1334 1194; x_wconf 86' lang='lat' dir='ltr'><strong>scripturis</strong></span> <span class='ocrx_word' id='word_1_79' title='bbox 1357 1117 1465 1180; x_wconf 91' lang='lat' dir='ltr'><strong>dando</strong></span> <span class='ocrx_word' id='word_1_80' title='bbox 1488 1119 1739 1182; x_wconf 88' lang='lat' dir='ltr'><strong>retributionem</strong></span> <span class='ocrx_word' id='word_1_81' title='bbox 1763 1119 1968 1181; x_wconf 89' lang='lat' dir='ltr'><strong>coelestium</strong></span> 
     </span>
     <span class='ocr_line' id='line_1_10' title="bbox 305 1213 1967 1302; baseline -0.007 -13"><span class='ocrx_word' id='word_1_82' title='bbox 305 1225 400 1290; x_wconf 86' lang='lat' dir='ltr'>Unde</span> <span class='ocrx_word' id='word_1_83' title='bbox 413 1226 483 1302; x_wconf 88' lang='lat' dir='ltr'><strong>ipse</strong></span> <span class='ocrx_word' id='word_1_84' title='bbox 495 1237 556 1300; x_wconf 92' lang='lat' dir='ltr'><strong>per</strong></span> <span class='ocrx_word' id='word_1_85' title='bbox 570 1219 780 1282; x_wconf 90' lang='lat' dir='ltr'><strong>Psalmistam</strong></span> <span class='ocrx_word' id='word_1_86' title='bbox 793 1233 800 1272; x_wconf 92' lang='lat'><strong>:</strong></span> <span class='ocrx_word' id='word_1_87' title='bbox 814 1217 961 1278; x_wconf 78' lang='lat' dir='ltr'><strong>Factum</strong></span> <span class='ocrx_word' id='word_1_88' title='bbox 973 1214 1026 1276; x_wconf 87' lang='lat' dir='ltr'><strong>cst</strong></span> <span class='ocrx_word' id='word_1_89' title='bbox 1039 1229 1100 1276; x_wconf 83' lang='lat' dir='ltr'><strong>cor</strong></span> <span class='ocrx_word' id='word_1_90' title='bbox 1153 1213 1376 1290; x_wconf 80' lang='lat' dir='ltr'><strong>praemiorum.</strong></span> <span class='ocrx_word' id='word_1_91' title='bbox 1399 1216 1447 1276; x_wconf 89' lang='lat' dir='ltr'><strong>De</strong></span> <span class='ocrx_word' id='word_1_92' title='bbox 1468 1215 1575 1292; x_wconf 91' lang='lat' dir='ltr'><strong>primo</strong></span> <span class='ocrx_word' id='word_1_93' title='bbox 1597 1215 1721 1277; x_wconf 90' lang='lat' dir='ltr'><strong>dicitur</strong></span> <span class='ocrx_word' id='word_1_94' title='bbox 1742 1217 1779 1277; x_wconf 94' lang='lat' dir='ltr'><strong>in</strong></span> <span class='ocrx_word' id='word_1_95' title='bbox 1796 1219 1967 1292; x_wconf 83' lang='lat' dir='ltr'><strong>Evange-</strong></span> 
     </span>
     <span class='ocr_line' id='line_1_11' title="bbox 304 1310 1968 1394; baseline -0.008 -7"><span class='ocrx_word' id='word_1_96' title='bbox 304 1339 422 1387; x_wconf 84' lang='lat' dir='ltr'><strong>mcum</strong></span> <span class='ocrx_word' id='word_1_97' title='bbox 435 1322 600 1394; x_wconf 76' lang='lat' dir='ltr'><strong>conquam</strong></span> <span class='ocrx_word' id='word_1_98' title='bbox 616 1331 710 1379; x_wconf 83' lang='lat' dir='ltr'><strong>ecre.</strong></span> <span class='ocrx_word' id='word_1_99' title='bbox 724 1317 789 1376; x_wconf 87' lang='lat' dir='ltr'><strong>Per</strong></span> <span class='ocrx_word' id='word_1_100' title='bbox 802 1328 963 1390; x_wconf 84' lang='lat' dir='ltr'><strong>papyrum</strong></span> <span class='ocrx_word' id='word_1_101' title='bbox 987 1312 1098 1373; x_wconf 90' lang='lat' dir='ltr'><strong>anima</strong></span> <span class='ocrx_word' id='word_1_102' title='bbox 1153 1310 1220 1371; x_wconf 91' lang='lat' dir='ltr'><strong>lio:</strong></span> <span class='ocrx_word' id='word_1_103' title='bbox 1238 1313 1300 1377; x_wconf 80' lang='lat' dir='ltr'><strong>Oct</strong></span> <span class='ocrx_word' id='word_1_104' title='bbox 1321 1317 1426 1374; x_wconf 85' lang='lat' dir='ltr'><strong>solem</strong></span> <span class='ocrx_word' id='word_1_105' title='bbox 1445 1327 1548 1373; x_wconf 82' lang='lat' dir='ltr'><strong>suum</strong></span> <span class='ocrx_word' id='word_1_106' title='bbox 1561 1315 1651 1374; x_wconf 71' lang='lat' dir='ltr'><strong>ostri</strong></span> <span class='ocrx_word' id='word_1_107' title='bbox 1669 1315 1753 1388; x_wconf 80' lang='lat' dir='ltr'><strong>fuett</strong></span> <span class='ocrx_word' id='word_1_108' title='bbox 1766 1327 1883 1388; x_wconf 79' lang='lat' dir='ltr'><strong>super</strong></span> <span class='ocrx_word' id='word_1_109' title='bbox 1904 1317 1968 1374; x_wconf 82' lang='lat' dir='ltr'><strong>bo-</strong></span> 
     </span>
     <span class='ocr_line' id='line_1_12' title="bbox 305 1407 1969 1496; baseline -0.008 -13"><span class='ocrx_word' id='word_1_110' title='bbox 305 1419 511 1496; x_wconf 83' lang='lat' dir='ltr'><strong>designatur,</strong></span> <span class='ocrx_word' id='word_1_111' title='bbox 523 1431 582 1494; x_wconf 91' lang='lat' dir='ltr'><strong>per</strong></span> <span class='ocrx_word' id='word_1_112' title='bbox 592 1415 702 1491; x_wconf 84' lang='lat' dir='ltr'><strong>ignem</strong></span> <span class='ocrx_word' id='word_1_113' title='bbox 712 1411 882 1473; x_wconf 83' lang='lat' dir='ltr'><strong>divinitas.</strong></span> <span class='ocrx_word' id='word_1_114' title='bbox 898 1408 990 1471; x_wconf 87' lang='lat' dir='ltr'>Unde</span> <span class='ocrx_word' id='word_1_115' title='bbox 1005 1411 1098 1470; x_wconf 90' lang='lat' dir='ltr'><strong>Pau·</strong></span> <span class='ocrx_word' id='word_1_116' title='bbox 1152 1421 1216 1468; x_wconf 82' lang='lat' dir='ltr'><strong>uos</strong></span> <span class='ocrx_word' id='word_1_117' title='bbox 1231 1407 1265 1468; x_wconf 88' lang='lat' dir='ltr'><strong>ct</strong></span> <span class='ocrx_word' id='word_1_118' title='bbox 1279 1412 1397 1492; x_wconf 81' lang='lat' dir='ltr'><strong>motos,</strong></span> <span class='ocrx_word' id='word_1_119' title='bbox 1409 1408 1443 1470; x_wconf 89' lang='lat' dir='ltr'><strong>ct</strong></span> <span class='ocrx_word' id='word_1_120' title='bbox 1452 1410 1542 1484; x_wconf 80' lang='lat' dir='ltr'><strong>pluit</strong></span> <span class='ocrx_word' id='word_1_121' title='bbox 1555 1411 1782 1484; x_wconf 77' lang='lat' dir='ltr'><strong>:opcrjmtos</strong></span> <span class='ocrx_word' id='word_1_122' title='bbox 1794 1411 1831 1470; x_wconf 90' lang='lat' dir='ltr'><strong>ct</strong></span> <span class='ocrx_word' id='word_1_123' title='bbox 1841 1412 1969 1482; x_wconf 70' lang='lat' dir='ltr'><strong>injus-</strong></span> 
     </span>
     <span class='ocr_line' id='line_1_13' title="bbox 303 1501 1967 1588; baseline -0.007 -10"><span class='ocrx_word' id='word_1_124' title='bbox 303 1517 357 1578; x_wconf 90' lang='lat' dir='ltr'><strong>lus</strong></span> <span class='ocrx_word' id='word_1_125' title='bbox 370 1537 377 1576; x_wconf 92' lang='lat'><strong>:</strong></span> <span class='ocrx_word' id='word_1_126' title='bbox 391 1520 484 1577; x_wconf 86' lang='lat' dir='ltr'><strong>Deus</strong></span> <span class='ocrx_word' id='word_1_127' title='bbox 505 1513 625 1574; x_wconf 81' lang='lat' dir='ltr'><strong>noster</strong></span> <span class='ocrx_word' id='word_1_128' title='bbox 639 1513 730 1588; x_wconf 71' lang='lat' dir='ltr'><strong>tecte</strong></span> <span class='ocrx_word' id='word_1_129' title='bbox 751 1522 956 1570; x_wconf 81' lang='lat' dir='ltr'><strong>consumens</strong></span> <span class='ocrx_word' id='word_1_130' title='bbox 982 1506 1044 1567; x_wconf 85' lang='lat' dir='ltr'><strong>est.</strong></span> <span class='ocrx_word' id='word_1_131' title='bbox 1060 1506 1100 1566; x_wconf 82' lang='lat' dir='ltr'><strong>nt</strong></span> <span class='ocrx_word' id='word_1_132' title='bbox 1154 1505 1206 1565; x_wconf 82' lang='lat' dir='ltr'><strong>tos</strong></span> <span class='ocrx_word' id='word_1_133' title='bbox 1218 1501 1348 1582; x_wconf 87' lang='lat' dir='ltr'><strong>(Matth.</strong></span> <span class='ocrx_word' id='word_1_134' title='bbox 1365 1519 1399 1576; x_wconf 85' lang='lat' dir='ltr'><strong>v,</strong></span> <span class='ocrx_word' id='word_1_135' title='bbox 1415 1504 1480 1584; x_wconf 83' lang='grc'>45).</span> <span class='ocrx_word' id='word_1_136' title='bbox 1499 1505 1553 1567; x_wconf 83' lang='lat' dir='ltr'><strong>Sic</strong></span> <span class='ocrx_word' id='word_1_137' title='bbox 1572 1505 1827 1582; x_wconf 80' lang='lat' dir='ltr'><strong>intelligendum</strong></span> <span class='ocrx_word' id='word_1_138' title='bbox 1848 1507 1907 1568; x_wconf 87' lang='lat' dir='ltr'><strong>est</strong></span> <span class='ocrx_word' id='word_1_139' title='bbox 1923 1506 1967 1567; x_wconf 87' lang='lat' dir='ltr'><strong>de</strong></span> 
     </span>
     <span class='ocr_line' id='line_1_14' title="bbox 304 1600 1964 1686; baseline -0.008 -12"><span class='ocrx_word' id='word_1_140' title='bbox 304 1613 392 1674; x_wconf 88' lang='lat' dir='ltr'><strong>sicut</strong></span> <span class='ocrx_word' id='word_1_141' title='bbox 406 1611 492 1686; x_wconf 78' lang='lat' dir='ltr'><strong>ignis</strong></span> <span class='ocrx_word' id='word_1_142' title='bbox 507 1606 700 1670; x_wconf 82' lang='lat' dir='ltr'><strong>accenditur</strong></span> <span class='ocrx_word' id='word_1_143' title='bbox 713 1607 748 1666; x_wconf 91' lang='lat' dir='ltr'><strong>in</strong></span> <span class='ocrx_word' id='word_1_144' title='bbox 761 1619 837 1666; x_wconf 88' lang='lat' dir='ltr'><strong>cera</strong></span> <span class='ocrx_word' id='word_1_145' title='bbox 852 1619 911 1682; x_wconf 90' lang='lat' dir='ltr'><strong>per</strong></span> <span class='ocrx_word' id='word_1_146' title='bbox 925 1617 1096 1680; x_wconf 76' lang='lat' dir='ltr'><strong>papprum,</strong></span> <span class='ocrx_word' id='word_1_147' title='bbox 1153 1601 1283 1661; x_wconf 86' lang='lat' dir='ltr'><strong>caeteris</strong></span> <span class='ocrx_word' id='word_1_148' title='bbox 1303 1600 1486 1664; x_wconf 83' lang='lat' dir='ltr'><strong>beneficiis.</strong></span> <span class='ocrx_word' id='word_1_149' title='bbox 1512 1605 1558 1664; x_wconf 81' lang='lat' dir='ltr'><strong>lle</strong></span> <span class='ocrx_word' id='word_1_150' title='bbox 1579 1603 1724 1665; x_wconf 90' lang='lat' dir='ltr'><strong>secundo</strong></span> <span class='ocrx_word' id='word_1_151' title='bbox 1747 1603 1939 1680; x_wconf 79' lang='lat' dir='ltr'><strong>Apostolus</strong></span> <span class='ocrx_word' id='word_1_152' title='bbox 1955 1625 1964 1662; x_wconf 92' lang='lat'><strong>:</strong></span> 
     </span>
     <span class='ocr_line' id='line_1_15' title="bbox 305 1699 1963 1773; baseline -0.007 -2"><span class='ocrx_word' id='word_1_153' title='bbox 305 1711 353 1771; x_wconf 91' lang='lat' dir='ltr'><strong>ita</strong></span> <span class='ocrx_word' id='word_1_154' title='bbox 383 1707 542 1768; x_wconf 88' lang='lat' dir='ltr'><strong>divinitas</strong></span> <span class='ocrx_word' id='word_1_155' title='bbox 569 1703 662 1764; x_wconf 90' lang='lat' dir='ltr'><strong>unita</strong></span> <span class='ocrx_word' id='word_1_156' title='bbox 685 1703 736 1764; x_wconf 90' lang='lat' dir='ltr'><strong>est</strong></span> <span class='ocrx_word' id='word_1_157' title='bbox 756 1700 861 1773; x_wconf 90' lang='lat' dir='ltr'><strong>carni,</strong></span> <span class='ocrx_word' id='word_1_158' title='bbox 889 1701 1001 1762; x_wconf 90' lang='lat' dir='ltr'><strong>anima</strong></span> <span class='ocrx_word' id='word_1_159' title='bbox 1028 1712 1101 1759; x_wconf 89' lang='lat' dir='ltr'><strong>me-</strong></span> <span class='ocrx_word' id='word_1_160' title='bbox 1152 1699 1220 1758; x_wconf 80' lang='lat' dir='ltr'><strong>Attt</strong></span> <span class='ocrx_word' id='word_1_161' title='bbox 1232 1713 1298 1772; x_wconf 82' lang='lat' dir='ltr'><strong>per</strong></span> <span class='ocrx_word' id='word_1_162' title='bbox 1316 1700 1486 1772; x_wconf 78' lang='lat' dir='ltr'><strong>spirttum</strong></span> <span class='ocrx_word' id='word_1_163' title='bbox 1500 1701 1606 1761; x_wconf 83' lang='lat' dir='ltr'><strong>datur</strong></span> <span class='ocrx_word' id='word_1_164' title='bbox 1622 1713 1738 1762; x_wconf 78' lang='lat' dir='ltr'><strong>serneo</strong></span> <span class='ocrx_word' id='word_1_165' title='bbox 1756 1703 1963 1773; x_wconf 68' lang='lat' dir='ltr'><strong>saptentiae,</strong></span> 
     </span>
     <span class='ocr_line' id='line_1_16' title="bbox 306 1795 1965 1875; baseline -0.005 -8"><span class='ocrx_word' id='word_1_166' title='bbox 306 1805 430 1867; x_wconf 89' lang='lat' dir='ltr'><strong>diante.</strong></span> <span class='ocrx_word' id='word_1_167' title='bbox 454 1804 533 1862; x_wconf 85' lang='lat' dir='ltr'><strong>llaec</strong></span> <span class='ocrx_word' id='word_1_168' title='bbox 555 1799 643 1861; x_wconf 87' lang='lat' dir='ltr'><strong>enim</strong></span> <span class='ocrx_word' id='word_1_169' title='bbox 657 1799 724 1861; x_wconf 89' lang='lat' dir='ltr'><strong>tria</strong></span> <span class='ocrx_word' id='word_1_170' title='bbox 745 1797 879 1858; x_wconf 86' lang='lat' dir='ltr'><strong>luerunt</strong></span> <span class='ocrx_word' id='word_1_171' title='bbox 900 1797 934 1858; x_wconf 94' lang='lat' dir='ltr'><strong>in</strong></span> <span class='ocrx_word' id='word_1_172' title='bbox 956 1795 1096 1856; x_wconf 86' lang='lat' dir='ltr'><strong>Christo.</strong></span> <span class='ocrx_word' id='word_1_173' title='bbox 1152 1796 1337 1856; x_wconf 81' lang='lat' dir='ltr'><strong>elttscrmo</strong></span> <span class='ocrx_word' id='word_1_174' title='bbox 1351 1797 1505 1858; x_wconf 69' lang='lat' dir='ltr'><strong>sncottae</strong></span> <span class='ocrx_word' id='word_1_175' title='bbox 1520 1795 1548 1875; x_wconf 95' lang='lat' dir='ltr'><strong>(l</strong></span> <span class='ocrx_word' id='word_1_176' title='bbox 1563 1798 1637 1858; x_wconf 87' lang='lat' dir='ltr'><strong>Cor.</strong></span> <span class='ocrx_word' id='word_1_177' title='bbox 1653 1811 1713 1868; x_wconf 86' lang='lat' dir='ltr'><strong>xn,</strong></span> <span class='ocrx_word' id='word_1_178' title='bbox 1732 1795 1777 1874; x_wconf 92' lang='lat'><strong>8).</strong></span> <span class='ocrx_word' id='word_1_179' title='bbox 1794 1799 1844 1857; x_wconf 85' lang='lat' dir='ltr'><strong>De</strong></span> <span class='ocrx_word' id='word_1_180' title='bbox 1856 1799 1965 1859; x_wconf 83' lang='lat' dir='ltr'><strong>tertio</strong></span> 
     </span>
     <span class='ocr_line' id='line_1_17' title="bbox 307 1891 1965 1978; baseline -0.003 -17"><span class='ocrx_word' id='word_1_181' title='bbox 307 1901 397 1978; x_wconf 80' lang='lat' dir='ltr'><strong>Ignis</strong></span> <span class='ocrx_word' id='word_1_182' title='bbox 411 1914 478 1961; x_wconf 91' lang='lat' dir='ltr'><strong>non</strong></span> <span class='ocrx_word' id='word_1_183' title='bbox 493 1898 581 1958; x_wconf 88' lang='lat' dir='ltr'><strong>lucet</strong></span> <span class='ocrx_word' id='word_1_184' title='bbox 595 1895 666 1956; x_wconf 89' lang='lat' dir='ltr'><strong>sine</strong></span> <span class='ocrx_word' id='word_1_185' title='bbox 679 1909 754 1956; x_wconf 89' lang='lat' dir='ltr'><strong>cera</strong></span> <span class='ocrx_word' id='word_1_186' title='bbox 770 1895 803 1956; x_wconf 90' lang='lat' dir='ltr'><strong>et</strong></span> <span class='ocrx_word' id='word_1_187' title='bbox 815 1909 950 1970; x_wconf 88' lang='lat' dir='ltr'><strong>papyro,</strong></span> <span class='ocrx_word' id='word_1_188' title='bbox 963 1893 996 1954; x_wconf 90' lang='lat' dir='ltr'><strong>et</strong></span> <span class='ocrx_word' id='word_1_189' title='bbox 1008 1891 1098 1952; x_wconf 81' lang='lat' dir='ltr'><strong>divi·</strong></span> <span class='ocrx_word' id='word_1_190' title='bbox 1154 1891 1258 1951; x_wconf 86' lang='lat' dir='ltr'><strong>isaias</strong></span> <span class='ocrx_word' id='word_1_191' title='bbox 1270 1891 1306 1952; x_wconf 94' lang='lat' dir='ltr'><strong>in</strong></span> <span class='ocrx_word' id='word_1_192' title='bbox 1316 1907 1458 1969; x_wconf 89' lang='lat' dir='ltr'><strong>persona</strong></span> <span class='ocrx_word' id='word_1_193' title='bbox 1468 1892 1605 1956; x_wconf 85' lang='lat' dir='ltr'><strong>Christi:</strong></span> <span class='ocrx_word' id='word_1_194' title='bbox 1618 1897 1691 1971; x_wconf 76' lang='lat' dir='ltr'><strong>Eoo</strong></span> <span class='ocrx_word' id='word_1_195' title='bbox 1700 1910 1781 1955; x_wconf 83' lang='lat' dir='ltr'><strong>sum</strong></span> <span class='ocrx_word' id='word_1_196' title='bbox 1790 1899 1852 1967; x_wconf 79' lang='lat' dir='ltr'><strong>oui</strong></span> <span class='ocrx_word' id='word_1_197' title='bbox 1861 1899 1965 1956; x_wconf 85' lang='lat' dir='ltr'><strong>detco</strong></span> 
     </span>
     <span class='ocr_line' id='line_1_18' title="bbox 306 1987 1966 2069; baseline -0.005 -9"><span class='ocrx_word' id='word_1_198' title='bbox 306 1999 395 2060; x_wconf 89' lang='lat' dir='ltr'><strong>nitas</strong></span> <span class='ocrx_word' id='word_1_199' title='bbox 409 1995 532 2057; x_wconf 84' lang='lat' dir='ltr'><strong>Christi</strong></span> <span class='ocrx_word' id='word_1_200' title='bbox 547 1991 845 2068; x_wconf 85' lang='lat' dir='ltr'><strong>nonpotestrideri</strong></span> <span class='ocrx_word' id='word_1_201' title='bbox 858 1987 1099 2052; x_wconf 78' lang='lat' dir='ltr'><strong>abdominibus</strong></span> <span class='ocrx_word' id='word_1_202' title='bbox 1153 1989 1354 2062; x_wconf 76' lang='lat' dir='ltr'><strong>iniquitates</strong></span> <span class='ocrx_word' id='word_1_203' title='bbox 1372 1991 1451 2052; x_wconf 78' lang='lat' dir='ltr'><strong>tec:</strong></span> <span class='ocrx_word' id='word_1_204' title='bbox 1472 1988 1531 2069; x_wconf 88' lang='lat' dir='ltr'><strong>(Is.</strong></span> <span class='ocrx_word' id='word_1_205' title='bbox 1554 2005 1650 2063; x_wconf 78' lang='lat' dir='ltr'><strong>xum,</strong></span> <span class='ocrx_word' id='word_1_206' title='bbox 1669 1989 1732 2060; x_wconf 80' lang='lat'><strong>25).</strong></span> <span class='ocrx_word' id='word_1_207' title='bbox 1755 1993 1796 2052; x_wconf 85' lang='lat' dir='ltr'><strong>nt</strong></span> <span class='ocrx_word' id='word_1_208' title='bbox 1811 1992 1850 2051; x_wconf 92' lang='lat' dir='ltr'><strong>in</strong></span> <span class='ocrx_word' id='word_1_209' title='bbox 1873 1995 1966 2052; x_wconf 87' lang='lat' dir='ltr'><strong>Eze-</strong></span> 
     </span>
     <span class='ocr_line' id='line_1_19' title="bbox 306 2085 1964 2170; baseline -0.008 -13"><span class='ocrx_word' id='word_1_210' title='bbox 306 2096 373 2158; x_wconf 91' lang='lat' dir='ltr'><strong>nisi</strong></span> <span class='ocrx_word' id='word_1_211' title='bbox 398 2109 458 2170; x_wconf 91' lang='lat' dir='ltr'><strong>per</strong></span> <span class='ocrx_word' id='word_1_212' title='bbox 480 2090 682 2166; x_wconf 89' lang='lat' dir='ltr'><strong>assumptam</strong></span> <span class='ocrx_word' id='word_1_213' title='bbox 706 2088 962 2158; x_wconf 88' lang='lat' dir='ltr'><strong>humanitatem,</strong></span> <span class='ocrx_word' id='word_1_214' title='bbox 991 2085 1097 2157; x_wconf 90' lang='lat' dir='ltr'><strong>idest,</strong></span> <span class='ocrx_word' id='word_1_215' title='bbox 1155 2085 1281 2146; x_wconf 89' lang='lat' dir='ltr'><strong>chiele:</strong></span> <span class='ocrx_word' id='word_1_216' title='bbox 1299 2089 1515 2161; x_wconf 72' lang='lat' dir='ltr'><strong>debeantque</strong></span> <span class='ocrx_word' id='word_1_217' title='bbox 1532 2092 1619 2150; x_wconf 81' lang='lat' dir='ltr'><strong>bore</strong></span> <span class='ocrx_word' id='word_1_218' title='bbox 1630 2089 1793 2162; x_wconf 82' lang='lat' dir='ltr'><strong>peccator</strong></span> <span class='ocrx_word' id='word_1_219' title='bbox 1805 2103 1964 2150; x_wconf 54' lang='lat' dir='ltr'><strong>conruen-</strong></span> 
     </span>
     <span class='ocr_line' id='line_1_20' title="bbox 305 2182 1961 2264; baseline -0.004 -10"><span class='ocrx_word' id='word_1_220' title='bbox 305 2189 496 2255; x_wconf 80' lang='lat' dir='ltr'><strong>animamet</strong></span> <span class='ocrx_word' id='word_1_221' title='bbox 507 2203 651 2250; x_wconf 89' lang='lat' dir='ltr'><strong>carnem.</strong></span> <span class='ocrx_word' id='word_1_222' title='bbox 666 2187 747 2247; x_wconf 87' lang='lat' dir='ltr'><strong>Cera</strong></span> <span class='ocrx_word' id='word_1_223' title='bbox 763 2201 828 2246; x_wconf 91' lang='lat' dir='ltr'><strong>non</strong></span> <span class='ocrx_word' id='word_1_224' title='bbox 843 2185 931 2245; x_wconf 89' lang='lat' dir='ltr'><strong>lucet</strong></span> <span class='ocrx_word' id='word_1_225' title='bbox 946 2184 1012 2244; x_wconf 87' lang='lat' dir='ltr'><strong>nisi</strong></span> <span class='ocrx_word' id='word_1_226' title='bbox 1024 2183 1100 2259; x_wconf 81' lang='lat' dir='ltr'><strong>igne</strong></span> <span class='ocrx_word' id='word_1_227' title='bbox 1153 2198 1214 2244; x_wconf 84' lang='lat' dir='ltr'><strong>sus</strong></span> <span class='ocrx_word' id='word_1_228' title='bbox 1227 2185 1371 2256; x_wconf 58' lang='grc' dir='ltr'><strong>ωεστ)...</strong></span> <span class='ocrx_word' id='word_1_229' title='bbox 1390 2182 1521 2262; x_wconf 79' lang='lat' dir='ltr'><strong>(Erech.</strong></span> <span class='ocrx_word' id='word_1_230' title='bbox 1536 2199 1660 2257; x_wconf 78' lang='lat' dir='ltr'><strong>xxxin,</strong></span> <span class='ocrx_word' id='word_1_231' title='bbox 1679 2182 1743 2264; x_wconf 76' lang='grc'>12.)</span> <span class='ocrx_word' id='word_1_232' title='bbox 1764 2188 1811 2247; x_wconf 88' lang='lat' dir='ltr'><strong>Dc</strong></span> <span class='ocrx_word' id='word_1_233' title='bbox 1835 2187 1961 2262; x_wconf 87' lang='lat' dir='ltr'><strong>quarto</strong></span> 
     </span>
     <span class='ocr_line' id='line_1_21' title="bbox 306 2281 1962 2366; baseline -0.005 -15"><span class='ocrx_word' id='word_1_234' title='bbox 306 2287 501 2366; x_wconf 79' lang='lat' dir='ltr'><strong>liquefacta,</strong></span> <span class='ocrx_word' id='word_1_235' title='bbox 525 2301 588 2346; x_wconf 91' lang='lat' dir='ltr'><strong>nec</strong></span> <span class='ocrx_word' id='word_1_236' title='bbox 604 2299 662 2345; x_wconf 86' lang='lat' dir='ltr'><strong>cor</strong></span> <span class='ocrx_word' id='word_1_237' title='bbox 679 2281 825 2344; x_wconf 91' lang='lat' dir='ltr'><strong>hominis</strong></span> <span class='ocrx_word' id='word_1_238' title='bbox 847 2281 944 2352; x_wconf 88' lang='lat' dir='ltr'><strong>lucet,</strong></span> <span class='ocrx_word' id='word_1_239' title='bbox 958 2281 1024 2341; x_wconf 90' lang='lat' dir='ltr'><strong>nisi</strong></span> <span class='ocrx_word' id='word_1_240' title='bbox 1048 2281 1102 2339; x_wconf 93' lang='lat' dir='ltr'><strong>in·</strong></span> <span class='ocrx_word' id='word_1_241' title='bbox 1154 2282 1299 2342; x_wconf 83' lang='lat' dir='ltr'><strong>loannes</strong></span> <span class='ocrx_word' id='word_1_242' title='bbox 1308 2281 1343 2341; x_wconf 92' lang='lat' dir='ltr'><strong>in</strong></span> <span class='ocrx_word' id='word_1_243' title='bbox 1360 2282 1529 2358; x_wconf 86' lang='lat' dir='ltr'><strong>Epistola:</strong></span> <span class='ocrx_word' id='word_1_244' title='bbox 1544 2285 1757 2353; x_wconf 82' lang='lat' dir='ltr'><strong>Cltortsstmt,</strong></span> <span class='ocrx_word' id='word_1_245' title='bbox 1784 2299 1880 2344; x_wconf 76' lang='lat' dir='ltr'><strong>nurse</strong></span> <span class='ocrx_word' id='word_1_246' title='bbox 1894 2285 1962 2356; x_wconf 77' lang='lat' dir='ltr'><strong>filli</strong></span> 
     </span>
     <span class='ocr_line' id='line_1_22' title="bbox 308 2379 1962 2458; baseline -0.005 -10"><span class='ocrx_word' id='word_1_247' title='bbox 308 2385 513 2455; x_wconf 82' lang='lat' dir='ltr'><strong>flammatum</strong></span> <span class='ocrx_word' id='word_1_248' title='bbox 534 2382 577 2443; x_wconf 89' lang='lat' dir='ltr'><strong>sit</strong></span> <span class='ocrx_word' id='word_1_249' title='bbox 600 2382 678 2458; x_wconf 81' lang='lat' dir='ltr'><strong>igne</strong></span> <span class='ocrx_word' id='word_1_250' title='bbox 697 2379 801 2441; x_wconf 83' lang='lat' dir='ltr'>divini</span> <span class='ocrx_word' id='word_1_251' title='bbox 820 2379 954 2440; x_wconf 89' lang='lat' dir='ltr'><strong>amoris.</strong></span> <span class='ocrx_word' id='word_1_252' title='bbox 971 2380 1017 2439; x_wconf 86' lang='lat' dir='ltr'><strong>De</strong></span> <span class='ocrx_word' id='word_1_253' title='bbox 1037 2393 1100 2454; x_wconf 84' lang='lat' dir='ltr'><strong>quo</strong></span> <span class='ocrx_word' id='word_1_254' title='bbox 1155 2381 1361 2450; x_wconf 82' lang='lat' dir='ltr'><strong>Detsumus,</strong></span> <span class='ocrx_word' id='word_1_255' title='bbox 1378 2379 1578 2440; x_wconf 76' lang='lat' dir='ltr'><strong>eluendum</strong></span> <span class='ocrx_word' id='word_1_256' title='bbox 1598 2381 1764 2452; x_wconf 77' lang='lat' dir='ltr'><strong>appares</strong></span> <span class='ocrx_word' id='word_1_257' title='bbox 1778 2383 1862 2453; x_wconf 68' lang='lat' dir='ltr'><strong>oum</strong></span> <span class='ocrx_word' id='word_1_258' title='bbox 1883 2383 1962 2440; x_wconf 81' lang='lat' dir='ltr'><strong>cri-</strong></span> 
     </span>
     <span class='ocr_line' id='line_1_23' title="bbox 306 2477 1958 2553; baseline -0.005 -7"><span class='ocrx_word' id='word_1_259' title='bbox 306 2484 466 2546; x_wconf 86' lang='lat' dir='ltr'><strong>Dominus</strong></span> <span class='ocrx_word' id='word_1_260' title='bbox 486 2481 568 2543; x_wconf 91' lang='lat' dir='ltr'><strong>dicit</strong></span> <span class='ocrx_word' id='word_1_261' title='bbox 590 2479 626 2541; x_wconf 93' lang='lat' dir='ltr'><strong>in</strong></span> <span class='ocrx_word' id='word_1_262' title='bbox 648 2477 848 2553; x_wconf 80' lang='lat' dir='ltr'><strong>Evangelio:</strong></span> <span class='ocrx_word' id='word_1_263' title='bbox 878 2479 1000 2552; x_wconf 71' lang='lat' dir='ltr'><strong>lencm</strong></span> <span class='ocrx_word' id='word_1_264' title='bbox 1022 2477 1102 2536; x_wconf 81' lang='lat' dir='ltr'><strong>vent</strong></span> <span class='ocrx_word' id='word_1_265' title='bbox 1155 2491 1243 2536; x_wconf 84' lang='lat' dir='ltr'><strong>mus.</strong></span> <span class='ocrx_word' id='word_1_266' title='bbox 1257 2478 1565 2550; x_wconf 77' lang='lat' dir='ltr'><strong>Sctmnsouoetcm</strong></span> <span class='ocrx_word' id='word_1_267' title='bbox 1577 2478 1885 2551; x_wconf 73' lang='lat' dir='ltr'><strong>cemappamccru,</strong></span> <span class='ocrx_word' id='word_1_268' title='bbox 1903 2481 1958 2538; x_wconf 84' lang='lat' dir='ltr'><strong>si-</strong></span> 
     </span>
     <span class='ocr_line' id='line_1_24' title="bbox 306 2573 1958 2653; baseline -0.005 -10"><span class='ocrx_word' id='word_1_269' title='bbox 306 2583 446 2644; x_wconf 78' lang='lat' dir='ltr'><strong>mtttcrc</strong></span> <span class='ocrx_word' id='word_1_270' title='bbox 459 2582 496 2640; x_wconf 83' lang='lat' dir='ltr'><strong>tn</strong></span> <span class='ocrx_word' id='word_1_271' title='bbox 509 2579 653 2649; x_wconf 82' lang='lat' dir='ltr'><strong>terrem,</strong></span> <span class='ocrx_word' id='word_1_272' title='bbox 674 2576 708 2638; x_wconf 89' lang='lat' dir='ltr'><strong>ct</strong></span> <span class='ocrx_word' id='word_1_273' title='bbox 721 2577 802 2650; x_wconf 77' lang='lat' dir='ltr'><strong>eetd</strong></span> <span class='ocrx_word' id='word_1_274' title='bbox 813 2579 888 2636; x_wconf 85' lang='lat' dir='ltr'><strong>volo</strong></span> <span class='ocrx_word' id='word_1_275' title='bbox 904 2573 1030 2653; x_wconf 45' lang='lat' dir='ltr'><strong>utstssut</strong></span> <span class='ocrx_word' id='word_1_276' title='bbox 1043 2587 1103 2633; x_wconf 86' lang='lat' dir='ltr'><strong>oo·</strong></span> <span class='ocrx_word' id='word_1_277' title='bbox 1154 2575 1252 2634; x_wconf 75' lang='lat' dir='ltr'><strong>mites</strong></span> <span class='ocrx_word' id='word_1_278' title='bbox 1273 2574 1306 2632; x_wconf 88' lang='lat' dir='ltr'><strong>ct</strong></span> <span class='ocrx_word' id='word_1_279' title='bbox 1321 2575 1464 2644; x_wconf 80' lang='lat' dir='ltr'><strong>crimus,</strong></span> <span class='ocrx_word' id='word_1_280' title='bbox 1488 2575 1569 2647; x_wconf 78' lang='lat' dir='ltr'><strong>onte</strong></span> <span class='ocrx_word' id='word_1_281' title='bbox 1588 2588 1667 2634; x_wconf 84' lang='lat' dir='ltr'><strong>cum</strong></span> <span class='ocrx_word' id='word_1_282' title='bbox 1690 2575 1884 2635; x_wconf 73' lang='lat' dir='ltr'><strong>uidebimus</strong></span> <span class='ocrx_word' id='word_1_283' title='bbox 1903 2577 1958 2635; x_wconf 82' lang='lat' dir='ltr'><strong>si-</strong></span> 
     </span>
     <span class='ocr_line' id='line_1_25' title="bbox 306 2667 1540 2755; baseline -0.01 -14"><span class='ocrx_word' id='word_1_284' title='bbox 306 2674 605 2755; x_wconf 73' lang='lat' dir='ltr'><strong>ccuduturttbuc.</strong></span> <span class='ocrx_word' id='word_1_285' title='bbox 618 2675 679 2746; x_wconf 89' lang='lat' dir='ltr'><strong>x1&#39;1,</strong></span> <span class='ocrx_word' id='word_1_286' title='bbox 692 2670 758 2752; x_wconf 79' lang='lat'><strong>49).</strong></span> <span class='ocrx_word' id='word_1_287' title='bbox 1155 2670 1226 2731; x_wconf 83' lang='lat' dir='ltr'><strong>cett</strong></span> <span class='ocrx_word' id='word_1_288' title='bbox 1239 2670 1292 2730; x_wconf 85' lang='lat' dir='ltr'><strong>est</strong></span> <span class='ocrx_word' id='word_1_289' title='bbox 1307 2667 1478 2748; x_wconf 82' lang='lat' dir='ltr'><strong>(loanm,</strong></span> <span class='ocrx_word' id='word_1_290' title='bbox 1494 2670 1540 2748; x_wconf 85' lang='lat'><strong>2).</strong></span> 
     </span>
    </p>

    <p class='ocr_par' dir='ltr' id='par_1_7' title="bbox 307 2765 1956 3232">
     <span class='ocr_line' id='line_1_26' title="bbox 347 2765 1955 2847; baseline -0.006 -10"><span class='ocrx_word' id='word_1_291' title='bbox 347 2775 411 2837; x_wconf 89' lang='lat' dir='ltr'><strong>Mel</strong></span> <span class='ocrx_word' id='word_1_292' title='bbox 427 2773 599 2836; x_wconf 88' lang='lat' dir='ltr'><strong>invenitur</strong></span> <span class='ocrx_word' id='word_1_293' title='bbox 610 2772 645 2832; x_wconf 93' lang='lat' dir='ltr'><strong>in</strong></span> <span class='ocrx_word' id='word_1_294' title='bbox 664 2786 740 2833; x_wconf 91' lang='lat' dir='ltr'><strong>cera</strong></span> <span class='ocrx_word' id='word_1_295' title='bbox 756 2785 853 2842; x_wconf 84' lang='lat' dir='ltr'><strong>nora,</strong></span> <span class='ocrx_word' id='word_1_296' title='bbox 867 2767 946 2847; x_wconf 87' lang='lat' dir='ltr'><strong>quia</strong></span> <span class='ocrx_word' id='word_1_297' title='bbox 964 2766 1102 2828; x_wconf 87' lang='lat' dir='ltr'>dulcedo</span> <span class='ocrx_word' id='word_1_298' title='bbox 1195 2765 1358 2828; x_wconf 85' lang='lat' dir='ltr'><strong>Dominus</strong></span> <span class='ocrx_word' id='word_1_299' title='bbox 1367 2767 1464 2829; x_wconf 89' lang='lat' dir='ltr'><strong>Jcsus</strong></span> <span class='ocrx_word' id='word_1_300' title='bbox 1476 2765 1655 2844; x_wconf 87' lang='lat' dir='ltr'><strong>aliquando</strong></span> <span class='ocrx_word' id='word_1_301' title='bbox 1665 2767 1859 2830; x_wconf 80' lang='lat' dir='ltr'><strong>manifestat</strong></span> <span class='ocrx_word' id='word_1_302' title='bbox 1871 2784 1909 2829; x_wconf 90' lang='lat' dir='ltr'><strong>se</strong></span> <span class='ocrx_word' id='word_1_303' title='bbox 1921 2769 1955 2828; x_wconf 92' lang='lat' dir='ltr'><strong>in</strong></span> 
     </span>
     <span class='ocr_line' id='line_1_27' title="bbox 308 2863 1952 2942; baseline -0.005 -7"><span class='ocrx_word' id='word_1_304' title='bbox 308 2873 412 2935; x_wconf 86' lang='lat' dir='ltr'><strong>divini</strong></span> <span class='ocrx_word' id='word_1_305' title='bbox 435 2871 558 2933; x_wconf 88' lang='lat' dir='ltr'><strong>amoris</strong></span> <span class='ocrx_word' id='word_1_306' title='bbox 580 2867 691 2930; x_wconf 87' lang='lat' dir='ltr'><strong>sedem</strong></span> <span class='ocrx_word' id='word_1_307' title='bbox 711 2867 811 2930; x_wconf 90' lang='lat' dir='ltr'><strong>habet</strong></span> <span class='ocrx_word' id='word_1_308' title='bbox 834 2866 869 2926; x_wconf 93' lang='lat' dir='ltr'><strong>in</strong></span> <span class='ocrx_word' id='word_1_309' title='bbox 889 2864 998 2937; x_wconf 90' lang='lat' dir='ltr'><strong>corde,</strong></span> <span class='ocrx_word' id='word_1_310' title='bbox 1016 2864 1101 2942; x_wconf 85' lang='lat' dir='ltr'><strong>quod</strong></span> <span class='ocrx_word' id='word_1_311' title='bbox 1157 2864 1252 2936; x_wconf 90' lang='lat' dir='ltr'><strong>mari,</strong></span> <span class='ocrx_word' id='word_1_312' title='bbox 1276 2863 1455 2942; x_wconf 89' lang='lat' dir='ltr'><strong>aliquando</strong></span> <span class='ocrx_word' id='word_1_313' title='bbox 1474 2865 1515 2926; x_wconf 92' lang='lat' dir='ltr'><strong>ad</strong></span> <span class='ocrx_word' id='word_1_314' title='bbox 1537 2879 1640 2926; x_wconf 91' lang='lat' dir='ltr'><strong>mare.</strong></span> <span class='ocrx_word' id='word_1_315' title='bbox 1661 2869 1704 2926; x_wconf 83' lang='lat' dir='ltr'><strong>Iu</strong></span> <span class='ocrx_word' id='word_1_316' title='bbox 1718 2869 1824 2938; x_wconf 83' lang='lat' dir='ltr'><strong>mori,</strong></span> <span class='ocrx_word' id='word_1_317' title='bbox 1855 2865 1952 2934; x_wconf 86' lang='lat' dir='ltr'><strong>idest,</strong></span> 
     </span>
     <span class='ocr_line' id='line_1_28' title="bbox 307 2961 1956 3041; baseline -0.004 -10"><span class='ocrx_word' id='word_1_318' title='bbox 307 2971 343 3032; x_wconf 93' lang='lat' dir='ltr'><strong>in</strong></span> <span class='ocrx_word' id='word_1_319' title='bbox 370 2969 515 3030; x_wconf 87' lang='lat' dir='ltr'><strong>novitate</strong></span> <span class='ocrx_word' id='word_1_320' title='bbox 540 2967 617 3027; x_wconf 84' lang='lat' dir='ltr'><strong>vitae</strong></span> <span class='ocrx_word' id='word_1_321' title='bbox 645 2964 761 3041; x_wconf 86' lang='lat' dir='ltr'><strong>incipit</strong></span> <span class='ocrx_word' id='word_1_322' title='bbox 786 2963 967 3025; x_wconf 90' lang='lat' dir='ltr'><strong>ambulare.</strong></span> <span class='ocrx_word' id='word_1_323' title='bbox 993 2964 1102 3023; x_wconf 82' lang='lat' dir='ltr'><strong>Favus</strong></span> <span class='ocrx_word' id='word_1_324' title='bbox 1157 2961 1192 3022; x_wconf 92' lang='lat' dir='ltr'><strong>in</strong></span> <span class='ocrx_word' id='word_1_325' title='bbox 1206 2961 1328 3023; x_wconf 92' lang='lat' dir='ltr'><strong>mundo</strong></span> <span class='ocrx_word' id='word_1_326' title='bbox 1341 2976 1377 3022; x_wconf 87' lang='lat' dir='ltr'><strong>se</strong></span> <span class='ocrx_word' id='word_1_327' title='bbox 1389 2961 1589 3034; x_wconf 78' lang='lat' dir='ltr'><strong>manifestat,</strong></span> <span class='ocrx_word' id='word_1_328' title='bbox 1606 2962 1737 3039; x_wconf 87' lang='lat' dir='ltr'><strong>quando</strong></span> <span class='ocrx_word' id='word_1_329' title='bbox 1752 2977 1814 3040; x_wconf 87' lang='lat' dir='ltr'><strong>per</strong></span> <span class='ocrx_word' id='word_1_330' title='bbox 1834 2964 1956 3024; x_wconf 84' lang='lat' dir='ltr'><strong>visibi-</strong></span> 
     </span>
     <span class='ocr_line' id='line_1_29' title="bbox 308 3057 1953 3139; baseline -0.003 -13"><span class='ocrx_word' id='word_1_331' title='bbox 308 3078 389 3139; x_wconf 82' lang='lat' dir='ltr'><strong>ergo</strong></span> <span class='ocrx_word' id='word_1_332' title='bbox 403 3062 524 3133; x_wconf 89' lang='lat' dir='ltr'><strong>mellis,</strong></span> <span class='ocrx_word' id='word_1_333' title='bbox 547 3061 603 3136; x_wconf 88' lang='lat' dir='ltr'><strong>qui</strong></span> <span class='ocrx_word' id='word_1_334' title='bbox 619 3075 729 3120; x_wconf 91' lang='lat' dir='ltr'><strong>ceram</strong></span> <span class='ocrx_word' id='word_1_335' title='bbox 744 3060 779 3121; x_wconf 90' lang='lat' dir='ltr'><strong>ct</strong></span> <span class='ocrx_word' id='word_1_336' title='bbox 796 3058 862 3118; x_wconf 91' lang='lat' dir='ltr'><strong>mel</strong></span> <span class='ocrx_word' id='word_1_337' title='bbox 876 3057 974 3120; x_wconf 92' lang='lat' dir='ltr'><strong>simul</strong></span> <span class='ocrx_word' id='word_1_338' title='bbox 996 3058 1103 3119; x_wconf 89' lang='lat' dir='ltr'><strong>conti·</strong></span> <span class='ocrx_word' id='word_1_339' title='bbox 1156 3059 1201 3120; x_wconf 92' lang='lat' dir='ltr'><strong>lia</strong></span> <span class='ocrx_word' id='word_1_340' title='bbox 1224 3073 1324 3135; x_wconf 90' lang='lat' dir='ltr'><strong>opera</strong></span> <span class='ocrx_word' id='word_1_341' title='bbox 1348 3058 1463 3119; x_wconf 90' lang='lat' dir='ltr'><strong>mundi</strong></span> <span class='ocrx_word' id='word_1_342' title='bbox 1491 3075 1586 3120; x_wconf 87' lang='lat' dir='ltr'><strong>suam</strong></span> <span class='ocrx_word' id='word_1_343' title='bbox 1616 3059 1758 3135; x_wconf 81' lang='lat' dir='ltr'><strong>gloriam</strong></span> <span class='ocrx_word' id='word_1_344' title='bbox 1791 3059 1953 3122; x_wconf 91' lang='lat' dir='ltr'><strong>declarat.</strong></span> 
     </span>
     <span class='ocr_line' id='line_1_30' title="bbox 307 3154 1956 3232; baseline -0.002 -11"><span class='ocrx_word' id='word_1_345' title='bbox 307 3160 375 3232; x_wconf 90' lang='lat' dir='ltr'><strong>net,</strong></span> <span class='ocrx_word' id='word_1_346' title='bbox 406 3158 457 3220; x_wconf 89' lang='lat' dir='ltr'><strong>est</strong></span> <span class='ocrx_word' id='word_1_347' title='bbox 489 3155 722 3232; x_wconf 88' lang='lat' dir='ltr'><strong>contemplatio</strong></span> <span class='ocrx_word' id='word_1_348' title='bbox 750 3155 883 3215; x_wconf 78' lang='lat' dir='ltr'><strong>aeternae</strong></span> <span class='ocrx_word' id='word_1_349' title='bbox 910 3155 1100 3226; x_wconf 87' lang='lat' dir='ltr'><strong>suavitatis,</strong></span> <span class='ocrx_word' id='word_1_350' title='bbox 1156 3154 1256 3218; x_wconf 87' lang='lat' dir='ltr'><strong>Verbi</strong></span> <span class='ocrx_word' id='word_1_351' title='bbox 1271 3155 1380 3231; x_wconf 81' lang='lat' dir='ltr'><strong>gratia</strong></span> <span class='ocrx_word' id='word_1_352' title='bbox 1394 3177 1402 3216; x_wconf 78' lang='lat' dir='ltr'><strong><em>z</em></strong></span> <span class='ocrx_word' id='word_1_353' title='bbox 1418 3155 1568 3218; x_wconf 83' lang='lat' dir='ltr'><strong>videmus</strong></span> <span class='ocrx_word' id='word_1_354' title='bbox 1583 3156 1792 3232; x_wconf 86' lang='lat' dir='ltr'><strong>splendorem</strong></span> <span class='ocrx_word' id='word_1_355' title='bbox 1812 3157 1907 3226; x_wconf 88' lang='lat' dir='ltr'><strong>solis,</strong></span> <span class='ocrx_word' id='word_1_356' title='bbox 1924 3159 1956 3219; x_wconf 90' lang='lat' dir='ltr'><strong>et</strong></span> 
     </span>
    </p>
   </div>
   <div class='ocr_carea' id='block_1_6' title="bbox 290 3250 1104 4394">
    <p class='ocr_par' dir='ltr' id='par_1_8' title="bbox 290 3250 1104 4206">
     <span class='ocr_line' id='line_1_31' title="bbox 309 3250 1104 3335; baseline -0.01 -17"><span class='ocrx_word' id='word_1_357' title='bbox 309 3273 382 3335; x_wconf 88' lang='lat' dir='ltr'><strong>quae</strong></span> <span class='ocrx_word' id='word_1_358' title='bbox 397 3269 455 3316; x_wconf 93' lang='lat' dir='ltr'><strong>cor</strong></span> <span class='ocrx_word' id='word_1_359' title='bbox 476 3255 509 3315; x_wconf 88' lang='lat' dir='ltr'><strong>et</strong></span> <span class='ocrx_word' id='word_1_360' title='bbox 528 3251 735 3314; x_wconf 87' lang='lat' dir='ltr'><strong>dulcedinem</strong></span> <span class='ocrx_word' id='word_1_361' title='bbox 757 3250 866 3312; x_wconf 90' lang='lat' dir='ltr'><strong>cordis</strong></span> <span class='ocrx_word' id='word_1_362' title='bbox 890 3251 988 3312; x_wconf 90' lang='lat' dir='ltr'><strong>simul</strong></span> <span class='ocrx_word' id='word_1_363' title='bbox 1012 3266 1104 3312; x_wconf 90' lang='lat' dir='ltr'><strong>eom-</strong></span> 
     </span>
     <span class='ocr_line' id='line_1_32' title="bbox 308 3347 1101 3433; baseline -0.006 -20"><span class='ocrx_word' id='word_1_364' title='bbox 308 3351 474 3433; x_wconf 86' lang='lat' dir='ltr'><strong>plectitur.</strong></span> <span class='ocrx_word' id='word_1_365' title='bbox 494 3349 640 3412; x_wconf 85' lang='lat' dir='ltr'><strong>Otlertnr</strong></span> <span class='ocrx_word' id='word_1_366' title='bbox 657 3349 768 3426; x_wconf 85' lang='lat' dir='ltr'><strong>itaque</strong></span> <span class='ocrx_word' id='word_1_367' title='bbox 783 3347 923 3410; x_wconf 85' lang='lat' dir='ltr'><strong>Domino</strong></span> <span class='ocrx_word' id='word_1_368' title='bbox 944 3348 1018 3424; x_wconf 87' lang='lat' dir='ltr'><strong>post</strong></span> <span class='ocrx_word' id='word_1_369' title='bbox 1041 3363 1101 3409; x_wconf 90' lang='lat' dir='ltr'><strong>as-</strong></span> 
     </span>
     <span class='ocr_line' id='line_1_33' title="bbox 307 3445 1104 3527; baseline -0.009 -13"><span class='ocrx_word' id='word_1_370' title='bbox 307 3467 381 3514; x_wconf 88' lang='lat' dir='ltr'><strong>sum</strong></span> <span class='ocrx_word' id='word_1_371' title='bbox 402 3449 527 3527; x_wconf 89' lang='lat' dir='ltr'><strong>piscem</strong></span> <span class='ocrx_word' id='word_1_372' title='bbox 542 3447 637 3508; x_wconf 83' lang='lat' dir='ltr'><strong>larus</strong></span> <span class='ocrx_word' id='word_1_373' title='bbox 651 3446 771 3518; x_wconf 89' lang='lat' dir='ltr'><strong>mellis,</strong></span> <span class='ocrx_word' id='word_1_374' title='bbox 795 3445 872 3522; x_wconf 83' lang='lat' dir='ltr'><strong>quia</strong></span> <span class='ocrx_word' id='word_1_375' title='bbox 886 3445 961 3522; x_wconf 90' lang='lat' dir='ltr'><strong>post</strong></span> <span class='ocrx_word' id='word_1_376' title='bbox 977 3445 1104 3508; x_wconf 89' lang='lat' dir='ltr'><strong>contri-</strong></span> 
     </span>
     <span class='ocr_line' id='line_1_34' title="bbox 306 3543 1103 3625; baseline -0.009 -13"><span class='ocrx_word' id='word_1_377' title='bbox 306 3549 443 3620; x_wconf 80' lang='lat' dir='ltr'><strong>ttonem,</strong></span> <span class='ocrx_word' id='word_1_378' title='bbox 460 3561 525 3625; x_wconf 86' lang='lat' dir='ltr'><strong>qua</strong></span> <span class='ocrx_word' id='word_1_379' title='bbox 542 3544 683 3606; x_wconf 91' lang='lat' dir='ltr'><strong>dicimus</strong></span> <span class='ocrx_word' id='word_1_380' title='bbox 700 3559 775 3605; x_wconf 90' lang='lat' dir='ltr'><strong>cum</strong></span> <span class='ocrx_word' id='word_1_381' title='bbox 790 3543 971 3621; x_wconf 87' lang='lat' dir='ltr'><strong>Propheta:</strong></span> <span class='ocrx_word' id='word_1_382' title='bbox 988 3547 1103 3605; x_wconf 62' lang='lat' dir='ltr'><strong>Pube·</strong></span> 
     </span>
     <span class='ocr_line' id='line_1_35' title="bbox 304 3641 1102 3714; baseline -0.009 -4"><span class='ocrx_word' id='word_1_383' title='bbox 304 3647 450 3710; x_wconf 74' lang='lat' dir='ltr'><strong>melones</strong></span> <span class='ocrx_word' id='word_1_384' title='bbox 487 3646 602 3706; x_wconf 77' lang='lat' dir='ltr'><strong>cordis</strong></span> <span class='ocrx_word' id='word_1_385' title='bbox 635 3645 705 3704; x_wconf 86' lang='lat' dir='ltr'><strong>met</strong></span> <span class='ocrx_word' id='word_1_386' title='bbox 736 3641 889 3704; x_wconf 85' lang='lat' dir='ltr'><strong>dttctotcc</strong></span> <span class='ocrx_word' id='word_1_387' title='bbox 922 3643 1014 3714; x_wconf 79' lang='lat' dir='ltr'><strong>suot,</strong></span> <span class='ocrx_word' id='word_1_388' title='bbox 1061 3643 1102 3703; x_wconf 85' lang='lat' dir='ltr'><strong>dc</strong></span> 
     </span>
     <span class='ocr_line' id='line_1_36' title="bbox 306 3735 1099 3818; baseline -0.009 -13"><span class='ocrx_word' id='word_1_389' title='bbox 306 3741 565 3806; x_wconf 76' lang='lat' dir='ltr'><strong>necessitatibus</strong></span> <span class='ocrx_word' id='word_1_390' title='bbox 587 3742 677 3803; x_wconf 82' lang='lat' dir='ltr'><strong>mcts</strong></span> <span class='ocrx_word' id='word_1_391' title='bbox 697 3742 794 3812; x_wconf 66' lang='lat' dir='ltr'><strong>emec</strong></span> <span class='ocrx_word' id='word_1_392' title='bbox 809 3753 865 3800; x_wconf 77' lang='lat' dir='ltr'><strong>uec</strong></span> <span class='ocrx_word' id='word_1_393' title='bbox 882 3735 1099 3818; x_wconf 81' lang='lat' dir='ltr'><strong>(Ps.2l,17),</strong></span> 
     </span>
     <span class='ocr_line' id='line_1_37' title="bbox 308 3835 1101 3918; baseline -0.008 -16"><span class='ocrx_word' id='word_1_394' title='bbox 308 3839 452 3918; x_wconf 86' lang='lat' dir='ltr'><strong>Spiritus</strong></span> <span class='ocrx_word' id='word_1_395' title='bbox 477 3836 612 3899; x_wconf 84' lang='lat' dir='ltr'><strong>sanetus</strong></span> <span class='ocrx_word' id='word_1_396' title='bbox 630 3836 778 3898; x_wconf 88' lang='lat' dir='ltr'><strong>immittit</strong></span> <span class='ocrx_word' id='word_1_397' title='bbox 805 3836 840 3896; x_wconf 92' lang='lat' dir='ltr'><strong>in</strong></span> <span class='ocrx_word' id='word_1_398' title='bbox 861 3835 957 3898; x_wconf 88' lang='lat' dir='ltr'><strong>nohis</strong></span> <span class='ocrx_word' id='word_1_399' title='bbox 983 3835 1101 3896; x_wconf 86' lang='lat' dir='ltr'><strong>dnlce-</strong></span> 
     </span>
     <span class='ocr_line' id='line_1_38' title="bbox 307 3932 1101 4010; baseline -0.009 -11"><span class='ocrx_word' id='word_1_400' title='bbox 307 3935 417 3998; x_wconf 89' lang='lat' dir='ltr'><strong>dinem</strong></span> <span class='ocrx_word' id='word_1_401' title='bbox 440 3935 561 3996; x_wconf 80' lang='lat' dir='ltr'><strong>dirinae</strong></span> <span class='ocrx_word' id='word_1_402' title='bbox 583 3933 882 4010; x_wconf 84' lang='lat' dir='ltr'><strong>contemplationis.</strong></span> <span class='ocrx_word' id='word_1_403' title='bbox 910 3932 1005 3994; x_wconf 89' lang='lat' dir='ltr'><strong>Unde</strong></span> <span class='ocrx_word' id='word_1_404' title='bbox 1027 3932 1101 3993; x_wconf 91' lang='lat' dir='ltr'><strong>cla-</strong></span> 
     </span>
     <span class='ocr_line' id='line_1_39' title="bbox 290 4023 1103 4108; baseline -0.006 -12"><span class='ocrx_word' id='word_1_405' title='bbox 290 4023 437 4096; x_wconf 88' lang='lat' dir='ltr'><strong>&#39;mamus</strong></span> <span class='ocrx_word' id='word_1_406' title='bbox 452 4048 527 4093; x_wconf 93' lang='lat' dir='ltr'><strong>cum</strong></span> <span class='ocrx_word' id='word_1_407' title='bbox 537 4031 719 4108; x_wconf 87' lang='lat' dir='ltr'><strong>Propheta:</strong></span> <span class='ocrx_word' id='word_1_408' title='bbox 730 4033 839 4098; x_wconf 82' lang='lat' dir='ltr'><strong>Quom</strong></span> <span class='ocrx_word' id='word_1_409' title='bbox 848 4043 976 4106; x_wconf 69' lang='lat' dir='ltr'><strong>umque</strong></span> <span class='ocrx_word' id='word_1_410' title='bbox 985 4031 1103 4091; x_wconf 81' lang='lat' dir='ltr'><strong>multt-</strong></span> 
     </span>
     <span class='ocr_line' id='line_1_40' title="bbox 310 4124 1100 4206; baseline -0.005 -14"><span class='ocrx_word' id='word_1_411' title='bbox 310 4131 391 4192; x_wconf 82' lang='lat' dir='ltr'><strong>tudo</strong></span> <span class='ocrx_word' id='word_1_412' title='bbox 404 4131 590 4190; x_wconf 78' lang='lat' dir='ltr'><strong>detccdtnts</strong></span> <span class='ocrx_word' id='word_1_413' title='bbox 603 4127 683 4199; x_wconf 81' lang='lat' dir='ltr'><strong>tuce,</strong></span> <span class='ocrx_word' id='word_1_414' title='bbox 694 4130 878 4189; x_wconf 78' lang='lat' dir='ltr'><strong>Domine...</strong></span> <span class='ocrx_word' id='word_1_415' title='bbox 890 4124 959 4205; x_wconf 88' lang='lat' dir='ltr'><strong>(Ps.</strong></span> <span class='ocrx_word' id='word_1_416' title='bbox 973 4129 1023 4198; x_wconf 87' lang='grc'><strong>30,</strong></span> <span class='ocrx_word' id='word_1_417' title='bbox 1035 4125 1100 4206; x_wconf 75' lang='lat'><strong>20).</strong></span> 
     </span>
    </p>

    <p class='ocr_par' dir='ltr' id='par_1_9' title="bbox 309 4220 1104 4394">
     <span class='ocr_line' id='line_1_41' title="bbox 348 4220 1102 4300; baseline -0.001 -15"><span class='ocrx_word' id='word_1_418' title='bbox 348 4225 388 4286; x_wconf 83' lang='lat' dir='ltr'><strong>nt</strong></span> <span class='ocrx_word' id='word_1_419' title='bbox 402 4221 583 4300; x_wconf 81' lang='lat' dir='ltr'><strong>notandum</strong></span> <span class='ocrx_word' id='word_1_420' title='bbox 599 4220 685 4298; x_wconf 89' lang='lat' dir='ltr'><strong>quod</strong></span> <span class='ocrx_word' id='word_1_421' title='bbox 702 4222 789 4284; x_wconf 90' lang='lat' dir='ltr'><strong>sicut</strong></span> <span class='ocrx_word' id='word_1_422' title='bbox 802 4222 867 4283; x_wconf 88' lang='lat' dir='ltr'><strong>mel</strong></span> <span class='ocrx_word' id='word_1_423' title='bbox 886 4221 927 4284; x_wconf 89' lang='lat' dir='ltr'><strong>de</strong></span> <span class='ocrx_word' id='word_1_424' title='bbox 944 4237 1021 4284; x_wconf 90' lang='lat' dir='ltr'><strong>cera</strong></span> <span class='ocrx_word' id='word_1_425' title='bbox 1036 4238 1102 4284; x_wconf 90' lang='lat' dir='ltr'><strong>non</strong></span> 
     </span>
     <span class='ocr_line' id='line_1_42' title="bbox 309 4315 1104 4394; baseline 0 -13"><span class='ocrx_word' id='word_1_426' title='bbox 309 4319 453 4391; x_wconf 89' lang='lat' dir='ltr'><strong>elicitur,</strong></span> <span class='ocrx_word' id='word_1_427' title='bbox 475 4317 541 4378; x_wconf 91' lang='lat' dir='ltr'><strong>nisi</strong></span> <span class='ocrx_word' id='word_1_428' title='bbox 566 4332 644 4380; x_wconf 86' lang='lat' dir='ltr'><strong>cera</strong></span> <span class='ocrx_word' id='word_1_429' title='bbox 662 4315 736 4394; x_wconf 88' lang='lat' dir='ltr'><strong>ipsa</strong></span> <span class='ocrx_word' id='word_1_430' title='bbox 754 4320 935 4394; x_wconf 89' lang='lat' dir='ltr'><strong>prematur,</strong></span> <span class='ocrx_word' id='word_1_431' title='bbox 956 4319 1004 4381; x_wconf 89' lang='lat' dir='ltr'><strong>ita</strong></span> <span class='ocrx_word' id='word_1_432' title='bbox 1028 4320 1104 4381; x_wconf 90' lang='lat' dir='ltr'><strong>dul·</strong></span> 
     </span>
    </p>
   </div>
   <div class='ocr_carea' id='block_1_7' title="bbox 183 4413 1104 4500">
    <p class='ocr_par' dir='ltr' id='par_1_10' title="bbox 183 4413 1104 4500">
     <span class='ocr_line' id='line_1_43' title="bbox 183 4413 1104 4500; baseline -0.001 -21"><span class='ocrx_word' id='word_1_433' title='bbox 183 4495 186 4500; x_wconf 12' lang='lat' dir='ltr'>A</span> <span class='ocrx_word' id='word_1_434' title='bbox 309 4417 389 4479; x_wconf 88' lang='lat' dir='ltr'><strong>cedo</strong></span> <span class='ocrx_word' id='word_1_435' title='bbox 405 4415 446 4478; x_wconf 92' lang='lat' dir='ltr'><strong>de</strong></span> <span class='ocrx_word' id='word_1_436' title='bbox 461 4414 560 4477; x_wconf 89' lang='lat' dir='ltr'><strong>corde</strong></span> <span class='ocrx_word' id='word_1_437' title='bbox 574 4429 640 4476; x_wconf 91' lang='lat' dir='ltr'><strong>non</strong></span> <span class='ocrx_word' id='word_1_438' title='bbox 653 4413 760 4476; x_wconf 85' lang='lat' dir='ltr'><strong>effluit</strong></span> <span class='ocrx_word' id='word_1_439' title='bbox 771 4415 838 4476; x_wconf 92' lang='lat' dir='ltr'><strong>nisi</strong></span> <span class='ocrx_word' id='word_1_440' title='bbox 853 4430 911 4476; x_wconf 85' lang='lat' dir='ltr'><strong>cor</strong></span> <span class='ocrx_word' id='word_1_441' title='bbox 922 4415 1032 4494; x_wconf 88' lang='lat' dir='ltr'><strong>ipsum</strong></span> <span class='ocrx_word' id='word_1_442' title='bbox 1046 4417 1104 4478; x_wconf 90' lang='lat' dir='ltr'><strong>diu</strong></span> 
     </span>
    </p>
   </div>
   <div class='ocr_carea' id='block_1_8' title="bbox 307 4511 1105 4692">
    <p class='ocr_par' dir='ltr' id='par_1_11' title="bbox 307 4511 1105 4692">
     <span class='ocr_line' id='line_1_44' title="bbox 308 4511 1105 4692; baseline 0 -116"><span class='ocrx_word' id='word_1_443' title='bbox 308 4512 541 4692; x_wconf 39' lang='lat' dir='ltr'><strong>amariJudinis</strong></span> <span class='ocrx_word' id='word_1_444' title='bbox 563 4511 596 4574; x_wconf 88' lang='lat' dir='ltr'><strong>et</strong></span> <span class='ocrx_word' id='word_1_445' title='bbox 619 4511 816 4574; x_wconf 87' lang='lat' dir='ltr'><strong>humilitatis</strong></span> <span class='ocrx_word' id='word_1_446' title='bbox 840 4513 942 4590; x_wconf 88' lang='lat' dir='ltr'><strong>praelo</strong></span> <span class='ocrx_word' id='word_1_447' title='bbox 970 4529 1105 4591; x_wconf 88' lang='lat' dir='ltr'><strong>prema-</strong></span> 
     </span>
     <span class='ocr_line' id='line_1_45' title="bbox 307 4611 436 4673; baseline -0.016 0"><span class='ocrx_word' id='word_1_448' title='bbox 307 4611 364 4673; x_wconf 91' lang='lat' dir='ltr'><strong>tur</strong></span> <span class='ocrx_word' id='word_1_449' title='bbox 392 4612 436 4671; x_wconf 90' lang='lat'><strong>1.</strong></span> 
     </span>
    </p>
   </div>
   <div class='ocr_carea' id='block_1_9' title="bbox 309 4990 1104 5067">
    <p class='ocr_par' dir='ltr' id='par_1_12' title="bbox 309 4990 1104 5067">
     <span class='ocr_line' id='line_1_46' title="bbox 309 4990 1104 5067; baseline 0.005 -14"><span class='ocrx_word' id='word_1_450' title='bbox 309 4991 355 5053; x_wconf 93' lang='lat' dir='ltr'><strong>IN</strong></span> <span class='ocrx_word' id='word_1_451' title='bbox 383 4990 547 5052; x_wconf 77' lang='lat' dir='ltr'>OCTAVA</span> <span class='ocrx_word' id='word_1_452' title='bbox 579 4991 914 5054; x_wconf 64' lang='lat' dir='ltr'><strong>pessumdatam</strong></span> <span class='ocrx_word' id='word_1_453' title='bbox 935 4994 1104 5067; x_wconf 87' lang='lat' dir='ltr'>QUARTA</span> 
     </span>
    </p>
   </div>
   <div class='ocr_carea' id='block_1_10' title="bbox 308 5141 1104 5320">
    <p class='ocr_par' dir='ltr' id='par_1_13' title="bbox 308 5141 1104 5320">
     <span class='ocr_line' id='line_1_47' title="bbox 349 5141 1104 5220; baseline 0.007 -17"><span class='ocrx_word' id='word_1_454' title='bbox 349 5141 589 5216; x_wconf 75' lang='lat' dir='ltr'><strong>ddnnsestcoit</strong></span> <span class='ocrx_word' id='word_1_455' title='bbox 606 5155 644 5203; x_wconf 87' lang='lat' dir='ltr'><strong>sc</strong></span> <span class='ocrx_word' id='word_1_456' title='bbox 657 5144 761 5204; x_wconf 84' lang='lat' dir='ltr'><strong>Jcsus</strong></span> <span class='ocrx_word' id='word_1_457' title='bbox 775 5146 951 5220; x_wconf 69' lang='lat' dir='ltr'><strong>sumpno:</strong></span> <span class='ocrx_word' id='word_1_458' title='bbox 964 5148 1039 5207; x_wconf 84' lang='lat' dir='ltr'><strong>suls</strong></span> <span class='ocrx_word' id='word_1_459' title='bbox 1059 5149 1104 5208; x_wconf 83' lang='lat' dir='ltr'><strong>ud</strong></span> 
     </span>
     <span class='ocr_line' id='line_1_48' title="bbox 308 5237 883 5320; baseline 0.005 -22"><span class='ocrx_word' id='word_1_460' title='bbox 308 5251 410 5298; x_wconf 80' lang='lat' dir='ltr'><strong>neure</strong></span> <span class='ocrx_word' id='word_1_461' title='bbox 424 5239 610 5300; x_wconf 77' lang='lat' dir='ltr'><strong>ltbcrtedis</strong></span> <span class='ocrx_word' id='word_1_462' title='bbox 623 5237 733 5318; x_wconf 81' lang='lat' dir='ltr'><strong>(toan.</strong></span> <span class='ocrx_word' id='word_1_463' title='bbox 749 5255 821 5313; x_wconf 82' lang='lat' dir='ltr'><strong>xm,</strong></span> <span class='ocrx_word' id='word_1_464' title='bbox 838 5238 883 5320; x_wconf 88' lang='lat'><strong>1).</strong></span> 
     </span>
    </p>
   </div>
   <div class='ocr_carea' id='block_1_11' title="bbox 348 5333 1104 5402">
    <p class='ocr_par' dir='ltr' id='par_1_14' title="bbox 348 5333 1104 5402">
     <span class='ocr_line' id='line_1_49' title="bbox 348 5333 1104 5402; baseline 0.005 -6"><span class='ocrx_word' id='word_1_465' title='bbox 348 5333 397 5396; x_wconf 80' lang='lat' dir='ltr'><strong>ad</strong></span> <span class='ocrx_word' id='word_1_466' title='bbox 413 5349 504 5395; x_wconf 89' lang='lat' dir='ltr'><strong>mare</strong></span> <span class='ocrx_word' id='word_1_467' title='bbox 519 5333 703 5397; x_wconf 85' lang='lat' dir='ltr'><strong>Tiberiadis</strong></span> <span class='ocrx_word' id='word_1_468' title='bbox 718 5335 942 5400; x_wconf 77' lang='lat' dir='ltr'><strong>manifestavit</strong></span> <span class='ocrx_word' id='word_1_469' title='bbox 958 5353 994 5400; x_wconf 89' lang='lat' dir='ltr'><strong>se</strong></span> <span class='ocrx_word' id='word_1_470' title='bbox 1007 5340 1104 5402; x_wconf 87' lang='lat' dir='ltr'><strong>Jesus</strong></span> 
     </span>
    </p>
   </div>
   <div class='ocr_carea' id='block_1_12' title="bbox 310 5487 1104 5637">
    <p class='ocr_par' dir='ltr' id='par_1_15' title="bbox 310 5487 1104 5637">
     <span class='ocr_line' id='line_1_50' title="bbox 346 5487 1104 5570; baseline 0.013 -25"><span class='ocrx_word' id='word_1_471' title='bbox 346 5487 387 5562; x_wconf 86' lang='lat' dir='ltr'><strong>(l)</strong></span> <span class='ocrx_word' id='word_1_472' title='bbox 402 5489 445 5548; x_wconf 87' lang='lat' dir='ltr'><strong>Ad</strong></span> <span class='ocrx_word' id='word_1_473' title='bbox 467 5488 552 5562; x_wconf 71' lang='lat' dir='ltr'><strong>huius</strong></span> <span class='ocrx_word' id='word_1_474' title='bbox 572 5493 715 5552; x_wconf 87' lang='lat' dir='ltr'><strong>sermonis</strong></span> <span class='ocrx_word' id='word_1_475' title='bbox 736 5494 977 5569; x_wconf 87' lang='lat' dir='ltr'><strong>complementum</strong></span> <span class='ocrx_word' id='word_1_476' title='bbox 998 5495 1104 5570; x_wconf 84' lang='lat' dir='ltr'><strong>aliquid</strong></span> 
     </span>
     <span class='ocr_line' id='line_1_51' title="bbox 310 5575 601 5637; baseline 0.017 -5"><span class='ocrx_word' id='word_1_477' title='bbox 310 5575 466 5634; x_wconf 84' lang='lat' dir='ltr'><strong>desiderari</strong></span> <span class='ocrx_word' id='word_1_478' title='bbox 482 5578 601 5637; x_wconf 84' lang='lat' dir='ltr'><strong>videtur.</strong></span> 
     </span>
    </p>
   </div>
   <div class='ocr_carea' id='block_1_13' title="bbox 1155 3252 1955 5661">
    <p class='ocr_par' dir='ltr' id='par_1_16' title="bbox 1155 3252 1955 4402">
     <span class='ocr_line' id='line_1_52' title="bbox 1157 3252 1955 3331; baseline 0.006 -20"><span class='ocrx_word' id='word_1_479' title='bbox 1157 3253 1265 3329; x_wconf 85' lang='lat' dir='ltr'><strong>qualis</strong></span> <span class='ocrx_word' id='word_1_480' title='bbox 1284 3252 1317 3314; x_wconf 89' lang='lat' dir='ltr'><strong>et</strong></span> <span class='ocrx_word' id='word_1_481' title='bbox 1331 3255 1473 3331; x_wconf 89' lang='lat' dir='ltr'><strong>quantus</strong></span> <span class='ocrx_word' id='word_1_482' title='bbox 1490 3254 1550 3326; x_wconf 89' lang='lat' dir='ltr'><strong>est,</strong></span> <span class='ocrx_word' id='word_1_483' title='bbox 1567 3253 1730 3331; x_wconf 85' lang='lat' dir='ltr'><strong>quomodo</strong></span> <span class='ocrx_word' id='word_1_484' title='bbox 1750 3252 1851 3327; x_wconf 87' lang='lat' dir='ltr'><strong>lucet,</strong></span> <span class='ocrx_word' id='word_1_485' title='bbox 1869 3271 1955 3331; x_wconf 86' lang='lat' dir='ltr'><strong>quo-</strong></span> 
     </span>
     <span class='ocr_line' id='line_1_53' title="bbox 1156 3349 1953 3428; baseline 0.003 -16"><span class='ocrx_word' id='word_1_486' title='bbox 1156 3349 1253 3412; x_wconf 94' lang='lat' dir='ltr'><strong>modo</strong></span> <span class='ocrx_word' id='word_1_487' title='bbox 1268 3350 1427 3428; x_wconf 89' lang='lat' dir='ltr'><strong>splendet,</strong></span> <span class='ocrx_word' id='word_1_488' title='bbox 1444 3351 1606 3428; x_wconf 89' lang='lat' dir='ltr'><strong>quomodo</strong></span> <span class='ocrx_word' id='word_1_489' title='bbox 1628 3351 1723 3413; x_wconf 88' lang='lat' dir='ltr'><strong>calet.</strong></span> <span class='ocrx_word' id='word_1_490' title='bbox 1746 3352 1833 3413; x_wconf 85' lang='lat' dir='ltr'><strong>Hinc</strong></span> <span class='ocrx_word' id='word_1_491' title='bbox 1849 3352 1953 3414; x_wconf 88' lang='lat' dir='ltr'><strong>debe-</strong></span> 
     </span>
     <span class='ocr_line' id='line_1_54' title="bbox 1156 3447 1953 3526; baseline 0.001 -16"><span class='ocrx_word' id='word_1_492' title='bbox 1156 3463 1230 3510; x_wconf 89' lang='lat' dir='ltr'><strong>mus</strong></span> <span class='ocrx_word' id='word_1_493' title='bbox 1251 3448 1410 3525; x_wconf 82' lang='lat' dir='ltr'><strong>colligere</strong></span> <span class='ocrx_word' id='word_1_494' title='bbox 1434 3448 1541 3526; x_wconf 88' lang='lat' dir='ltr'><strong>qualis</strong></span> <span class='ocrx_word' id='word_1_495' title='bbox 1559 3447 1623 3510; x_wconf 86' lang='lat' dir='ltr'><strong>erit</strong></span> <span class='ocrx_word' id='word_1_496' title='bbox 1645 3448 1706 3510; x_wconf 84' lang='lat' dir='ltr'><strong>lux</strong></span> <span class='ocrx_word' id='word_1_497' title='bbox 1724 3447 1899 3511; x_wconf 90' lang='lat' dir='ltr'><strong>beatorum</strong></span> <span class='ocrx_word' id='word_1_498' title='bbox 1917 3451 1953 3511; x_wconf 91' lang='lat' dir='ltr'><strong>in</strong></span> 
     </span>
     <span class='ocr_line' id='line_1_55' title="bbox 1155 3545 1953 3623; baseline 0.004 -16"><span class='ocrx_word' id='word_1_499' title='bbox 1155 3546 1410 3608; x_wconf 88' lang='lat' dir='ltr'><strong>resurrectione.</strong></span> <span class='ocrx_word' id='word_1_500' title='bbox 1422 3547 1469 3607; x_wconf 91' lang='lat' dir='ltr'><strong>De</strong></span> <span class='ocrx_word' id='word_1_501' title='bbox 1479 3561 1544 3623; x_wconf 84' lang='lat' dir='ltr'><strong>qua</strong></span> <span class='ocrx_word' id='word_1_502' title='bbox 1557 3546 1662 3608; x_wconf 86' lang='lat' dir='ltr'><strong>isaias</strong></span> <span class='ocrx_word' id='word_1_503' title='bbox 1674 3545 1953 3610; x_wconf 60' lang='lat' dir='ltr'><strong>dicturientem:</strong></span> 
     </span>
     <span class='ocr_line' id='line_1_56' title="bbox 1156 3641 1951 3724; baseline 0.001 -19"><span class='ocrx_word' id='word_1_504' title='bbox 1156 3644 1224 3705; x_wconf 81' lang='lat' dir='ltr'><strong>crtt</strong></span> <span class='ocrx_word' id='word_1_505' title='bbox 1249 3646 1286 3705; x_wconf 83' lang='lat' dir='ltr'><strong>tu</strong></span> <span class='ocrx_word' id='word_1_506' title='bbox 1308 3648 1418 3705; x_wconf 84' lang='lat' dir='ltr'><strong>lucem</strong></span> <span class='ocrx_word' id='word_1_507' title='bbox 1444 3643 1695 3718; x_wconf 78' lang='lat' dir='ltr'><strong>sempiternam</strong></span> <span class='ocrx_word' id='word_1_508' title='bbox 1716 3641 1774 3722; x_wconf 90' lang='lat' dir='ltr'><strong>(Is.</strong></span> <span class='ocrx_word' id='word_1_509' title='bbox 1802 3658 1859 3716; x_wconf 77' lang='lat' dir='ltr'><strong>ux,</strong></span> <span class='ocrx_word' id='word_1_510' title='bbox 1888 3647 1951 3724; x_wconf 73' lang='grc'>20).</span> 
     </span>
     <span class='ocr_line' id='line_1_57' title="bbox 1157 3738 1954 3818; baseline 0.001 -16"><span class='ocrx_word' id='word_1_511' title='bbox 1157 3739 1250 3802; x_wconf 89' lang='lat' dir='ltr'><strong>Unde</strong></span> <span class='ocrx_word' id='word_1_512' title='bbox 1265 3739 1300 3800; x_wconf 93' lang='lat' dir='ltr'><strong>in</strong></span> <span class='ocrx_word' id='word_1_513' title='bbox 1315 3738 1414 3802; x_wconf 89' lang='lat' dir='ltr'><strong>Libro</strong></span> <span class='ocrx_word' id='word_1_514' title='bbox 1434 3739 1634 3817; x_wconf 73' lang='lat' dir='ltr'><strong>Sapientia:</strong></span> <span class='ocrx_word' id='word_1_515' title='bbox 1656 3743 1847 3818; x_wconf 62' lang='lat' dir='ltr'><strong>mouebant</strong></span> <span class='ocrx_word' id='word_1_516' title='bbox 1862 3744 1954 3814; x_wconf 80' lang='lat' dir='ltr'><strong>jusu</strong></span> 
     </span>
     <span class='ocr_line' id='line_1_58' title="bbox 1156 3837 1951 3918; baseline 0.001 -19"><span class='ocrx_word' id='word_1_517' title='bbox 1156 3838 1302 3900; x_wconf 73' lang='lat' dir='ltr'><strong>stmctsot</strong></span> <span class='ocrx_word' id='word_1_518' title='bbox 1316 3839 1352 3898; x_wconf 84' lang='lat' dir='ltr'><strong>tn</strong></span> <span class='ocrx_word' id='word_1_519' title='bbox 1364 3837 1601 3914; x_wconf 75' lang='lat' dir='ltr'><strong>rcouoPatrts</strong></span> <span class='ocrx_word' id='word_1_520' title='bbox 1615 3853 1736 3900; x_wconf 79' lang='lat' dir='ltr'><strong>eorum</strong></span> <span class='ocrx_word' id='word_1_521' title='bbox 1749 3837 1842 3918; x_wconf 91' lang='lat' dir='ltr'><strong>(Sap.</strong></span> <span class='ocrx_word' id='word_1_522' title='bbox 1854 3855 1905 3910; x_wconf 88' lang='lat'><strong>111,</strong></span> <span class='ocrx_word' id='word_1_523' title='bbox 1917 3844 1951 3915; x_wconf 79' lang='lat'><strong>73</strong></span> 
     </span>
     <span class='ocr_line' id='line_1_59' title="bbox 1157 3932 1953 4014; baseline 0 -18"><span class='ocrx_word' id='word_1_524' title='bbox 1157 3933 1271 3996; x_wconf 89' lang='lat' dir='ltr'><strong>Matth.</strong></span> <span class='ocrx_word' id='word_1_525' title='bbox 1287 3949 1361 4006; x_wconf 85' lang='lat' dir='ltr'><strong>xm,</strong></span> <span class='ocrx_word' id='word_1_526' title='bbox 1376 3932 1441 4014; x_wconf 83' lang='grc'>43).</span> <span class='ocrx_word' id='word_1_527' title='bbox 1459 3934 1540 3997; x_wconf 89' lang='lat' dir='ltr'><strong>Item</strong></span> <span class='ocrx_word' id='word_1_528' title='bbox 1552 3935 1724 4011; x_wconf 76' lang='lat' dir='ltr'><strong>gustamus</strong></span> <span class='ocrx_word' id='word_1_529' title='bbox 1743 3935 1854 3996; x_wconf 92' lang='lat' dir='ltr'><strong>mellis</strong></span> <span class='ocrx_word' id='word_1_530' title='bbox 1876 3936 1953 3996; x_wconf 93' lang='lat' dir='ltr'><strong>dul-</strong></span> 
     </span>
     <span class='ocr_line' id='line_1_60' title="bbox 1157 4031 1954 4108; baseline 0.001 -15"><span class='ocrx_word' id='word_1_531' title='bbox 1157 4031 1316 4093; x_wconf 88' lang='lat' dir='ltr'><strong>cedinem.</strong></span> <span class='ocrx_word' id='word_1_532' title='bbox 1345 4031 1430 4092; x_wconf 87' lang='lat' dir='ltr'>Hinc</span> <span class='ocrx_word' id='word_1_533' title='bbox 1457 4031 1651 4108; x_wconf 85' lang='lat' dir='ltr'><strong>colligamus</strong></span> <span class='ocrx_word' id='word_1_534' title='bbox 1678 4032 1886 4094; x_wconf 88' lang='lat' dir='ltr'><strong>dulcedinem</strong></span> <span class='ocrx_word' id='word_1_535' title='bbox 1911 4035 1954 4094; x_wconf 91' lang='lat' dir='ltr'><strong>il-</strong></span> 
     </span>
     <span class='ocr_line' id='line_1_61' title="bbox 1157 4128 1952 4208; baseline 0.005 -19"><span class='ocrx_word' id='word_1_536' title='bbox 1157 4128 1234 4198; x_wconf 91' lang='lat' dir='ltr'><strong>lam,</strong></span> <span class='ocrx_word' id='word_1_537' title='bbox 1261 4129 1302 4191; x_wconf 89' lang='lat' dir='ltr'><strong>de</strong></span> <span class='ocrx_word' id='word_1_538' title='bbox 1321 4144 1385 4207; x_wconf 87' lang='lat' dir='ltr'><strong>qua</strong></span> <span class='ocrx_word' id='word_1_539' title='bbox 1407 4128 1487 4190; x_wconf 91' lang='lat' dir='ltr'><strong>dicit</strong></span> <span class='ocrx_word' id='word_1_540' title='bbox 1509 4129 1633 4190; x_wconf 87' lang='lat' dir='ltr'><strong>David:</strong></span> <span class='ocrx_word' id='word_1_541' title='bbox 1664 4131 1799 4196; x_wconf 75' lang='lat' dir='ltr'><strong>cucata</strong></span> <span class='ocrx_word' id='word_1_542' title='bbox 1823 4146 1952 4208; x_wconf 67' lang='lat' dir='ltr'><strong>maeste</strong></span> 
     </span>
     <span class='ocr_line' id='line_1_62' title="bbox 1156 4225 1951 4308; baseline 0.004 -20"><span class='ocrx_word' id='word_1_543' title='bbox 1156 4227 1336 4289; x_wconf 72' lang='lat' dir='ltr'><strong>mssttttudo</strong></span> <span class='ocrx_word' id='word_1_544' title='bbox 1347 4229 1533 4288; x_wconf 75' lang='lat' dir='ltr'><strong>dadecdtuts</strong></span> <span class='ocrx_word' id='word_1_545' title='bbox 1548 4227 1627 4299; x_wconf 81' lang='lat' dir='ltr'><strong>tuce,</strong></span> <span class='ocrx_word' id='word_1_546' title='bbox 1647 4229 1793 4290; x_wconf 83' lang='lat' dir='ltr'><strong>Domtnc</strong></span> <span class='ocrx_word' id='word_1_547' title='bbox 1815 4225 1886 4308; x_wconf 90' lang='lat' dir='ltr'><strong>(Ps.</strong></span> <span class='ocrx_word' id='word_1_548' title='bbox 1902 4230 1951 4302; x_wconf 86' lang='grc'><strong>30,</strong></span> 
     </span>
     <span class='ocr_line' id='line_1_63' title="bbox 1156 4321 1786 4402; baseline 0 -18"><span class='ocrx_word' id='word_1_549' title='bbox 1156 4322 1221 4402; x_wconf 81' lang='lat'><strong>20).</strong></span> <span class='ocrx_word' id='word_1_550' title='bbox 1236 4323 1276 4386; x_wconf 80' lang='lat' dir='ltr'><strong>st</strong></span> <span class='ocrx_word' id='word_1_551' title='bbox 1287 4323 1336 4385; x_wconf 89' lang='lat' dir='ltr'><strong>sic</strong></span> <span class='ocrx_word' id='word_1_552' title='bbox 1351 4323 1391 4384; x_wconf 92' lang='lat' dir='ltr'><strong>de</strong></span> <span class='ocrx_word' id='word_1_553' title='bbox 1406 4323 1535 4384; x_wconf 86' lang='lat' dir='ltr'><strong>caeteris</strong></span> <span class='ocrx_word' id='word_1_554' title='bbox 1550 4321 1646 4384; x_wconf 91' lang='lat' dir='ltr'><strong>bonis</strong></span> <span class='ocrx_word' id='word_1_555' title='bbox 1661 4325 1786 4386; x_wconf 92' lang='lat' dir='ltr'><strong>mundi.</strong></span> 
     </span>
    </p>

    <p class='ocr_par' dir='ltr' id='par_1_17' title="bbox 1157 4419 1953 5078">
     <span class='ocr_line' id='line_1_64' title="bbox 1198 4419 1949 4497; baseline 0.004 -17"><span class='ocrx_word' id='word_1_556' title='bbox 1198 4419 1388 4481; x_wconf 85' lang='lat' dir='ltr'><strong>Manifestat</strong></span> <span class='ocrx_word' id='word_1_557' title='bbox 1398 4435 1433 4480; x_wconf 89' lang='lat' dir='ltr'><strong>se</strong></span> <span class='ocrx_word' id='word_1_558' title='bbox 1445 4423 1490 4480; x_wconf 85' lang='lat' dir='ltr'><strong>cd</strong></span> <span class='ocrx_word' id='word_1_559' title='bbox 1501 4435 1611 4492; x_wconf 78' lang='lat' dir='ltr'><strong>marc,</strong></span> <span class='ocrx_word' id='word_1_560' title='bbox 1626 4419 1722 4492; x_wconf 91' lang='lat' dir='ltr'><strong>idest,</strong></span> <span class='ocrx_word' id='word_1_561' title='bbox 1735 4421 1832 4497; x_wconf 81' lang='lat' dir='ltr'><strong>Juxta</strong></span> <span class='ocrx_word' id='word_1_562' title='bbox 1848 4438 1949 4492; x_wconf 86' lang='lat' dir='ltr'><strong>mare,</strong></span> 
     </span>
     <span class='ocr_line' id='line_1_65' title="bbox 1158 4516 1951 4589; baseline 0.003 -10"><span class='ocrx_word' id='word_1_563' title='bbox 1158 4521 1195 4579; x_wconf 83' lang='lat' dir='ltr'><strong>tn</strong></span> <span class='ocrx_word' id='word_1_564' title='bbox 1208 4518 1334 4589; x_wconf 84' lang='lat' dir='ltr'><strong>littore,</strong></span> <span class='ocrx_word' id='word_1_565' title='bbox 1350 4516 1446 4589; x_wconf 88' lang='lat' dir='ltr'><strong>idest,</strong></span> <span class='ocrx_word' id='word_1_566' title='bbox 1468 4517 1503 4578; x_wconf 92' lang='lat' dir='ltr'><strong>in</strong></span> <span class='ocrx_word' id='word_1_567' title='bbox 1525 4517 1615 4578; x_wconf 88' lang='lat' dir='ltr'><strong>terra</strong></span> <span class='ocrx_word' id='word_1_568' title='bbox 1633 4517 1827 4580; x_wconf 81' lang='lat' dir='ltr'><strong>virentium.</strong></span> <span class='ocrx_word' id='word_1_569' title='bbox 1851 4521 1951 4581; x_wconf 88' lang='lat' dir='ltr'><strong>Terra</strong></span> 
     </span>
     <span class='ocr_line' id='line_1_66' title="bbox 1157 4611 1950 4692; baseline 0.003 -16"><span class='ocrx_word' id='word_1_570' title='bbox 1157 4611 1340 4677; x_wconf 80' lang='lat' dir='ltr'><strong>virentium</strong></span> <span class='ocrx_word' id='word_1_571' title='bbox 1352 4614 1403 4675; x_wconf 90' lang='lat' dir='ltr'><strong>est</strong></span> <span class='ocrx_word' id='word_1_572' title='bbox 1414 4630 1487 4692; x_wconf 86' lang='lat' dir='ltr'><strong>quae</strong></span> <span class='ocrx_word' id='word_1_573' title='bbox 1496 4615 1739 4692; x_wconf 89' lang='lat' dir='ltr'><strong>repromittitur</strong></span> <span class='ocrx_word' id='word_1_574' title='bbox 1750 4615 1878 4688; x_wconf 88' lang='lat' dir='ltr'><strong>electis,</strong></span> <span class='ocrx_word' id='word_1_575' title='bbox 1892 4633 1950 4678; x_wconf 91' lang='lat' dir='ltr'><strong>su-</strong></span> 
     </span>
     <span class='ocr_line' id='line_1_67' title="bbox 1158 4711 1950 4790; baseline 0.003 -17"><span class='ocrx_word' id='word_1_576' title='bbox 1158 4727 1218 4788; x_wconf 91' lang='lat' dir='ltr'><strong>per</strong></span> <span class='ocrx_word' id='word_1_577' title='bbox 1243 4725 1340 4788; x_wconf 85' lang='lat' dir='ltr'><strong>quam</strong></span> <span class='ocrx_word' id='word_1_578' title='bbox 1361 4711 1485 4772; x_wconf 87' lang='lat' dir='ltr'><strong>terram</strong></span> <span class='ocrx_word' id='word_1_579' title='bbox 1508 4712 1657 4789; x_wconf 83' lang='lat' dir='ltr'><strong>quisquis</strong></span> <span class='ocrx_word' id='word_1_580' title='bbox 1681 4713 1746 4774; x_wconf 87' lang='lat' dir='ltr'><strong>erit</strong></span> <span class='ocrx_word' id='word_1_581' title='bbox 1770 4713 1950 4790; x_wconf 78' lang='lat' dir='ltr'><strong>longaerus,</strong></span> 
     </span>
     <span class='ocr_line' id='line_1_68' title="bbox 1158 4808 1953 4885; baseline 0.005 -16"><span class='ocrx_word' id='word_1_582' title='bbox 1158 4808 1245 4870; x_wconf 91' lang='lat' dir='ltr'><strong>idest</strong></span> <span class='ocrx_word' id='word_1_583' title='bbox 1257 4809 1347 4870; x_wconf 85' lang='lat' dir='ltr'><strong>vivet</strong></span> <span class='ocrx_word' id='word_1_584' title='bbox 1367 4808 1522 4870; x_wconf 86' lang='lat' dir='ltr'><strong>aeternus.</strong></span> <span class='ocrx_word' id='word_1_585' title='bbox 1540 4808 1646 4871; x_wconf 85' lang='lat' dir='ltr'><strong>Littus</strong></span> <span class='ocrx_word' id='word_1_586' title='bbox 1661 4810 1765 4870; x_wconf 89' lang='lat' dir='ltr'><strong>maris</strong></span> <span class='ocrx_word' id='word_1_587' title='bbox 1788 4809 1953 4885; x_wconf 79' lang='lat' dir='ltr'><strong>significat</strong></span> 
     </span>
     <span class='ocr_line' id='line_1_69' title="bbox 1159 4904 1951 4983; baseline 0.006 -19"><span class='ocrx_word' id='word_1_588' title='bbox 1159 4905 1301 4981; x_wconf 85' lang='lat' dir='ltr'><strong>quietem</strong></span> <span class='ocrx_word' id='word_1_589' title='bbox 1321 4904 1354 4966; x_wconf 88' lang='lat' dir='ltr'><strong>ct</strong></span> <span class='ocrx_word' id='word_1_590' title='bbox 1381 4919 1508 4981; x_wconf 88' lang='lat' dir='ltr'><strong>pacem,</strong></span> <span class='ocrx_word' id='word_1_591' title='bbox 1534 4905 1612 4982; x_wconf 84' lang='lat' dir='ltr'><strong>quia</strong></span> <span class='ocrx_word' id='word_1_592' title='bbox 1632 4907 1719 4967; x_wconf 90' lang='lat' dir='ltr'><strong>Deus</strong></span> <span class='ocrx_word' id='word_1_593' title='bbox 1746 4907 1780 4968; x_wconf 88' lang='lat' dir='ltr'><strong>et</strong></span> <span class='ocrx_word' id='word_1_594' title='bbox 1800 4907 1894 4983; x_wconf 90' lang='lat' dir='ltr'><strong>pacis</strong></span> <span class='ocrx_word' id='word_1_595' title='bbox 1922 4910 1951 4970; x_wconf 90' lang='lat' dir='ltr'><strong>et</strong></span> 
     </span>
     <span class='ocr_line' id='line_1_70' title="bbox 1158 5000 1821 5078; baseline 0.002 -15"><span class='ocrx_word' id='word_1_596' title='bbox 1158 5000 1407 5078; x_wconf 87' lang='lat' dir='ltr'><strong>tranquillitatis</strong></span> <span class='ocrx_word' id='word_1_597' title='bbox 1421 5001 1482 5074; x_wconf 88' lang='lat' dir='ltr'><strong>est,</strong></span> <span class='ocrx_word' id='word_1_598' title='bbox 1499 5017 1565 5063; x_wconf 91' lang='lat' dir='ltr'><strong>non</strong></span> <span class='ocrx_word' id='word_1_599' title='bbox 1578 5003 1821 5065; x_wconf 87' lang='lat' dir='ltr'><strong>amaritudinis.</strong></span> 
     </span>
    </p>

    <p class='ocr_par' dir='ltr' id='par_1_18' title="bbox 1157 5099 1951 5661">
     <span class='ocr_line' id='line_1_71' title="bbox 1198 5099 1948 5175; baseline 0.004 -15"><span class='ocrx_word' id='word_1_600' title='bbox 1198 5099 1275 5160; x_wconf 84' lang='lat' dir='ltr'><strong>Tria</strong></span> <span class='ocrx_word' id='word_1_601' title='bbox 1312 5099 1389 5161; x_wconf 87' lang='lat' dir='ltr'><strong>sunt</strong></span> <span class='ocrx_word' id='word_1_602' title='bbox 1418 5114 1542 5175; x_wconf 85' lang='lat' dir='ltr'><strong>genera</strong></span> <span class='ocrx_word' id='word_1_603' title='bbox 1577 5099 1819 5173; x_wconf 89' lang='lat' dir='ltr'><strong>amaritudinis,</strong></span> <span class='ocrx_word' id='word_1_604' title='bbox 1857 5101 1948 5174; x_wconf 88' lang='lat' dir='ltr'><strong>idest,</strong></span> 
     </span>
     <span class='ocr_line' id='line_1_72' title="bbox 1159 5196 1947 5275; baseline 0.005 -19"><span class='ocrx_word' id='word_1_605' title='bbox 1159 5197 1244 5274; x_wconf 89' lang='lat' dir='ltr'><strong>quod</strong></span> <span class='ocrx_word' id='word_1_606' title='bbox 1259 5196 1360 5258; x_wconf 89' lang='lat' dir='ltr'><strong>habet</strong></span> <span class='ocrx_word' id='word_1_607' title='bbox 1373 5213 1516 5274; x_wconf 87' lang='lat' dir='ltr'><strong>poenam,</strong></span> <span class='ocrx_word' id='word_1_608' title='bbox 1543 5198 1629 5274; x_wconf 87' lang='lat' dir='ltr'><strong>qnod</strong></span> <span class='ocrx_word' id='word_1_609' title='bbox 1645 5196 1744 5259; x_wconf 89' lang='lat' dir='ltr'><strong>habet</strong></span> <span class='ocrx_word' id='word_1_610' title='bbox 1767 5199 1947 5275; x_wconf 84' lang='lat' dir='ltr'><strong>praemium,</strong></span> 
     </span>
     <span class='ocr_line' id='line_1_73' title="bbox 1159 5293 1951 5371; baseline 0.006 -17"><span class='ocrx_word' id='word_1_611' title='bbox 1159 5294 1245 5370; x_wconf 86' lang='lat' dir='ltr'><strong>quod</strong></span> <span class='ocrx_word' id='word_1_612' title='bbox 1260 5293 1534 5356; x_wconf 88' lang='lat' dir='ltr'><strong>habetneutrum.</strong></span> <span class='ocrx_word' id='word_1_613' title='bbox 1548 5293 1741 5356; x_wconf 80' lang='lat' dir='ltr'><strong>Amaritudo</strong></span> <span class='ocrx_word' id='word_1_614' title='bbox 1757 5299 1951 5371; x_wconf 87' lang='lat' dir='ltr'><strong>perversita-</strong></span> 
     </span>
     <span class='ocr_line' id='line_1_74' title="bbox 1157 5385 1951 5471; baseline 0.006 -19"><span class='ocrx_word' id='word_1_615' title='bbox 1157 5385 1212 5453; x_wconf 79' lang='lat' dir='ltr'><strong>tis&#39;</strong></span> <span class='ocrx_word' id='word_1_616' title='bbox 1229 5391 1329 5453; x_wconf 91' lang='lat' dir='ltr'><strong>habet</strong></span> <span class='ocrx_word' id='word_1_617' title='bbox 1365 5405 1507 5467; x_wconf 88' lang='lat' dir='ltr'><strong>poenam,</strong></span> <span class='ocrx_word' id='word_1_618' title='bbox 1544 5391 1677 5468; x_wconf 87' lang='lat' dir='ltr'><strong>quando</strong></span> <span class='ocrx_word' id='word_1_619' title='bbox 1706 5391 1805 5454; x_wconf 93' lang='lat' dir='ltr'><strong>homo</strong></span> <span class='ocrx_word' id='word_1_620' title='bbox 1832 5395 1951 5471; x_wconf 88' lang='lat' dir='ltr'><strong>patitur</strong></span> 
     </span>
     <span class='ocr_line' id='line_1_75' title="bbox 1159 5489 1951 5568; baseline 0.005 -18"><span class='ocrx_word' id='word_1_621' title='bbox 1159 5489 1314 5550; x_wconf 91' lang='lat' dir='ltr'><strong>damnum</strong></span> <span class='ocrx_word' id='word_1_622' title='bbox 1329 5503 1441 5549; x_wconf 91' lang='lat' dir='ltr'><strong>rerum</strong></span> <span class='ocrx_word' id='word_1_623' title='bbox 1463 5503 1609 5562; x_wconf 89' lang='lat' dir='ltr'><strong>suarum,</strong></span> <span class='ocrx_word' id='word_1_624' title='bbox 1631 5489 1789 5566; x_wconf 90' lang='lat' dir='ltr'><strong>injuriam</strong></span> <span class='ocrx_word' id='word_1_625' title='bbox 1805 5495 1951 5568; x_wconf 89' lang='lat' dir='ltr'><strong>corporis</strong></span> 
     </span>
     <span class='ocr_line' id='line_1_76' title="bbox 1159 5584 1950 5661; baseline 0.008 -17"><span class='ocrx_word' id='word_1_626' title='bbox 1159 5585 1256 5645; x_wconf 83' lang='lat' dir='ltr'><strong>suist</strong></span> <span class='ocrx_word' id='word_1_627' title='bbox 1270 5584 1590 5661; x_wconf 83' lang='lat' dir='ltr'><strong>consanguineorum</strong></span> <span class='ocrx_word' id='word_1_628' title='bbox 1610 5601 1745 5648; x_wconf 86' lang='lat' dir='ltr'><strong>suorum</strong></span> <span class='ocrx_word' id='word_1_629' title='bbox 1766 5586 1798 5647; x_wconf 89' lang='lat' dir='ltr'><strong>et</strong></span> <span class='ocrx_word' id='word_1_630' title='bbox 1814 5586 1950 5650; x_wconf 89' lang='lat' dir='ltr'><strong>aliarum</strong></span> 
     </span>
    </p>
   </div>
   <div class='ocr_carea' id='block_1_14' title="bbox 0 0 2046 6420">
    <p class='ocr_par' dir='ltr' id='par_1_19' title="bbox 0 0 2046 6420">
     <span class='ocr_line' id='line_1_77' title="bbox 0 0 2046 6420; baseline 0 0"><span class='ocrx_word' id='word_1_631' title='bbox 0 0 2046 6420; x_wconf 95' lang='lat' dir='ltr'><strong> </strong></span> 
     </span>
    </p>
   </div>
  </div>
 </body>
</html>
