<?xml version="1.0" encoding="UTF-8"?>
<!DOCTYPE html PUBLIC "-//W3C//DTD XHTML 1.0 Transitional//EN"
    "http://www.w3.org/TR/xhtml1/DTD/xhtml1-transitional.dtd">
<html xmlns="http://www.w3.org/1999/xhtml" xml:lang="en" lang="en">
 <head>
  <title>
</title>
<meta http-equiv="Content-Type" content="text/html;charset=utf-8" />
  <meta name='ocr-system' content='tesseract 3.04.00' />
  <meta name='ocr-capabilities' content='ocr_page ocr_carea ocr_par ocr_line ocrx_word'/>
</head>
<body>
  <div class='ocr_page' id='page_1' title='image "./mediiaevibiblio05bottgoog_0401.png"; bbox 0 0 4076 6420; ppageno 0'>
   <div class='ocr_carea' id='block_1_1' title="bbox 311 259 1977 330">
    <p class='ocr_par' dir='ltr' id='par_1_1' title="bbox 311 259 1977 330">
     <span class='ocr_line' id='line_1_1' title="bbox 311 259 1977 330; baseline 0.004 -6"><span class='ocrx_word' id='word_1_1' title='bbox 311 259 373 324; x_wconf 71' lang='lat' dir='ltr'><strong>&#39;izi</strong></span> <span class='ocrx_word' id='word_1_2' title='bbox 778 260 956 328; x_wconf 77' lang='grc' dir='ltr'><strong>ΗΟΝΟΒΠ</strong></span> <span class='ocrx_word' id='word_1_3' title='bbox 976 261 1023 325; x_wconf 92' lang='lat'><strong>111</strong></span> <span class='ocrx_word' id='word_1_4' title='bbox 1043 262 1193 326; x_wconf 77' lang='lat' dir='ltr'>OPERA.</span> <span class='ocrx_word' id='word_1_5' title='bbox 1211 291 1250 308; x_wconf 95' lang='lat'><em>-</em></span> <span class='ocrx_word' id='word_1_6' title='bbox 1265 260 1500 326; x_wconf 77' lang='lat' dir='ltr'>SERMONES.</span> <span class='ocrx_word' id='word_1_7' title='bbox 1914 269 1977 330; x_wconf 77' lang='lat'><strong>724</strong></span> 
     </span>
    </p>
   </div>
   <div class='ocr_carea' id='block_1_2' title="bbox 312 415 1976 5586">
    <p class='ocr_par' dir='ltr' id='par_1_2' title="bbox 312 415 1975 598">
     <span class='ocr_line' id='line_1_2' title="bbox 312 415 1973 502; baseline 0.004 -20"><span class='ocrx_word' id='word_1_8' title='bbox 312 417 350 482; x_wconf 89' lang='lat' dir='ltr'><strong>iu</strong></span> <span class='ocrx_word' id='word_1_9' title='bbox 360 417 423 482; x_wconf 81' lang='lat' dir='ltr'><strong>lud</strong></span> <span class='ocrx_word' id='word_1_10' title='bbox 437 415 623 484; x_wconf 86' lang='lat' dir='ltr'><strong>volutabro.</strong></span> <span class='ocrx_word' id='word_1_11' title='bbox 636 421 706 498; x_wconf 80' lang='lat' dir='ltr'><strong>Ego</strong></span> <span class='ocrx_word' id='word_1_12' title='bbox 720 423 856 501; x_wconf 90' lang='lat' dir='ltr'><strong>opertus</strong></span> <span class='ocrx_word' id='word_1_13' title='bbox 870 423 906 486; x_wconf 88' lang='lat' dir='ltr'><strong>lu</strong></span> <span class='ocrx_word' id='word_1_14' title='bbox 920 423 1108 502; x_wconf 85' lang='lat' dir='ltr'><strong>sepulchro,</strong></span> <span class='ocrx_word' id='word_1_15' title='bbox 1163 423 1239 486; x_wconf 90' lang='lat' dir='ltr'><strong>uvis</strong></span> <span class='ocrx_word' id='word_1_16' title='bbox 1247 423 1337 486; x_wconf 88' lang='lat' dir='ltr'><strong>enim</strong></span> <span class='ocrx_word' id='word_1_17' title='bbox 1345 423 1522 501; x_wconf 78' lang='lat' dir='ltr'><strong>synagoga</strong></span> <span class='ocrx_word' id='word_1_18' title='bbox 1531 419 1611 484; x_wconf 85' lang='lat' dir='ltr'><strong>iecit</strong></span> <span class='ocrx_word' id='word_1_19' title='bbox 1618 417 1805 497; x_wconf 87' lang='lat' dir='ltr'><strong>labruscas,</strong></span> <span class='ocrx_word' id='word_1_20' title='bbox 1815 423 1903 502; x_wconf 88' lang='lat' dir='ltr'><strong>qula</strong></span> <span class='ocrx_word' id='word_1_21' title='bbox 1910 441 1973 502; x_wconf 90' lang='lat' dir='ltr'><strong>pro</strong></span> 
     </span>
     <span class='ocr_line' id='line_1_3' title="bbox 312 516 1975 598; baseline 0.003 -18"><span class='ocrx_word' id='word_1_22' title='bbox 312 516 371 580; x_wconf 85' lang='lat' dir='ltr'><strong>sed</strong></span> <span class='ocrx_word' id='word_1_23' title='bbox 385 517 422 579; x_wconf 90' lang='lat' dir='ltr'><strong>tn</strong></span> <span class='ocrx_word' id='word_1_24' title='bbox 435 519 591 596; x_wconf 90' lang='lat' dir='ltr'><strong>sepeliris</strong></span> <span class='ocrx_word' id='word_1_25' title='bbox 605 519 640 580; x_wconf 92' lang='lat' dir='ltr'><strong>in</strong></span> <span class='ocrx_word' id='word_1_26' title='bbox 654 519 798 582; x_wconf 81' lang='lat' dir='ltr'><strong>interno.</strong></span> <span class='ocrx_word' id='word_1_27' title='bbox 1163 519 1251 584; x_wconf 88' lang='lat' dir='ltr'><strong>bono</strong></span> <span class='ocrx_word' id='word_1_28' title='bbox 1264 521 1409 584; x_wconf 75' lang='lat' dir='ltr'><strong>reddidit</strong></span> <span class='ocrx_word' id='word_1_29' title='bbox 1430 521 1567 591; x_wconf 86' lang='lat' dir='ltr'><strong>malum,</strong></span> <span class='ocrx_word' id='word_1_30' title='bbox 1582 520 1662 598; x_wconf 91' lang='lat' dir='ltr'><strong>quia</strong></span> <span class='ocrx_word' id='word_1_31' title='bbox 1676 520 1824 598; x_wconf 89' lang='lat' dir='ltr'><strong>primum</strong></span> <span class='ocrx_word' id='word_1_32' title='bbox 1846 524 1975 585; x_wconf 86' lang='lat' dir='ltr'><strong>occidit</strong></span> 
     </span>
    </p>

    <p class='ocr_par' dir='ltr' id='par_1_3' title="bbox 313 615 1974 2754">
     <span class='ocr_line' id='line_1_4' title="bbox 352 615 1974 697; baseline 0.004 -21"><span class='ocrx_word' id='word_1_33' title='bbox 352 615 445 688; x_wconf 86' lang='lat' dir='ltr'><strong>Quod</strong></span> <span class='ocrx_word' id='word_1_34' title='bbox 469 631 639 694; x_wconf 78' lang='lat' dir='ltr'><strong>synagoga</strong></span> <span class='ocrx_word' id='word_1_35' title='bbox 652 617 706 679; x_wconf 87' lang='lat' dir='ltr'><strong>vel</strong></span> <span class='ocrx_word' id='word_1_36' title='bbox 721 619 870 682; x_wconf 72' lang='lat' dir='ltr'><strong>Ecclesia</strong></span> <span class='ocrx_word' id='word_1_37' title='bbox 886 617 988 682; x_wconf 72' lang='lat' dir='ltr'><strong>luent</strong></span> <span class='ocrx_word' id='word_1_38' title='bbox 998 620 1108 694; x_wconf 89' lang='lat' dir='ltr'><strong>vinea,</strong></span> <span class='ocrx_word' id='word_1_39' title='bbox 1165 620 1361 697; x_wconf 76' lang='lat' dir='ltr'>Prophetas,</span> <span class='ocrx_word' id='word_1_40' title='bbox 1375 619 1489 697; x_wconf 88' lang='lat' dir='ltr'><strong>postea</strong></span> <span class='ocrx_word' id='word_1_41' title='bbox 1501 619 1671 680; x_wconf 81' lang='lat' dir='ltr'><strong>Christum</strong></span> <span class='ocrx_word' id='word_1_42' title='bbox 1688 619 1886 694; x_wconf 79' lang='lat' dir='ltr'><strong>crucifixit3</strong></span> <span class='ocrx_word' id='word_1_43' title='bbox 1905 623 1974 682; x_wconf 85' lang='lat' dir='ltr'><strong>Ste-</strong></span> 
     </span>
     <span class='ocr_line' id='line_1_5' title="bbox 313 711 1972 798; baseline 0.003 -24"><span class='ocrx_word' id='word_1_44' title='bbox 313 711 525 776; x_wconf 88' lang='lat' dir='ltr'><strong>diciilsaias:</strong></span> <span class='ocrx_word' id='word_1_45' title='bbox 538 717 643 778; x_wconf 80' lang='lat' dir='ltr'><strong>Vinea</strong></span> <span class='ocrx_word' id='word_1_46' title='bbox 651 716 1109 798; x_wconf 65' lang='lat' dir='ltr'><strong>Dmmmsncucintisvn),</strong></span> <span class='ocrx_word' id='word_1_47' title='bbox 1165 717 1312 796; x_wconf 84' lang='lat' dir='ltr'><strong>phanum</strong></span> <span class='ocrx_word' id='word_1_48' title='bbox 1336 716 1509 794; x_wconf 81' lang='lat' dir='ltr'><strong>lapidavit,</strong></span> <span class='ocrx_word' id='word_1_49' title='bbox 1537 717 1714 794; x_wconf 73' lang='lat' dir='ltr'><strong>Apostolos</strong></span> <span class='ocrx_word' id='word_1_50' title='bbox 1739 720 1774 780; x_wconf 90' lang='lat' dir='ltr'><strong>et</strong></span> <span class='ocrx_word' id='word_1_51' title='bbox 1800 719 1972 795; x_wconf 78' lang='lat' dir='ltr'><strong>martyres</strong></span> 
     </span>
     <span class='ocr_line' id='line_1_6' title="bbox 313 809 1972 892; baseline 0.004 -20"><span class='ocrx_word' id='word_1_52' title='bbox 313 809 401 874; x_wconf 87' lang='lat' dir='ltr'><strong>idest</strong></span> <span class='ocrx_word' id='word_1_53' title='bbox 422 813 645 886; x_wconf 78' lang='lat' dir='ltr'><strong>exercituum,</strong></span> <span class='ocrx_word' id='word_1_54' title='bbox 660 813 714 876; x_wconf 87' lang='lat' dir='ltr'><strong>vel</strong></span> <span class='ocrx_word' id='word_1_55' title='bbox 733 813 974 892; x_wconf 88' lang='lat' dir='ltr'><strong>omnipotentis</strong></span> <span class='ocrx_word' id='word_1_56' title='bbox 993 815 1111 877; x_wconf 87' lang='lat' dir='ltr'><strong>domus</strong></span> <span class='ocrx_word' id='word_1_57' title='bbox 1164 815 1287 876; x_wconf 89' lang='lat' dir='ltr'><strong>multos</strong></span> <span class='ocrx_word' id='word_1_58' title='bbox 1311 813 1491 886; x_wconf 77' lang='lat' dir='ltr'><strong>interemit,</strong></span> <span class='ocrx_word' id='word_1_59' title='bbox 1507 814 1596 876; x_wconf 87' lang='lat' dir='ltr'><strong>sicut</strong></span> <span class='ocrx_word' id='word_1_60' title='bbox 1621 815 1782 876; x_wconf 84' lang='lat' dir='ltr'><strong>Dominus</strong></span> <span class='ocrx_word' id='word_1_61' title='bbox 1816 815 1907 878; x_wconf 88' lang='lat' dir='ltr'><strong>dicit</strong></span> <span class='ocrx_word' id='word_1_62' title='bbox 1938 817 1972 878; x_wconf 90' lang='lat' dir='ltr'><strong>iu</strong></span> 
     </span>
     <span class='ocr_line' id='line_1_7' title="bbox 314 907 1972 991; baseline 0.003 -21"><span class='ocrx_word' id='word_1_63' title='bbox 314 907 421 970; x_wconf 86' lang='lat' dir='ltr'><strong>lsrael</strong></span> <span class='ocrx_word' id='word_1_64' title='bbox 439 911 501 971; x_wconf 87' lang='lat' dir='ltr'><strong>est.</strong></span> <span class='ocrx_word' id='word_1_65' title='bbox 523 911 563 972; x_wconf 78' lang='lat' dir='ltr'><strong>ut</strong></span> <span class='ocrx_word' id='word_1_66' title='bbox 585 910 715 972; x_wconf 88' lang='lat' dir='ltr'><strong>David:</strong></span> <span class='ocrx_word' id='word_1_67' title='bbox 742 915 884 974; x_wconf 85' lang='lat' dir='ltr'><strong>Vineam</strong></span> <span class='ocrx_word' id='word_1_68' title='bbox 906 914 1111 991; x_wconf 80' lang='lat' dir='ltr'><strong>deAEpppto</strong></span> <span class='ocrx_word' id='word_1_69' title='bbox 1165 911 1346 990; x_wconf 78' lang='lat' dir='ltr'><strong>Evangelio</strong></span> <span class='ocrx_word' id='word_1_70' title='bbox 1375 933 1384 974; x_wconf 77' lang='lat' dir='ltr'><strong><em>z</em></strong></span> <span class='ocrx_word' id='word_1_71' title='bbox 1416 915 1629 985; x_wconf 74' lang='lat' dir='ltr'><strong>Jmisciern,</strong></span> <span class='ocrx_word' id='word_1_72' title='bbox 1657 915 1864 975; x_wconf 79' lang='lat' dir='ltr'><strong>Jerusalem</strong></span> <span class='ocrx_word' id='word_1_73' title='bbox 1897 929 1972 988; x_wconf 76' lang='lat' dir='ltr'><strong>qim</strong></span> 
     </span>
     <span class='ocr_line' id='line_1_8' title="bbox 315 1005 1966 1089; baseline 0.001 -19"><span class='ocrx_word' id='word_1_74' title='bbox 315 1005 525 1070; x_wconf 72' lang='lat' dir='ltr'><strong>transtulisti</strong></span> <span class='ocrx_word' id='word_1_75' title='bbox 548 1005 619 1086; x_wconf 85' lang='lat' dir='ltr'><strong>(Ps.</strong></span> <span class='ocrx_word' id='word_1_76' title='bbox 643 1009 694 1082; x_wconf 81' lang='lat'><strong>79,</strong></span> <span class='ocrx_word' id='word_1_77' title='bbox 719 1007 765 1089; x_wconf 81' lang='grc'><strong>9).</strong></span> <span class='ocrx_word' id='word_1_78' title='bbox 795 1011 887 1072; x_wconf 78' lang='lat' dir='ltr'><strong>lunc</strong></span> <span class='ocrx_word' id='word_1_79' title='bbox 911 1009 1001 1072; x_wconf 90' lang='lat' dir='ltr'><strong>enim</strong></span> <span class='ocrx_word' id='word_1_80' title='bbox 1023 1013 1111 1072; x_wconf 87' lang='lat' dir='ltr'><strong>Deus</strong></span> <span class='ocrx_word' id='word_1_81' title='bbox 1165 1014 1290 1074; x_wconf 81' lang='lat' dir='ltr'><strong>occidis</strong></span> <span class='ocrx_word' id='word_1_82' title='bbox 1302 1009 1497 1085; x_wconf 75' lang='lat' dir='ltr'><strong>Prophetas</strong></span> <span class='ocrx_word' id='word_1_83' title='bbox 1511 1007 1644 1089; x_wconf 81' lang='lat' dir='ltr'><strong>(Mattb.</strong></span> <span class='ocrx_word' id='word_1_84' title='bbox 1663 1025 1764 1083; x_wconf 87' lang='lat' dir='ltr'><strong>xxm,</strong></span> <span class='ocrx_word' id='word_1_85' title='bbox 1779 1007 1851 1088; x_wconf 78' lang='grc'>37),</span> <span class='ocrx_word' id='word_1_86' title='bbox 1870 1010 1966 1084; x_wconf 86' lang='lat' dir='ltr'><strong>idest,</strong></span> 
     </span>
     <span class='ocr_line' id='line_1_9' title="bbox 314 1103 1971 1186; baseline 0.004 -20"><span class='ocrx_word' id='word_1_87' title='bbox 314 1103 523 1180; x_wconf 90' lang='lat' dir='ltr'><strong>omnipotens</strong></span> <span class='ocrx_word' id='word_1_88' title='bbox 541 1105 675 1168; x_wconf 85' lang='lat' dir='ltr'><strong>vineam</strong></span> <span class='ocrx_word' id='word_1_89' title='bbox 698 1106 739 1170; x_wconf 89' lang='lat' dir='ltr'><strong>de</strong></span> <span class='ocrx_word' id='word_1_90' title='bbox 757 1109 903 1186; x_wconf 79' lang='lat' dir='ltr'><strong>AEgypte</strong></span> <span class='ocrx_word' id='word_1_91' title='bbox 929 1108 1109 1182; x_wconf 82' lang='lat' dir='ltr'><strong>transtulit,</strong></span> <span class='ocrx_word' id='word_1_92' title='bbox 1165 1122 1223 1172; x_wconf 78' lang='lat' dir='ltr'><strong>scs</strong></span> <span class='ocrx_word' id='word_1_93' title='bbox 1236 1111 1295 1183; x_wconf 86' lang='lat' dir='ltr'><strong>qui</strong></span> <span class='ocrx_word' id='word_1_94' title='bbox 1308 1107 1351 1169; x_wconf 93' lang='lat' dir='ltr'><strong>ad</strong></span> <span class='ocrx_word' id='word_1_95' title='bbox 1364 1109 1401 1170; x_wconf 89' lang='lat' dir='ltr'><strong>te</strong></span> <span class='ocrx_word' id='word_1_96' title='bbox 1414 1107 1509 1168; x_wconf 89' lang='lat' dir='ltr'><strong>missi</strong></span> <span class='ocrx_word' id='word_1_97' title='bbox 1528 1107 1615 1170; x_wconf 87' lang='lat' dir='ltr'><strong>sunt.</strong></span> <span class='ocrx_word' id='word_1_98' title='bbox 1635 1108 1730 1180; x_wconf 86' lang='lat' dir='ltr'><strong>Quod</strong></span> <span class='ocrx_word' id='word_1_99' title='bbox 1748 1109 1867 1170; x_wconf 89' lang='lat' dir='ltr'><strong>autem</strong></span> <span class='ocrx_word' id='word_1_100' title='bbox 1888 1109 1971 1172; x_wconf 83' lang='lat' dir='ltr'><strong>dixit</strong></span> 
     </span>
     <span class='ocr_line' id='line_1_10' title="bbox 314 1205 1969 1284; baseline 0.003 -21"><span class='ocrx_word' id='word_1_101' title='bbox 314 1215 390 1263; x_wconf 87' lang='lat' dir='ltr'><strong>cum</strong></span> <span class='ocrx_word' id='word_1_102' title='bbox 403 1217 463 1280; x_wconf 88' lang='lat' dir='ltr'><strong>per</strong></span> <span class='ocrx_word' id='word_1_103' title='bbox 474 1217 608 1264; x_wconf 91' lang='lat' dir='ltr'><strong>manum</strong></span> <span class='ocrx_word' id='word_1_104' title='bbox 623 1205 748 1282; x_wconf 81' lang='lat' dir='ltr'><strong>Moysis</strong></span> <span class='ocrx_word' id='word_1_105' title='bbox 770 1207 957 1268; x_wconf 87' lang='lat' dir='ltr'><strong>israelitam</strong></span> <span class='ocrx_word' id='word_1_106' title='bbox 980 1209 1112 1284; x_wconf 78' lang='lat' dir='ltr'><strong>gentem</strong></span> <span class='ocrx_word' id='word_1_107' title='bbox 1165 1207 1370 1279; x_wconf 74' lang='lat' dir='ltr'><strong>Imisnlcm,</strong></span> <span class='ocrx_word' id='word_1_108' title='bbox 1395 1209 1602 1278; x_wconf 72' lang='lat' dir='ltr'><strong>lenientem,</strong></span> <span class='ocrx_word' id='word_1_109' title='bbox 1617 1205 1772 1282; x_wconf 86' lang='lat' dir='ltr'><strong>repetitio</strong></span> <span class='ocrx_word' id='word_1_110' title='bbox 1800 1207 1857 1268; x_wconf 88' lang='lat' dir='ltr'><strong>est</strong></span> <span class='ocrx_word' id='word_1_111' title='bbox 1887 1222 1969 1268; x_wconf 84' lang='lat' dir='ltr'><strong>cou-</strong></span> 
     </span>
     <span class='ocr_line' id='line_1_11' title="bbox 313 1297 1972 1384; baseline 0.001 -22"><span class='ocrx_word' id='word_1_112' title='bbox 313 1297 563 1378; x_wconf 80' lang='lat' dir='ltr'><strong>deAEgyptiaca</strong></span> <span class='ocrx_word' id='word_1_113' title='bbox 573 1303 732 1366; x_wconf 86' lang='lat' dir='ltr'><strong>servitute</strong></span> <span class='ocrx_word' id='word_1_114' title='bbox 741 1303 1113 1384; x_wconf 85' lang='lat' dir='ltr'><strong>persignaetprcdigia</strong></span> <span class='ocrx_word' id='word_1_115' title='bbox 1166 1303 1359 1382; x_wconf 69' lang='lat' dir='ltr'><strong>questionis</strong></span> <span class='ocrx_word' id='word_1_116' title='bbox 1373 1303 1428 1366; x_wconf 86' lang='lat' dir='ltr'><strong>vel</strong></span> <span class='ocrx_word' id='word_1_117' title='bbox 1446 1301 1769 1366; x_wconf 87' lang='lat' dir='ltr'><strong>communicationis.</strong></span> <span class='ocrx_word' id='word_1_118' title='bbox 1789 1304 1907 1376; x_wconf 87' lang='lat' dir='ltr'><strong>Quasi</strong></span> <span class='ocrx_word' id='word_1_119' title='bbox 1924 1302 1972 1365; x_wconf 91' lang='lat' dir='ltr'><strong>di-</strong></span> 
     </span>
     <span class='ocr_line' id='line_1_12' title="bbox 315 1397 1970 1478; baseline 0.001 -18"><span class='ocrx_word' id='word_1_120' title='bbox 315 1397 462 1460; x_wconf 89' lang='lat' dir='ltr'><strong>maxima</strong></span> <span class='ocrx_word' id='word_1_121' title='bbox 486 1399 633 1462; x_wconf 89' lang='lat' dir='ltr'><strong>liberans</strong></span> <span class='ocrx_word' id='word_1_122' title='bbox 656 1401 691 1463; x_wconf 92' lang='lat' dir='ltr'><strong>in</strong></span> <span class='ocrx_word' id='word_1_123' title='bbox 715 1401 847 1465; x_wconf 88' lang='lat' dir='ltr'><strong>deserto</strong></span> <span class='ocrx_word' id='word_1_124' title='bbox 871 1402 997 1476; x_wconf 85' lang='lat' dir='ltr'><strong>eduxit,</strong></span> <span class='ocrx_word' id='word_1_125' title='bbox 1021 1403 1055 1466; x_wconf 90' lang='lat' dir='ltr'><strong>et</strong></span> <span class='ocrx_word' id='word_1_126' title='bbox 1077 1402 1112 1464; x_wconf 91' lang='lat' dir='ltr'><strong>in</strong></span> <span class='ocrx_word' id='word_1_127' title='bbox 1166 1401 1487 1470; x_wconf 73' lang='lat' dir='ltr'><strong>ceretzlemsalem,</strong></span> <span class='ocrx_word' id='word_1_128' title='bbox 1498 1403 1568 1478; x_wconf 82' lang='lat' dir='ltr'><strong>Ego</strong></span> <span class='ocrx_word' id='word_1_129' title='bbox 1581 1401 1739 1463; x_wconf 88' lang='lat' dir='ltr'><strong>constitui</strong></span> <span class='ocrx_word' id='word_1_130' title='bbox 1748 1402 1782 1463; x_wconf 90' lang='lat' dir='ltr'><strong>te</strong></span> <span class='ocrx_word' id='word_1_131' title='bbox 1794 1401 1970 1462; x_wconf 89' lang='lat' dir='ltr'><strong>dominam</strong></span> 
     </span>
     <span class='ocr_line' id='line_1_13' title="bbox 315 1495 1971 1578; baseline 0.003 -23"><span class='ocrx_word' id='word_1_132' title='bbox 315 1495 548 1573; x_wconf 88' lang='lat' dir='ltr'><strong>promissionis</strong></span> <span class='ocrx_word' id='word_1_133' title='bbox 574 1498 667 1560; x_wconf 84' lang='lat' dir='ltr'><strong>terra</strong></span> <span class='ocrx_word' id='word_1_134' title='bbox 692 1501 900 1577; x_wconf 90' lang='lat' dir='ltr'><strong>postmodum</strong></span> <span class='ocrx_word' id='word_1_135' title='bbox 925 1501 1111 1564; x_wconf 85' lang='lat' dir='ltr'><strong>collocavit.</strong></span> <span class='ocrx_word' id='word_1_136' title='bbox 1166 1499 1325 1578; x_wconf 87' lang='lat' dir='ltr'><strong>gentium,</strong></span> <span class='ocrx_word' id='word_1_137' title='bbox 1349 1499 1384 1561; x_wconf 89' lang='lat' dir='ltr'><strong>et</strong></span> <span class='ocrx_word' id='word_1_138' title='bbox 1405 1498 1589 1577; x_wconf 89' lang='lat' dir='ltr'><strong>principem</strong></span> <span class='ocrx_word' id='word_1_139' title='bbox 1612 1499 1889 1576; x_wconf 69' lang='lat' dir='ltr'><strong>provinciarum</strong></span> <span class='ocrx_word' id='word_1_140' title='bbox 1917 1499 1971 1560; x_wconf 91' lang='lat' dir='ltr'><strong>sed</strong></span> 
     </span>
     <span class='ocr_line' id='line_1_14' title="bbox 314 1591 1973 1676; baseline 0.002 -22"><span class='ocrx_word' id='word_1_141' title='bbox 314 1591 433 1670; x_wconf 86' lang='lat' dir='ltr'><strong>inqua</strong></span> <span class='ocrx_word' id='word_1_142' title='bbox 453 1594 635 1657; x_wconf 87' lang='lat' dir='ltr'><strong>secundam</strong></span> <span class='ocrx_word' id='word_1_143' title='bbox 648 1597 843 1659; x_wconf 70' lang='lat' dir='ltr'><strong>velinnium</strong></span> <span class='ocrx_word' id='word_1_144' title='bbox 856 1599 953 1662; x_wconf 74' lang='lat' dir='ltr'><strong>isaias</strong></span> <span class='ocrx_word' id='word_1_145' title='bbox 967 1599 1111 1662; x_wconf 88' lang='lat' dir='ltr'><strong>dicitur:</strong></span> <span class='ocrx_word' id='word_1_146' title='bbox 1167 1597 1245 1676; x_wconf 88' lang='lat' dir='ltr'><strong>quia</strong></span> <span class='ocrx_word' id='word_1_147' title='bbox 1273 1596 1398 1660; x_wconf 90' lang='lat' dir='ltr'><strong>occidis</strong></span> <span class='ocrx_word' id='word_1_148' title='bbox 1422 1596 1607 1675; x_wconf 86' lang='lat' dir='ltr'><strong>Prophetas</strong></span> <span class='ocrx_word' id='word_1_149' title='bbox 1630 1597 1664 1660; x_wconf 90' lang='lat' dir='ltr'><strong>et</strong></span> <span class='ocrx_word' id='word_1_150' title='bbox 1686 1597 1869 1658; x_wconf 90' lang='lat' dir='ltr'><strong>Dominum</strong></span> <span class='ocrx_word' id='word_1_151' title='bbox 1895 1613 1973 1674; x_wconf 89' lang='lat' dir='ltr'><strong>prc-</strong></span> 
     </span>
     <span class='ocr_line' id='line_1_15' title="bbox 321 1691 1972 1773; baseline 0.003 -22"><span class='ocrx_word' id='word_1_152' title='bbox 321 1691 429 1752; x_wconf 81' lang='lat' dir='ltr'><strong>thea</strong></span> <span class='ocrx_word' id='word_1_153' title='bbox 445 1691 604 1764; x_wconf 60' lang='lat' dir='ltr'><strong>saciant</strong></span> <span class='ocrx_word' id='word_1_154' title='bbox 621 1694 744 1756; x_wconf 75' lang='lat' dir='ltr'><strong>duecte</strong></span> <span class='ocrx_word' id='word_1_155' title='bbox 766 1697 804 1755; x_wconf 90' lang='lat' dir='ltr'><strong>tn</strong></span> <span class='ocrx_word' id='word_1_156' title='bbox 825 1709 935 1758; x_wconf 81' lang='lat' dir='ltr'><strong>cornu</strong></span> <span class='ocrx_word' id='word_1_157' title='bbox 957 1699 1027 1770; x_wconf 74' lang='lat' dir='ltr'><strong>litio</strong></span> <span class='ocrx_word' id='word_1_158' title='bbox 1049 1701 1113 1761; x_wconf 88' lang='lat' dir='ltr'><strong>ciel</strong></span> <span class='ocrx_word' id='word_1_159' title='bbox 1167 1695 1352 1773; x_wconf 83' lang='lat' dir='ltr'><strong>puetarum,</strong></span> <span class='ocrx_word' id='word_1_160' title='bbox 1375 1695 1565 1772; x_wconf 76' lang='lat' dir='ltr'><strong>demergam</strong></span> <span class='ocrx_word' id='word_1_161' title='bbox 1588 1695 1621 1758; x_wconf 90' lang='lat' dir='ltr'><strong>te</strong></span> <span class='ocrx_word' id='word_1_162' title='bbox 1643 1695 1680 1757; x_wconf 89' lang='lat' dir='ltr'><strong>in</strong></span> <span class='ocrx_word' id='word_1_163' title='bbox 1706 1694 1894 1756; x_wconf 79' lang='lat' dir='ltr'><strong>internum.</strong></span> <span class='ocrx_word' id='word_1_164' title='bbox 1915 1697 1972 1758; x_wconf 87' lang='lat' dir='ltr'><strong>Jo-</strong></span> 
     </span>
     <span class='ocr_line' id='line_1_16' title="bbox 317 1783 1970 1869; baseline 0.003 -21"><span class='ocrx_word' id='word_1_165' title='bbox 317 1783 377 1866; x_wconf 87' lang='lat' dir='ltr'><strong>(is.</strong></span> <span class='ocrx_word' id='word_1_166' title='bbox 392 1802 425 1860; x_wconf 89' lang='lat' dir='ltr'><strong>v,</strong></span> <span class='ocrx_word' id='word_1_167' title='bbox 442 1785 487 1868; x_wconf 89' lang='lat' dir='ltr'><strong>l),</strong></span> <span class='ocrx_word' id='word_1_168' title='bbox 503 1787 582 1866; x_wconf 86' lang='lat' dir='ltr'><strong>quia</strong></span> <span class='ocrx_word' id='word_1_169' title='bbox 599 1787 780 1866; x_wconf 89' lang='lat' dir='ltr'><strong>insignum</strong></span> <span class='ocrx_word' id='word_1_170' title='bbox 801 1791 1000 1866; x_wconf 82' lang='lat' dir='ltr'><strong>dilectionis,</strong></span> <span class='ocrx_word' id='word_1_171' title='bbox 1019 1811 1115 1857; x_wconf 90' lang='lat' dir='ltr'><strong>men·</strong></span> <span class='ocrx_word' id='word_1_172' title='bbox 1167 1793 1329 1865; x_wconf 90' lang='lat' dir='ltr'><strong>rusalem,</strong></span> <span class='ocrx_word' id='word_1_173' title='bbox 1360 1792 1524 1855; x_wconf 88' lang='lat' dir='ltr'><strong>honoravi</strong></span> <span class='ocrx_word' id='word_1_174' title='bbox 1559 1793 1594 1854; x_wconf 89' lang='lat' dir='ltr'><strong>te</strong></span> <span class='ocrx_word' id='word_1_175' title='bbox 1624 1791 1748 1869; x_wconf 88' lang='lat' dir='ltr'><strong>templo</strong></span> <span class='ocrx_word' id='word_1_176' title='bbox 1777 1793 1812 1854; x_wconf 91' lang='lat' dir='ltr'><strong>et</strong></span> <span class='ocrx_word' id='word_1_177' title='bbox 1846 1809 1970 1855; x_wconf 87' lang='lat' dir='ltr'><strong>sacer-</strong></span> 
     </span>
     <span class='ocr_line' id='line_1_17' title="bbox 315 1882 1970 1968; baseline 0.002 -20"><span class='ocrx_word' id='word_1_178' title='bbox 315 1882 417 1948; x_wconf 88' lang='lat' dir='ltr'><strong>tionis</strong></span> <span class='ocrx_word' id='word_1_179' title='bbox 441 1885 635 1964; x_wconf 82' lang='lat' dir='ltr'><strong>mysterium</strong></span> <span class='ocrx_word' id='word_1_180' title='bbox 649 1889 787 1968; x_wconf 89' lang='lat' dir='ltr'><strong>accepit,</strong></span> <span class='ocrx_word' id='word_1_181' title='bbox 803 1890 911 1966; x_wconf 89' lang='lat' dir='ltr'><strong>regni,</strong></span> <span class='ocrx_word' id='word_1_182' title='bbox 927 1891 1065 1966; x_wconf 89' lang='lat' dir='ltr'><strong>scillcet,</strong></span> <span class='ocrx_word' id='word_1_183' title='bbox 1081 1893 1115 1956; x_wconf 88' lang='lat' dir='ltr'><strong>et</strong></span> <span class='ocrx_word' id='word_1_184' title='bbox 1168 1889 1270 1964; x_wconf 88' lang='lat' dir='ltr'><strong>detio,</strong></span> <span class='ocrx_word' id='word_1_185' title='bbox 1285 1892 1319 1953; x_wconf 89' lang='lat' dir='ltr'><strong>et</strong></span> <span class='ocrx_word' id='word_1_186' title='bbox 1340 1889 1435 1966; x_wconf 86' lang='lat' dir='ltr'><strong>regui</strong></span> <span class='ocrx_word' id='word_1_187' title='bbox 1458 1890 1619 1968; x_wconf 82' lang='lat' dir='ltr'><strong>dignitate</strong></span> <span class='ocrx_word' id='word_1_188' title='bbox 1634 1909 1644 1952; x_wconf 82' lang='lat' dir='ltr'><strong>i</strong></span> <span class='ocrx_word' id='word_1_189' title='bbox 1659 1889 1718 1952; x_wconf 89' lang='lat' dir='ltr'><strong>sed</strong></span> <span class='ocrx_word' id='word_1_190' title='bbox 1737 1890 1817 1968; x_wconf 87' lang='lat' dir='ltr'><strong>quia</strong></span> <span class='ocrx_word' id='word_1_191' title='bbox 1834 1890 1970 1968; x_wconf 89' lang='lat' dir='ltr'><strong>lapidas</strong></span> 
     </span>
     <span class='ocr_line' id='line_1_18' title="bbox 316 1979 1971 2068; baseline 0.004 -26"><span class='ocrx_word' id='word_1_192' title='bbox 316 1979 506 2048; x_wconf 86' lang='lat' dir='ltr'><strong>sacerdotii.</strong></span> <span class='ocrx_word' id='word_1_193' title='bbox 529 1985 670 2064; x_wconf 86' lang='lat' dir='ltr'><strong>Propter</strong></span> <span class='ocrx_word' id='word_1_194' title='bbox 694 1987 781 2064; x_wconf 90' lang='lat' dir='ltr'><strong>quod</strong></span> <span class='ocrx_word' id='word_1_195' title='bbox 812 1987 991 2052; x_wconf 84' lang='lat' dir='ltr'><strong>Zacharias</strong></span> <span class='ocrx_word' id='word_1_196' title='bbox 1019 1991 1116 2068; x_wconf 89' lang='lat' dir='ltr'><strong>pater</strong></span> <span class='ocrx_word' id='word_1_197' title='bbox 1168 1988 1302 2066; x_wconf 89' lang='lat' dir='ltr'><strong>eosqui</strong></span> <span class='ocrx_word' id='word_1_198' title='bbox 1324 1989 1500 2050; x_wconf 88' lang='lat' dir='ltr'><strong>mittuntur</strong></span> <span class='ocrx_word' id='word_1_199' title='bbox 1512 1987 1555 2049; x_wconf 90' lang='lat' dir='ltr'><strong>ad</strong></span> <span class='ocrx_word' id='word_1_200' title='bbox 1568 1991 1613 2062; x_wconf 89' lang='lat' dir='ltr'><strong>te,</strong></span> <span class='ocrx_word' id='word_1_201' title='bbox 1629 2002 1697 2050; x_wconf 91' lang='lat' dir='ltr'><strong>nou</strong></span> <span class='ocrx_word' id='word_1_202' title='bbox 1716 1987 1916 2066; x_wconf 78' lang='lat' dir='ltr'><strong>relinquam</strong></span> <span class='ocrx_word' id='word_1_203' title='bbox 1939 1989 1971 2048; x_wconf 94' lang='lat' dir='ltr'><strong>in</strong></span> 
     </span>
     <span class='ocr_line' id='line_1_19' title="bbox 316 2079 1970 2164; baseline 0.001 -20"><span class='ocrx_word' id='word_1_204' title='bbox 316 2079 456 2144; x_wconf 81' lang='lat' dir='ltr'><strong>ioannis</strong></span> <span class='ocrx_word' id='word_1_205' title='bbox 485 2081 644 2158; x_wconf 81' lang='lat' dir='ltr'><strong>Baptistae</strong></span> <span class='ocrx_word' id='word_1_206' title='bbox 673 2081 715 2145; x_wconf 93' lang='lat' dir='ltr'><strong>de</strong></span> <span class='ocrx_word' id='word_1_207' title='bbox 744 2083 894 2160; x_wconf 83' lang='lat' dir='ltr'><strong>christo,</strong></span> <span class='ocrx_word' id='word_1_208' title='bbox 927 2087 984 2164; x_wconf 90' lang='lat' dir='ltr'><strong>qui</strong></span> <span class='ocrx_word' id='word_1_209' title='bbox 1013 2103 1114 2150; x_wconf 89' lang='lat' dir='ltr'><strong>verus</strong></span> <span class='ocrx_word' id='word_1_210' title='bbox 1167 2087 1202 2148; x_wconf 89' lang='lat' dir='ltr'><strong>te</strong></span> <span class='ocrx_word' id='word_1_211' title='bbox 1228 2084 1372 2163; x_wconf 88' lang='lat' dir='ltr'><strong>lapidem</strong></span> <span class='ocrx_word' id='word_1_212' title='bbox 1400 2101 1501 2164; x_wconf 88' lang='lat' dir='ltr'><strong>supra</strong></span> <span class='ocrx_word' id='word_1_213' title='bbox 1527 2085 1685 2164; x_wconf 88' lang='lat' dir='ltr'><strong>lapidem,</strong></span> <span class='ocrx_word' id='word_1_214' title='bbox 1714 2100 1754 2147; x_wconf 89' lang='lat' dir='ltr'><strong>eo</strong></span> <span class='ocrx_word' id='word_1_215' title='bbox 1781 2085 1874 2163; x_wconf 92' lang='lat' dir='ltr'><strong>quod</strong></span> <span class='ocrx_word' id='word_1_216' title='bbox 1905 2101 1970 2146; x_wconf 89' lang='lat' dir='ltr'><strong>nou</strong></span> 
     </span>
     <span class='ocr_line' id='line_1_20' title="bbox 317 2179 1971 2262; baseline 0.002 -22"><span class='ocrx_word' id='word_1_217' title='bbox 317 2179 391 2240; x_wconf 88' lang='lat' dir='ltr'><strong>erat</strong></span> <span class='ocrx_word' id='word_1_218' title='bbox 401 2193 464 2240; x_wconf 90' lang='lat' dir='ltr'><strong>rex</strong></span> <span class='ocrx_word' id='word_1_219' title='bbox 478 2179 511 2242; x_wconf 90' lang='lat' dir='ltr'><strong>et</strong></span> <span class='ocrx_word' id='word_1_220' title='bbox 523 2180 690 2254; x_wconf 87' lang='lat' dir='ltr'><strong>sacerdos,</strong></span> <span class='ocrx_word' id='word_1_221' title='bbox 702 2182 759 2259; x_wconf 91' lang='lat' dir='ltr'><strong>qui</strong></span> <span class='ocrx_word' id='word_1_222' title='bbox 769 2199 836 2244; x_wconf 91' lang='lat' dir='ltr'><strong>non</strong></span> <span class='ocrx_word' id='word_1_223' title='bbox 848 2184 1015 2247; x_wconf 73' lang='lat' dir='ltr'><strong>matemall</strong></span> <span class='ocrx_word' id='word_1_224' title='bbox 1027 2184 1113 2259; x_wconf 91' lang='lat' dir='ltr'><strong>oleo,</strong></span> <span class='ocrx_word' id='word_1_225' title='bbox 1169 2182 1364 2260; x_wconf 78' lang='lat' dir='ltr'><strong>cognoveris</strong></span> <span class='ocrx_word' id='word_1_226' title='bbox 1387 2183 1517 2262; x_wconf 90' lang='lat' dir='ltr'><strong>tempus</strong></span> <span class='ocrx_word' id='word_1_227' title='bbox 1537 2183 1738 2246; x_wconf 83' lang='lat' dir='ltr'><strong>visitationis</strong></span> <span class='ocrx_word' id='word_1_228' title='bbox 1760 2183 1842 2246; x_wconf 76' lang='lat' dir='ltr'><strong>tuas.</strong></span> <span class='ocrx_word' id='word_1_229' title='bbox 1874 2183 1971 2245; x_wconf 86' lang='lat' dir='ltr'><strong>Unde</strong></span> 
     </span>
     <span class='ocr_line' id='line_1_21' title="bbox 317 2273 1971 2362; baseline 0.004 -26"><span class='ocrx_word' id='word_1_230' title='bbox 317 2273 376 2337; x_wconf 88' lang='lat' dir='ltr'><strong>sed</strong></span> <span class='ocrx_word' id='word_1_231' title='bbox 402 2276 570 2354; x_wconf 82' lang='lat' dir='ltr'><strong>spirituali</strong></span> <span class='ocrx_word' id='word_1_232' title='bbox 592 2279 710 2340; x_wconf 74' lang='lat' dir='ltr'><strong>unmus</strong></span> <span class='ocrx_word' id='word_1_233' title='bbox 725 2282 799 2344; x_wconf 89' lang='lat' dir='ltr'><strong>eret</strong></span> <span class='ocrx_word' id='word_1_234' title='bbox 811 2297 880 2360; x_wconf 79' lang='lat' dir='ltr'><strong>pres</strong></span> <span class='ocrx_word' id='word_1_235' title='bbox 897 2281 1114 2362; x_wconf 82' lang='lat' dir='ltr'><strong>participibus</strong></span> <span class='ocrx_word' id='word_1_236' title='bbox 1168 2281 1332 2346; x_wconf 82' lang='lat' dir='ltr'><strong>ieremias</strong></span> <span class='ocrx_word' id='word_1_237' title='bbox 1346 2303 1355 2343; x_wconf 74' lang='lat' dir='ltr'>x</span> <span class='ocrx_word' id='word_1_238' title='bbox 1368 2284 1497 2346; x_wconf 69' lang='lat' dir='ltr'><strong>Mirus</strong></span> <span class='ocrx_word' id='word_1_239' title='bbox 1509 2285 1548 2343; x_wconf 88' lang='lat' dir='ltr'><strong>tn</strong></span> <span class='ocrx_word' id='word_1_240' title='bbox 1560 2287 1642 2344; x_wconf 86' lang='lat' dir='ltr'><strong>coelo</strong></span> <span class='ocrx_word' id='word_1_241' title='bbox 1660 2281 1820 2358; x_wconf 79' lang='lat' dir='ltr'><strong>wpnovit</strong></span> <span class='ocrx_word' id='word_1_242' title='bbox 1831 2281 1971 2356; x_wconf 72' lang='lat' dir='ltr'><strong>temptes</strong></span> 
     </span>
     <span class='ocr_line' id='line_1_22' title="bbox 317 2371 1971 2454; baseline 0.005 -21"><span class='ocrx_word' id='word_1_243' title='bbox 317 2371 401 2446; x_wconf 90' lang='lat' dir='ltr'><strong>suis,</strong></span> <span class='ocrx_word' id='word_1_244' title='bbox 425 2373 507 2437; x_wconf 87' lang='lat' dir='ltr'><strong>dicit</strong></span> <span class='ocrx_word' id='word_1_245' title='bbox 522 2395 530 2436; x_wconf 73' lang='grc' dir='ltr'><strong>ε</strong></span> <span class='ocrx_word' id='word_1_246' title='bbox 546 2378 676 2438; x_wconf 76' lang='lat' dir='ltr'><strong>Erexit</strong></span> <span class='ocrx_word' id='word_1_247' title='bbox 697 2381 794 2440; x_wconf 76' lang='lat' dir='ltr'><strong>nobis</strong></span> <span class='ocrx_word' id='word_1_248' title='bbox 816 2383 985 2442; x_wconf 77' lang='lat' dir='ltr'><strong>Dominus</strong></span> <span class='ocrx_word' id='word_1_249' title='bbox 1006 2396 1116 2444; x_wconf 85' lang='lat' dir='ltr'><strong>cornu</strong></span> <span class='ocrx_word' id='word_1_250' title='bbox 1168 2395 1287 2454; x_wconf 66' lang='lat' dir='ltr'><strong>suurn·</strong></span> <span class='ocrx_word' id='word_1_251' title='bbox 1309 2378 1439 2452; x_wconf 86' lang='lat' dir='ltr'><strong>turtur,</strong></span> <span class='ocrx_word' id='word_1_252' title='bbox 1464 2381 1629 2452; x_wconf 74' lang='lat' dir='ltr'><strong>hirundo,</strong></span> <span class='ocrx_word' id='word_1_253' title='bbox 1645 2379 1680 2442; x_wconf 88' lang='lat' dir='ltr'><strong>ei</strong></span> <span class='ocrx_word' id='word_1_254' title='bbox 1701 2382 1837 2442; x_wconf 86' lang='lat' dir='ltr'><strong>ciconia</strong></span> <span class='ocrx_word' id='word_1_255' title='bbox 1860 2380 1971 2441; x_wconf 78' lang='lat' dir='ltr'><strong>miste</strong></span> 
     </span>
     <span class='ocr_line' id='line_1_23' title="bbox 317 2471 1972 2555; baseline 0.003 -21"><span class='ocrx_word' id='word_1_256' title='bbox 317 2471 440 2534; x_wconf 80' lang='lat' dir='ltr'><strong>salutis</strong></span> <span class='ocrx_word' id='word_1_257' title='bbox 452 2471 546 2553; x_wconf 86' lang='lat' dir='ltr'><strong>(Luc.</strong></span> <span class='ocrx_word' id='word_1_258' title='bbox 564 2475 593 2548; x_wconf 90' lang='lat' dir='ltr'><strong>l,</strong></span> <span class='ocrx_word' id='word_1_259' title='bbox 606 2471 672 2554; x_wconf 84' lang='grc'>69),</span> <span class='ocrx_word' id='word_1_260' title='bbox 687 2474 783 2549; x_wconf 88' lang='lat' dir='ltr'><strong>idest,</strong></span> <span class='ocrx_word' id='word_1_261' title='bbox 794 2477 979 2555; x_wconf 89' lang='lat' dir='ltr'><strong>principem</strong></span> <span class='ocrx_word' id='word_1_262' title='bbox 997 2479 1115 2552; x_wconf 79' lang='lat' dir='ltr'><strong>salutis</strong></span> <span class='ocrx_word' id='word_1_263' title='bbox 1168 2477 1308 2540; x_wconf 62' lang='lat' dir='ltr'><strong>dement</strong></span> <span class='ocrx_word' id='word_1_264' title='bbox 1322 2478 1457 2551; x_wconf 72' lang='lat' dir='ltr'><strong>temptas</strong></span> <span class='ocrx_word' id='word_1_265' title='bbox 1470 2477 1639 2540; x_wconf 81' lang='lat' dir='ltr'><strong>adventus</strong></span> <span class='ocrx_word' id='word_1_266' title='bbox 1651 2480 1890 2552; x_wconf 64' lang='lat' dir='ltr'><strong>inceperimus</strong></span> <span class='ocrx_word' id='word_1_267' title='bbox 1908 2493 1972 2539; x_wconf 76' lang='lat' dir='ltr'><strong>asr-</strong></span> 
     </span>
     <span class='ocr_line' id='line_1_24' title="bbox 317 2565 1971 2652; baseline 0.004 -22"><span class='ocrx_word' id='word_1_268' title='bbox 317 2565 359 2630; x_wconf 91' lang='lat' dir='ltr'><strong>de</strong></span> <span class='ocrx_word' id='word_1_269' title='bbox 378 2569 475 2633; x_wconf 92' lang='lat' dir='ltr'><strong>domo</strong></span> <span class='ocrx_word' id='word_1_270' title='bbox 490 2571 605 2634; x_wconf 90' lang='lat' dir='ltr'><strong>David.</strong></span> <span class='ocrx_word' id='word_1_271' title='bbox 626 2575 698 2635; x_wconf 84' lang='lat' dir='ltr'><strong>Hoc</strong></span> <span class='ocrx_word' id='word_1_272' title='bbox 717 2571 777 2646; x_wconf 87' lang='lat' dir='ltr'><strong>est,</strong></span> <span class='ocrx_word' id='word_1_273' title='bbox 799 2573 987 2638; x_wconf 88' lang='lat' dir='ltr'><strong>desemine</strong></span> <span class='ocrx_word' id='word_1_274' title='bbox 1010 2577 1115 2640; x_wconf 90' lang='lat' dir='ltr'><strong>David</strong></span> <span class='ocrx_word' id='word_1_275' title='bbox 1170 2575 1241 2638; x_wconf 88' lang='lat' dir='ltr'><strong>tem</strong></span> <span class='ocrx_word' id='word_1_276' title='bbox 1259 2590 1358 2638; x_wconf 77' lang='lat' dir='ltr'><strong>menis</strong></span> <span class='ocrx_word' id='word_1_277' title='bbox 1380 2590 1450 2638; x_wconf 89' lang='lat' dir='ltr'><strong>non</strong></span> <span class='ocrx_word' id='word_1_278' title='bbox 1471 2576 1814 2652; x_wconf 76' lang='lat' dir='ltr'><strong>connovitjudieium</strong></span> <span class='ocrx_word' id='word_1_279' title='bbox 1827 2579 1971 2638; x_wconf 86' lang='lat' dir='ltr'><strong>Domini</strong></span> 
     </span>
     <span class='ocr_line' id='line_1_25' title="bbox 317 2666 1971 2754; baseline 0.003 -26"><span class='ocrx_word' id='word_1_280' title='bbox 317 2666 413 2746; x_wconf 88' lang='lat' dir='ltr'><strong>pueri</strong></span> <span class='ocrx_word' id='word_1_281' title='bbox 429 2667 493 2731; x_wconf 86' lang='lat' dir='ltr'><strong>sui.</strong></span> <span class='ocrx_word' id='word_1_282' title='bbox 1171 2672 1306 2754; x_wconf 78' lang='lat' dir='ltr'><strong>(ierem.</strong></span> <span class='ocrx_word' id='word_1_283' title='bbox 1340 2687 1419 2746; x_wconf 84' lang='lat' dir='ltr'><strong>vm,</strong></span> <span class='ocrx_word' id='word_1_284' title='bbox 1448 2671 1495 2751; x_wconf 81' lang='lat'><strong>7).</strong></span> <span class='ocrx_word' id='word_1_285' title='bbox 1525 2673 1619 2735; x_wconf 90' lang='lat' dir='ltr'><strong>Unde</strong></span> <span class='ocrx_word' id='word_1_286' title='bbox 1653 2673 1740 2735; x_wconf 90' lang='lat' dir='ltr'><strong>sicut</strong></span> <span class='ocrx_word' id='word_1_287' title='bbox 1772 2671 1905 2734; x_wconf 91' lang='lat' dir='ltr'><strong>dicitur</strong></span> <span class='ocrx_word' id='word_1_288' title='bbox 1938 2673 1971 2733; x_wconf 93' lang='lat' dir='ltr'><strong>iu</strong></span> 
     </span>
    </p>

    <p class='ocr_par' dir='ltr' id='par_1_4' title="bbox 359 2764 1973 2850">
     <span class='ocr_line' id='line_1_26' title="bbox 359 2764 1973 2850; baseline 0.005 -26"><span class='ocrx_word' id='word_1_289' title='bbox 359 2764 448 2827; x_wconf 85' lang='lat' dir='ltr'><strong>Mala</strong></span> <span class='ocrx_word' id='word_1_290' title='bbox 471 2781 551 2844; x_wconf 88' lang='lat' dir='ltr'><strong>ergo</strong></span> <span class='ocrx_word' id='word_1_291' title='bbox 567 2767 646 2832; x_wconf 89' lang='lat' dir='ltr'><strong>vitis</strong></span> <span class='ocrx_word' id='word_1_292' title='bbox 671 2771 723 2833; x_wconf 87' lang='lat' dir='ltr'><strong>est</strong></span> <span class='ocrx_word' id='word_1_293' title='bbox 749 2785 935 2850; x_wconf 82' lang='lat' dir='ltr'><strong>synagoga,</strong></span> <span class='ocrx_word' id='word_1_294' title='bbox 951 2772 1030 2850; x_wconf 92' lang='lat' dir='ltr'><strong>quia</strong></span> <span class='ocrx_word' id='word_1_295' title='bbox 1048 2787 1115 2836; x_wconf 90' lang='lat' dir='ltr'><strong>non</strong></span> <span class='ocrx_word' id='word_1_296' title='bbox 1170 2771 1297 2850; x_wconf 86' lang='lat' dir='ltr'><strong>psalmo</strong></span> <span class='ocrx_word' id='word_1_297' title='bbox 1323 2791 1331 2833; x_wconf 76' lang='grc' dir='ltr'><strong><em>ε</em></strong></span> <span class='ocrx_word' id='word_1_298' title='bbox 1357 2771 1568 2848; x_wconf 77' lang='lat' dir='ltr'><strong>Effuderunt</strong></span> <span class='ocrx_word' id='word_1_299' title='bbox 1600 2774 1807 2847; x_wconf 77' lang='lat' dir='ltr'><strong>sangninem</strong></span> <span class='ocrx_word' id='word_1_300' title='bbox 1846 2785 1973 2832; x_wconf 84' lang='lat' dir='ltr'><strong>eornm</strong></span> 
     </span>
    </p>

    <p class='ocr_par' dir='ltr' id='par_1_5' title="bbox 319 2861 1976 4701">
     <span class='ocr_line' id='line_1_27' title="bbox 320 2861 1973 2945; baseline 0.004 -23"><span class='ocrx_word' id='word_1_301' title='bbox 320 2861 479 2940; x_wconf 89' lang='lat' dir='ltr'><strong>produxit</strong></span> <span class='ocrx_word' id='word_1_302' title='bbox 487 2881 604 2928; x_wconf 85' lang='lat' dir='ltr'><strong>verum</strong></span> <span class='ocrx_word' id='word_1_303' title='bbox 614 2867 803 2942; x_wconf 89' lang='lat' dir='ltr'><strong>vinum,sed</strong></span> <span class='ocrx_word' id='word_1_304' title='bbox 819 2871 959 2934; x_wconf 87' lang='lat' dir='ltr'><strong>acetum.</strong></span> <span class='ocrx_word' id='word_1_305' title='bbox 972 2870 1116 2934; x_wconf 83' lang='lat' dir='ltr'><strong>lniorme</strong></span> <span class='ocrx_word' id='word_1_306' title='bbox 1169 2868 1259 2932; x_wconf 82' lang='lat' dir='ltr'><strong>sieut</strong></span> <span class='ocrx_word' id='word_1_307' title='bbox 1272 2883 1400 2945; x_wconf 79' lang='lat' dir='ltr'><strong>uquam</strong></span> <span class='ocrx_word' id='word_1_308' title='bbox 1413 2873 1450 2930; x_wconf 88' lang='lat' dir='ltr'><strong>in</strong></span> <span class='ocrx_word' id='word_1_309' title='bbox 1463 2869 1612 2931; x_wconf 80' lang='lat' dir='ltr'><strong>circuitu</strong></span> <span class='ocrx_word' id='word_1_310' title='bbox 1624 2870 1833 2938; x_wconf 76' lang='lat' dir='ltr'><strong>Jemisuiem,</strong></span> <span class='ocrx_word' id='word_1_311' title='bbox 1850 2868 1887 2928; x_wconf 88' lang='lat' dir='ltr'><strong>et</strong></span> <span class='ocrx_word' id='word_1_312' title='bbox 1904 2883 1973 2929; x_wconf 74' lang='lat' dir='ltr'><strong>sion</strong></span> 
     </span>
     <span class='ocr_line' id='line_1_28' title="bbox 321 2960 1972 3046; baseline 0.004 -26"><span class='ocrx_word' id='word_1_313' title='bbox 321 2960 373 3021; x_wconf 87' lang='lat' dir='ltr'><strong>est</strong></span> <span class='ocrx_word' id='word_1_314' title='bbox 399 2961 513 3024; x_wconf 88' lang='lat' dir='ltr'><strong>vinum</strong></span> <span class='ocrx_word' id='word_1_315' title='bbox 540 2980 604 3042; x_wconf 95' lang='lat' dir='ltr'><strong>quo</strong></span> <span class='ocrx_word' id='word_1_316' title='bbox 627 2964 712 3026; x_wconf 85' lang='lat' dir='ltr'><strong>ebrii</strong></span> <span class='ocrx_word' id='word_1_317' title='bbox 737 2966 972 3030; x_wconf 84' lang='lat' dir='ltr'><strong>inebriantur:</strong></span> <span class='ocrx_word' id='word_1_318' title='bbox 994 2969 1117 3030; x_wconf 88' lang='lat' dir='ltr'><strong>Vinum</strong></span> <span class='ocrx_word' id='word_1_319' title='bbox 1171 2968 1247 3030; x_wconf 85' lang='lat' dir='ltr'><strong>erat</strong></span> <span class='ocrx_word' id='word_1_320' title='bbox 1268 2970 1327 3041; x_wconf 83' lang='lat' dir='ltr'><strong>qut</strong></span> <span class='ocrx_word' id='word_1_321' title='bbox 1349 2967 1510 3041; x_wconf 83' lang='lat' dir='ltr'><strong>sepeliret</strong></span> <span class='ocrx_word' id='word_1_322' title='bbox 1533 2964 1603 3046; x_wconf 88' lang='lat' dir='ltr'><strong>(Ps.</strong></span> <span class='ocrx_word' id='word_1_323' title='bbox 1623 2966 1674 3038; x_wconf 84' lang='lat'><strong>78,</strong></span> <span class='ocrx_word' id='word_1_324' title='bbox 1693 2963 1740 3045; x_wconf 85' lang='lat'><strong>3).</strong></span> <span class='ocrx_word' id='word_1_325' title='bbox 1759 2963 1872 3027; x_wconf 86' lang='lat' dir='ltr'><strong>Judaei</strong></span> <span class='ocrx_word' id='word_1_326' title='bbox 1892 2966 1972 3026; x_wconf 91' lang='lat' dir='ltr'><strong>tuuc</strong></span> 
     </span>
     <span class='ocr_line' id='line_1_29' title="bbox 321 3055 1973 3142; baseline 0.003 -25"><span class='ocrx_word' id='word_1_327' title='bbox 321 3055 458 3120; x_wconf 79' lang='lat' dir='ltr'><strong>malitiae</strong></span> <span class='ocrx_word' id='word_1_328' title='bbox 483 3060 571 3136; x_wconf 91' lang='lat' dir='ltr'><strong>quod</strong></span> <span class='ocrx_word' id='word_1_329' title='bbox 602 3061 708 3125; x_wconf 81' lang='lat' dir='ltr'><strong>effluit</strong></span> <span class='ocrx_word' id='word_1_330' title='bbox 734 3063 774 3126; x_wconf 89' lang='lat' dir='ltr'><strong>de</strong></span> <span class='ocrx_word' id='word_1_331' title='bbox 801 3079 866 3128; x_wconf 88' lang='lat' dir='ltr'><strong>uva</strong></span> <span class='ocrx_word' id='word_1_332' title='bbox 894 3064 1004 3138; x_wconf 83' lang='lat' dir='ltr'><strong>tellis,</strong></span> <span class='ocrx_word' id='word_1_333' title='bbox 1036 3065 1069 3128; x_wconf 87' lang='lat' dir='ltr'><strong>et</strong></span> <span class='ocrx_word' id='word_1_334' title='bbox 1096 3081 1117 3128; x_wconf 93' lang='lat' dir='ltr'><strong>a</strong></span> <span class='ocrx_word' id='word_1_335' title='bbox 1170 3064 1363 3142; x_wconf 89' lang='lat' dir='ltr'><strong>dejecerunt</strong></span> <span class='ocrx_word' id='word_1_336' title='bbox 1385 3063 1553 3126; x_wconf 85' lang='lat' dir='ltr'><strong>Christum</strong></span> <span class='ocrx_word' id='word_1_337' title='bbox 1572 3063 1612 3124; x_wconf 88' lang='lat' dir='ltr'><strong>de</strong></span> <span class='ocrx_word' id='word_1_338' title='bbox 1627 3061 1725 3124; x_wconf 88' lang='lat' dir='ltr'><strong>corda</strong></span> <span class='ocrx_word' id='word_1_339' title='bbox 1744 3076 1817 3134; x_wconf 90' lang='lat' dir='ltr'><strong>suo,</strong></span> <span class='ocrx_word' id='word_1_340' title='bbox 1836 3061 1973 3140; x_wconf 88' lang='lat' dir='ltr'><strong>quando</strong></span> 
     </span>
     <span class='ocr_line' id='line_1_30' title="bbox 321 3151 1974 3238; baseline 0.004 -24"><span class='ocrx_word' id='word_1_341' title='bbox 321 3151 453 3216; x_wconf 87' lang='lat' dir='ltr'><strong>diabolo</strong></span> <span class='ocrx_word' id='word_1_342' title='bbox 474 3155 606 3218; x_wconf 91' lang='lat' dir='ltr'><strong>initium</strong></span> <span class='ocrx_word' id='word_1_343' title='bbox 629 3157 756 3232; x_wconf 87' lang='lat' dir='ltr'><strong>habuit,</strong></span> <span class='ocrx_word' id='word_1_344' title='bbox 780 3160 836 3238; x_wconf 94' lang='lat' dir='ltr'><strong>qui</strong></span> <span class='ocrx_word' id='word_1_345' title='bbox 861 3161 1117 3225; x_wconf 86' lang='lat' dir='ltr'><strong>amaritudinem</strong></span> <span class='ocrx_word' id='word_1_346' title='bbox 1171 3177 1247 3224; x_wconf 91' lang='lat' dir='ltr'><strong>eum</strong></span> <span class='ocrx_word' id='word_1_347' title='bbox 1271 3161 1473 3234; x_wconf 87' lang='lat' dir='ltr'><strong>occiderunt,</strong></span> <span class='ocrx_word' id='word_1_348' title='bbox 1494 3161 1581 3224; x_wconf 88' lang='lat' dir='ltr'><strong>sicut</strong></span> <span class='ocrx_word' id='word_1_349' title='bbox 1603 3159 1683 3222; x_wconf 88' lang='lat' dir='ltr'><strong>dicit</strong></span> <span class='ocrx_word' id='word_1_350' title='bbox 1702 3159 1884 3236; x_wconf 73' lang='lat' dir='ltr'><strong>Apostolus</strong></span> <span class='ocrx_word' id='word_1_351' title='bbox 1909 3181 1917 3218; x_wconf 92' lang='lat'><strong>:</strong></span> <span class='ocrx_word' id='word_1_352' title='bbox 1938 3162 1974 3222; x_wconf 83' lang='lat' dir='ltr'><strong>Si</strong></span> 
     </span>
     <span class='ocr_line' id='line_1_31' title="bbox 319 3251 1974 3338; baseline 0.005 -26"><span class='ocrx_word' id='word_1_353' title='bbox 319 3251 447 3328; x_wconf 89' lang='lat' dir='ltr'><strong>peccati</strong></span> <span class='ocrx_word' id='word_1_354' title='bbox 459 3253 617 3318; x_wconf 87' lang='lat' dir='ltr'><strong>etmortis</strong></span> <span class='ocrx_word' id='word_1_355' title='bbox 631 3256 776 3320; x_wconf 85' lang='lat' dir='ltr'><strong>humano</strong></span> <span class='ocrx_word' id='word_1_356' title='bbox 788 3259 903 3335; x_wconf 88' lang='lat' dir='ltr'><strong>generi</strong></span> <span class='ocrx_word' id='word_1_357' title='bbox 915 3259 1115 3338; x_wconf 87' lang='lat' dir='ltr'><strong>propinavit,</strong></span> <span class='ocrx_word' id='word_1_358' title='bbox 1171 3260 1427 3337; x_wconf 70' lang='lat' dir='ltr'><strong>cognovissent,</strong></span> <span class='ocrx_word' id='word_1_359' title='bbox 1445 3273 1623 3334; x_wconf 83' lang='lat' dir='ltr'><strong>nunquam</strong></span> <span class='ocrx_word' id='word_1_360' title='bbox 1639 3260 1830 3322; x_wconf 81' lang='lat' dir='ltr'><strong>Dominam</strong></span> <span class='ocrx_word' id='word_1_361' title='bbox 1848 3261 1974 3335; x_wconf 76' lang='lat' dir='ltr'><strong>glorie</strong></span> 
     </span>
     <span class='ocr_line' id='line_1_32' title="bbox 321 3348 1664 3437; baseline 0.005 -27"><span class='ocrx_word' id='word_1_362' title='bbox 321 3363 386 3426; x_wconf 89' lang='lat' dir='ltr'><strong>quo</strong></span> <span class='ocrx_word' id='word_1_363' title='bbox 415 3348 587 3414; x_wconf 86' lang='lat' dir='ltr'><strong>ebriantur</strong></span> <span class='ocrx_word' id='word_1_364' title='bbox 616 3353 723 3433; x_wconf 89' lang='lat' dir='ltr'><strong>iniqui</strong></span> <span class='ocrx_word' id='word_1_365' title='bbox 752 3355 938 3419; x_wconf 77' lang='lat' dir='ltr'><strong>conformes</strong></span> <span class='ocrx_word' id='word_1_366' title='bbox 966 3357 999 3422; x_wconf 88' lang='lat' dir='ltr'><strong>ei</strong></span> <span class='ocrx_word' id='word_1_367' title='bbox 1025 3357 1116 3421; x_wconf 74' lang='lat' dir='ltr'><strong>ised.</strong></span> <span class='ocrx_word' id='word_1_368' title='bbox 1171 3359 1428 3432; x_wconf 71' lang='lat' dir='ltr'><strong>enmnrusent</strong></span> <span class='ocrx_word' id='word_1_369' title='bbox 1438 3355 1467 3437; x_wconf 89' lang='lat' dir='ltr'><strong>(l</strong></span> <span class='ocrx_word' id='word_1_370' title='bbox 1482 3358 1556 3418; x_wconf 86' lang='lat' dir='ltr'><strong>Gor.</strong></span> <span class='ocrx_word' id='word_1_371' title='bbox 1569 3371 1606 3429; x_wconf 93' lang='lat'><strong>11,</strong></span> <span class='ocrx_word' id='word_1_372' title='bbox 1618 3354 1664 3436; x_wconf 88' lang='lat'><strong>8).</strong></span> 
     </span>
     <span class='ocr_line' id='line_1_33' title="bbox 319 3447 1972 3533; baseline 0.004 -26"><span class='ocrx_word' id='word_1_373' title='bbox 319 3447 441 3510; x_wconf 86' lang='lat' dir='ltr'><strong>Vinum</strong></span> <span class='ocrx_word' id='word_1_374' title='bbox 456 3449 635 3529; x_wconf 77' lang='lat' dir='ltr'><strong>molastlae3</strong></span> <span class='ocrx_word' id='word_1_375' title='bbox 658 3452 744 3531; x_wconf 93' lang='lat' dir='ltr'><strong>quod</strong></span> <span class='ocrx_word' id='word_1_376' title='bbox 761 3455 894 3518; x_wconf 88' lang='lat' dir='ltr'><strong>emanat</strong></span> <span class='ocrx_word' id='word_1_377' title='bbox 908 3455 949 3518; x_wconf 88' lang='lat' dir='ltr'><strong>de</strong></span> <span class='ocrx_word' id='word_1_378' title='bbox 962 3455 1117 3519; x_wconf 88' lang='lat' dir='ltr'><strong>labrusca</strong></span> <span class='ocrx_word' id='word_1_379' title='bbox 1212 3455 1444 3533; x_wconf 82' lang='lat' dir='ltr'><strong>cognoverunt</strong></span> <span class='ocrx_word' id='word_1_380' title='bbox 1471 3470 1547 3516; x_wconf 89' lang='lat' dir='ltr'><strong>eum</strong></span> <span class='ocrx_word' id='word_1_381' title='bbox 1576 3454 1610 3516; x_wconf 92' lang='lat' dir='ltr'><strong>et</strong></span> <span class='ocrx_word' id='word_1_382' title='bbox 1635 3469 1702 3515; x_wconf 91' lang='lat' dir='ltr'><strong>non</strong></span> <span class='ocrx_word' id='word_1_383' title='bbox 1728 3453 1972 3530; x_wconf 83' lang='lat' dir='ltr'><strong>cognovemmt</strong></span> 
     </span>
     <span class='ocr_line' id='line_1_34' title="bbox 319 3544 1974 3633; baseline 0.002 -25"><span class='ocrx_word' id='word_1_384' title='bbox 319 3544 521 3609; x_wconf 89' lang='lat' dir='ltr'><strong>conditionis</strong></span> <span class='ocrx_word' id='word_1_385' title='bbox 540 3548 706 3624; x_wconf 83' lang='lat' dir='ltr'><strong>humanae,</strong></span> <span class='ocrx_word' id='word_1_386' title='bbox 726 3569 799 3630; x_wconf 74' lang='lat' dir='ltr'><strong>que</strong></span> <span class='ocrx_word' id='word_1_387' title='bbox 818 3553 957 3616; x_wconf 91' lang='lat' dir='ltr'><strong>Domino</strong></span> <span class='ocrx_word' id='word_1_388' title='bbox 977 3570 1037 3616; x_wconf 90' lang='lat' dir='ltr'><strong>suo</strong></span> <span class='ocrx_word' id='word_1_389' title='bbox 1057 3571 1117 3633; x_wconf 90' lang='lat' dir='ltr'><strong>pro</strong></span> <span class='ocrx_word' id='word_1_390' title='bbox 1171 3553 1404 3632; x_wconf 78' lang='lat' dir='ltr'><strong>coguoverunt</strong></span> <span class='ocrx_word' id='word_1_391' title='bbox 1422 3568 1499 3614; x_wconf 88' lang='lat' dir='ltr'><strong>aum</strong></span> <span class='ocrx_word' id='word_1_392' title='bbox 1521 3567 1595 3612; x_wconf 87' lang='lat' dir='ltr'><strong>esse</strong></span> <span class='ocrx_word' id='word_1_393' title='bbox 1619 3551 1798 3622; x_wconf 84' lang='lat' dir='ltr'><strong>Christum,</strong></span> <span class='ocrx_word' id='word_1_394' title='bbox 1818 3551 1881 3612; x_wconf 91' lang='lat' dir='ltr'><strong>sed</strong></span> <span class='ocrx_word' id='word_1_395' title='bbox 1906 3567 1974 3613; x_wconf 93' lang='lat' dir='ltr'><strong>non</strong></span> 
     </span>
     <span class='ocr_line' id='line_1_35' title="bbox 320 3643 1974 3730; baseline 0.002 -24"><span class='ocrx_word' id='word_1_396' title='bbox 320 3643 399 3706; x_wconf 87' lang='lat' dir='ltr'><strong>vino</strong></span> <span class='ocrx_word' id='word_1_397' title='bbox 418 3645 548 3708; x_wconf 88' lang='lat' dir='ltr'><strong>acetum</strong></span> <span class='ocrx_word' id='word_1_398' title='bbox 573 3647 760 3726; x_wconf 89' lang='lat' dir='ltr'><strong>iniquitatis</strong></span> <span class='ocrx_word' id='word_1_399' title='bbox 781 3652 945 3729; x_wconf 88' lang='lat' dir='ltr'><strong>apposuit,</strong></span> <span class='ocrx_word' id='word_1_400' title='bbox 960 3669 1024 3730; x_wconf 94' lang='lat' dir='ltr'><strong>quo</strong></span> <span class='ocrx_word' id='word_1_401' title='bbox 1039 3653 1117 3716; x_wconf 92' lang='lat' dir='ltr'><strong>vino</strong></span> <span class='ocrx_word' id='word_1_402' title='bbox 1172 3651 1397 3728; x_wconf 88' lang='lat' dir='ltr'><strong>cognoverunt</strong></span> <span class='ocrx_word' id='word_1_403' title='bbox 1412 3665 1485 3713; x_wconf 90' lang='lat' dir='ltr'><strong>esse</strong></span> <span class='ocrx_word' id='word_1_404' title='bbox 1499 3652 1613 3712; x_wconf 90' lang='lat' dir='ltr'><strong>Deum.</strong></span> <span class='ocrx_word' id='word_1_405' title='bbox 1624 3649 1707 3722; x_wconf 87' lang='lat' dir='ltr'><strong>Quia</strong></span> <span class='ocrx_word' id='word_1_406' title='bbox 1721 3647 1882 3710; x_wconf 87' lang='lat' dir='ltr'><strong>videbant</strong></span> <span class='ocrx_word' id='word_1_407' title='bbox 1896 3666 1974 3710; x_wconf 89' lang='lat' dir='ltr'><strong>eum</strong></span> 
     </span>
     <span class='ocr_line' id='line_1_36' title="bbox 322 3725 1972 3826; baseline 0.004 -24"><span class='ocrx_word' id='word_1_408' title='bbox 322 3741 472 3820; x_wconf 88' lang='lat' dir='ltr'><strong>quisquis</strong></span> <span class='ocrx_word' id='word_1_409' title='bbox 484 3725 670 3809; x_wconf 74' lang='lat' dir='ltr'><strong>inebriatur</strong></span> <span class='ocrx_word' id='word_1_410' title='bbox 683 3763 750 3810; x_wconf 90' lang='lat' dir='ltr'><strong>non</strong></span> <span class='ocrx_word' id='word_1_411' title='bbox 769 3748 911 3826; x_wconf 79' lang='lat' dir='ltr'><strong>inlust03</strong></span> <span class='ocrx_word' id='word_1_412' title='bbox 928 3750 986 3811; x_wconf 89' lang='lat' dir='ltr'><strong>sed</strong></span> <span class='ocrx_word' id='word_1_413' title='bbox 999 3751 1117 3813; x_wconf 88' lang='lat' dir='ltr'><strong>meritc</strong></span> <span class='ocrx_word' id='word_1_414' title='bbox 1172 3750 1334 3813; x_wconf 90' lang='lat' dir='ltr'><strong>miracula</strong></span> <span class='ocrx_word' id='word_1_415' title='bbox 1356 3748 1545 3818; x_wconf 80' lang='lat' dir='ltr'><strong>facientem,</strong></span> <span class='ocrx_word' id='word_1_416' title='bbox 1566 3749 1713 3810; x_wconf 86' lang='lat' dir='ltr'><strong>mortuos</strong></span> <span class='ocrx_word' id='word_1_417' title='bbox 1739 3745 1972 3820; x_wconf 89' lang='lat' dir='ltr'><strong>suscitantem,</strong></span> 
     </span>
     <span class='ocr_line' id='line_1_37' title="bbox 321 3841 1972 3926; baseline 0.003 -24"><span class='ocrx_word' id='word_1_418' title='bbox 321 3841 448 3918; x_wconf 88' lang='lat' dir='ltr'><strong>peccati</strong></span> <span class='ocrx_word' id='word_1_419' title='bbox 463 3843 516 3904; x_wconf 90' lang='lat' dir='ltr'><strong>sui</strong></span> <span class='ocrx_word' id='word_1_420' title='bbox 531 3859 551 3905; x_wconf 90' lang='lat' dir='ltr'><strong>a</strong></span> <span class='ocrx_word' id='word_1_421' title='bbox 566 3846 634 3906; x_wconf 89' lang='lat' dir='ltr'><strong>Deo</strong></span> <span class='ocrx_word' id='word_1_422' title='bbox 653 3845 717 3907; x_wconf 88' lang='lat' dir='ltr'><strong>boc</strong></span> <span class='ocrx_word' id='word_1_423' title='bbox 733 3846 860 3924; x_wconf 86' lang='lat' dir='ltr'><strong>perpeti</strong></span> <span class='ocrx_word' id='word_1_424' title='bbox 874 3847 1117 3926; x_wconf 85' lang='lat' dir='ltr'><strong>comprobatur.</strong></span> <span class='ocrx_word' id='word_1_425' title='bbox 1172 3847 1320 3926; x_wconf 86' lang='lat' dir='ltr'><strong>leprosos</strong></span> <span class='ocrx_word' id='word_1_426' title='bbox 1339 3844 1563 3919; x_wconf 86' lang='lat' dir='ltr'><strong>mundantem,</strong></span> <span class='ocrx_word' id='word_1_427' title='bbox 1580 3860 1686 3908; x_wconf 74' lang='lat' dir='ltr'><strong>cecos</strong></span> <span class='ocrx_word' id='word_1_428' title='bbox 1709 3844 1972 3918; x_wconf 83' lang='lat' dir='ltr'><strong>illuminantem,</strong></span> 
     </span>
     <span class='ocr_line' id='line_1_38' title="bbox 321 3936 1974 4022; baseline 0.004 -24"><span class='ocrx_word' id='word_1_429' title='bbox 321 3936 443 4000; x_wconf 88' lang='lat' dir='ltr'><strong>Vinum</strong></span> <span class='ocrx_word' id='word_1_430' title='bbox 467 3941 595 4016; x_wconf 85' lang='lat' dir='ltr'><strong>gratiae,</strong></span> <span class='ocrx_word' id='word_1_431' title='bbox 612 3943 699 4020; x_wconf 93' lang='lat' dir='ltr'><strong>quod</strong></span> <span class='ocrx_word' id='word_1_432' title='bbox 719 3959 763 4004; x_wconf 89' lang='lat' dir='ltr'><strong>ex</strong></span> <span class='ocrx_word' id='word_1_433' title='bbox 787 3942 1006 4022; x_wconf 84' lang='lat' dir='ltr'><strong>botroCypri,</strong></span> <span class='ocrx_word' id='word_1_434' title='bbox 1021 3945 1117 4020; x_wconf 90' lang='lat' dir='ltr'><strong>idest,</strong></span> <span class='ocrx_word' id='word_1_435' title='bbox 1172 3946 1206 4008; x_wconf 91' lang='lat' dir='ltr'><strong>et</strong></span> <span class='ocrx_word' id='word_1_436' title='bbox 1223 3960 1336 4007; x_wconf 89' lang='lat' dir='ltr'><strong>omnes</strong></span> <span class='ocrx_word' id='word_1_437' title='bbox 1359 3944 1446 4006; x_wconf 89' lang='lat' dir='ltr'><strong>male</strong></span> <span class='ocrx_word' id='word_1_438' title='bbox 1467 3942 1628 4006; x_wconf 88' lang='lat' dir='ltr'><strong>habentes</strong></span> <span class='ocrx_word' id='word_1_439' title='bbox 1651 3944 1836 4014; x_wconf 88' lang='lat' dir='ltr'><strong>curantem,</strong></span> <span class='ocrx_word' id='word_1_440' title='bbox 1854 3943 1974 4004; x_wconf 88' lang='lat' dir='ltr'><strong>crede-</strong></span> 
     </span>
     <span class='ocr_line' id='line_1_39' title="bbox 321 4033 1972 4121; baseline 0.004 -26"><span class='ocrx_word' id='word_1_441' title='bbox 321 4033 476 4112; x_wconf 83' lang='lat' dir='ltr'><strong>largitate</strong></span> <span class='ocrx_word' id='word_1_442' title='bbox 500 4037 658 4111; x_wconf 89' lang='lat' dir='ltr'><strong>decurrit,</strong></span> <span class='ocrx_word' id='word_1_443' title='bbox 679 4041 712 4103; x_wconf 88' lang='lat' dir='ltr'><strong>et</strong></span> <span class='ocrx_word' id='word_1_444' title='bbox 732 4041 796 4104; x_wconf 88' lang='lat' dir='ltr'><strong>hoe</strong></span> <span class='ocrx_word' id='word_1_445' title='bbox 817 4043 868 4104; x_wconf 89' lang='lat' dir='ltr'><strong>est</strong></span> <span class='ocrx_word' id='word_1_446' title='bbox 886 4043 1030 4104; x_wconf 89' lang='lat' dir='ltr'><strong>mustum</strong></span> <span class='ocrx_word' id='word_1_447' title='bbox 1054 4059 1118 4121; x_wconf 91' lang='lat' dir='ltr'><strong>quo</strong></span> <span class='ocrx_word' id='word_1_448' title='bbox 1172 4042 1252 4106; x_wconf 91' lang='lat' dir='ltr'><strong>bant</strong></span> <span class='ocrx_word' id='word_1_449' title='bbox 1263 4059 1339 4106; x_wconf 88' lang='lat' dir='ltr'><strong>oum</strong></span> <span class='ocrx_word' id='word_1_450' title='bbox 1349 4058 1422 4105; x_wconf 88' lang='lat' dir='ltr'><strong>esse</strong></span> <span class='ocrx_word' id='word_1_451' title='bbox 1433 4041 1612 4104; x_wconf 85' lang='lat' dir='ltr'><strong>Christum.</strong></span> <span class='ocrx_word' id='word_1_452' title='bbox 1625 4039 1708 4113; x_wconf 88' lang='lat' dir='ltr'><strong>Quia</strong></span> <span class='ocrx_word' id='word_1_453' title='bbox 1721 4039 1882 4102; x_wconf 87' lang='lat' dir='ltr'><strong>viderunt</strong></span> <span class='ocrx_word' id='word_1_454' title='bbox 1897 4057 1972 4104; x_wconf 89' lang='lat' dir='ltr'><strong>eum</strong></span> 
     </span>
     <span class='ocr_line' id='line_1_40' title="bbox 323 4131 1971 4216; baseline 0.003 -25"><span class='ocrx_word' id='word_1_455' title='bbox 323 4131 384 4192; x_wconf 86' lang='lat' dir='ltr'><strong>lilii</strong></span> <span class='ocrx_word' id='word_1_456' title='bbox 406 4136 520 4210; x_wconf 90' lang='lat' dir='ltr'><strong>sponsi</strong></span> <span class='ocrx_word' id='word_1_457' title='bbox 546 4135 728 4210; x_wconf 83' lang='lat' dir='ltr'><strong>ebriantur,</strong></span> <span class='ocrx_word' id='word_1_458' title='bbox 752 4138 785 4200; x_wconf 92' lang='lat' dir='ltr'><strong>et</strong></span> <span class='ocrx_word' id='word_1_459' title='bbox 810 4139 951 4202; x_wconf 85' lang='lat' dir='ltr'><strong>mittitur</strong></span> <span class='ocrx_word' id='word_1_460' title='bbox 971 4140 1007 4201; x_wconf 93' lang='lat' dir='ltr'><strong>in</strong></span> <span class='ocrx_word' id='word_1_461' title='bbox 1028 4141 1118 4204; x_wconf 89' lang='lat' dir='ltr'><strong>utres</strong></span> <span class='ocrx_word' id='word_1_462' title='bbox 1173 4139 1319 4202; x_wconf 86' lang='lat' dir='ltr'><strong>humana</strong></span> <span class='ocrx_word' id='word_1_463' title='bbox 1338 4137 1527 4216; x_wconf 88' lang='lat' dir='ltr'><strong>patientem,</strong></span> <span class='ocrx_word' id='word_1_464' title='bbox 1544 4136 1666 4198; x_wconf 79' lang='lat' dir='ltr'><strong>famem</strong></span> <span class='ocrx_word' id='word_1_465' title='bbox 1678 4134 1846 4204; x_wconf 86' lang='lat' dir='ltr'><strong>videlicet,</strong></span> <span class='ocrx_word' id='word_1_466' title='bbox 1868 4136 1971 4210; x_wconf 90' lang='lat' dir='ltr'><strong>sitim,</strong></span> 
     </span>
     <span class='ocr_line' id='line_1_41' title="bbox 322 4233 1973 4314; baseline 0.004 -25"><span class='ocrx_word' id='word_1_467' title='bbox 322 4242 438 4291; x_wconf 88' lang='lat' dir='ltr'><strong>novos.</strong></span> <span class='ocrx_word' id='word_1_468' title='bbox 455 4233 591 4303; x_wconf 90' lang='lat' dir='ltr'><strong>Quando</strong></span> <span class='ocrx_word' id='word_1_469' title='bbox 613 4234 702 4295; x_wconf 90' lang='lat' dir='ltr'><strong>enim</strong></span> <span class='ocrx_word' id='word_1_470' title='bbox 723 4235 883 4297; x_wconf 88' lang='lat' dir='ltr'><strong>Dominus</strong></span> <span class='ocrx_word' id='word_1_471' title='bbox 906 4237 1071 4314; x_wconf 89' lang='lat' dir='ltr'><strong>pendebat</strong></span> <span class='ocrx_word' id='word_1_472' title='bbox 1083 4239 1119 4300; x_wconf 91' lang='lat' dir='ltr'><strong>in</strong></span> <span class='ocrx_word' id='word_1_473' title='bbox 1172 4236 1353 4310; x_wconf 86' lang='lat' dir='ltr'><strong>tristitiam,</strong></span> <span class='ocrx_word' id='word_1_474' title='bbox 1368 4235 1599 4298; x_wconf 87' lang='lat' dir='ltr'><strong>lassitudinem</strong></span> <span class='ocrx_word' id='word_1_475' title='bbox 1619 4234 1651 4296; x_wconf 87' lang='lat' dir='ltr'><strong>et</strong></span> <span class='ocrx_word' id='word_1_476' title='bbox 1670 4236 1792 4295; x_wconf 73' lang='lat' dir='ltr'><strong>cetera</strong></span> <span class='ocrx_word' id='word_1_477' title='bbox 1814 4249 1892 4311; x_wconf 74' lang='lat' dir='ltr'><strong>quae</strong></span> <span class='ocrx_word' id='word_1_478' title='bbox 1907 4233 1973 4294; x_wconf 88' lang='lat' dir='ltr'><strong>hu-</strong></span> 
     </span>
     <span class='ocr_line' id='line_1_42' title="bbox 323 4329 1975 4412; baseline 0.002 -22"><span class='ocrx_word' id='word_1_479' title='bbox 323 4341 421 4390; x_wconf 88' lang='lat' dir='ltr'><strong>cruce</strong></span> <span class='ocrx_word' id='word_1_480' title='bbox 441 4329 474 4391; x_wconf 90' lang='lat' dir='ltr'><strong>et</strong></span> <span class='ocrx_word' id='word_1_481' title='bbox 494 4329 607 4393; x_wconf 90' lang='lat' dir='ltr'><strong>dixit:</strong></span> <span class='ocrx_word' id='word_1_482' title='bbox 632 4333 718 4394; x_wconf 80' lang='lat' dir='ltr'><strong>sitio</strong></span> <span class='ocrx_word' id='word_1_483' title='bbox 744 4333 881 4394; x_wconf 82' lang='lat' dir='ltr'><strong>:Judaei</strong></span> <span class='ocrx_word' id='word_1_484' title='bbox 899 4339 1121 4412; x_wconf 86' lang='lat' dir='ltr'><strong>porrexerunt</strong></span> <span class='ocrx_word' id='word_1_485' title='bbox 1173 4349 1281 4398; x_wconf 75' lang='lat' dir='ltr'><strong>manae</strong></span> <span class='ocrx_word' id='word_1_486' title='bbox 1304 4333 1507 4396; x_wconf 86' lang='lat' dir='ltr'><strong>infirmitatis</strong></span> <span class='ocrx_word' id='word_1_487' title='bbox 1529 4331 1607 4394; x_wconf 90' lang='lat' dir='ltr'><strong>sunt</strong></span> <span class='ocrx_word' id='word_1_488' title='bbox 1629 4330 1774 4408; x_wconf 87' lang='lat' dir='ltr'><strong>propria,</strong></span> <span class='ocrx_word' id='word_1_489' title='bbox 1799 4347 1869 4392; x_wconf 90' lang='lat' dir='ltr'><strong>non</strong></span> <span class='ocrx_word' id='word_1_490' title='bbox 1895 4349 1975 4408; x_wconf 89' lang='lat' dir='ltr'><strong>cog-</strong></span> 
     </span>
     <span class='ocr_line' id='line_1_43' title="bbox 322 4423 1974 4504; baseline 0.007 -18"><span class='ocrx_word' id='word_1_491' title='bbox 322 4423 354 4486; x_wconf 93' lang='lat' dir='ltr'><strong>ei</strong></span> <span class='ocrx_word' id='word_1_492' title='bbox 370 4427 510 4489; x_wconf 88' lang='lat' dir='ltr'><strong>acetum.</strong></span> <span class='ocrx_word' id='word_1_493' title='bbox 527 4429 602 4490; x_wconf 89' lang='lat' dir='ltr'><strong>Non</strong></span> <span class='ocrx_word' id='word_1_494' title='bbox 617 4429 706 4491; x_wconf 89' lang='lat' dir='ltr'><strong>enim</strong></span> <span class='ocrx_word' id='word_1_495' title='bbox 720 4429 871 4494; x_wconf 83' lang='lat' dir='ltr'><strong>Christus</strong></span> <span class='ocrx_word' id='word_1_496' title='bbox 891 4433 1023 4497; x_wconf 86' lang='lat' dir='ltr'><strong>sitiebat</strong></span> <span class='ocrx_word' id='word_1_497' title='bbox 1036 4451 1118 4498; x_wconf 89' lang='lat' dir='ltr'><strong>ace·</strong></span> <span class='ocrx_word' id='word_1_498' title='bbox 1174 4428 1338 4492; x_wconf 89' lang='lat' dir='ltr'><strong>noverunt</strong></span> <span class='ocrx_word' id='word_1_499' title='bbox 1364 4443 1439 4488; x_wconf 88' lang='lat' dir='ltr'><strong>eum</strong></span> <span class='ocrx_word' id='word_1_500' title='bbox 1467 4441 1541 4489; x_wconf 88' lang='lat' dir='ltr'><strong>esse</strong></span> <span class='ocrx_word' id='word_1_501' title='bbox 1564 4427 1685 4498; x_wconf 81' lang='lat' dir='ltr'><strong>Deum.</strong></span> <span class='ocrx_word' id='word_1_502' title='bbox 1707 4425 1798 4504; x_wconf 65' lang='lat' dir='ltr'><strong>(luia,</strong></span> <span class='ocrx_word' id='word_1_503' title='bbox 1823 4425 1916 4487; x_wconf 68' lang='lat' dir='ltr'><strong>Sicut</strong></span> <span class='ocrx_word' id='word_1_504' title='bbox 1940 4426 1974 4487; x_wconf 80' lang='lat' dir='ltr'><strong>in</strong></span> 
     </span>
     <span class='ocr_line' id='line_1_44' title="bbox 322 4523 1976 4611; baseline 0.001 -27"><span class='ocrx_word' id='word_1_505' title='bbox 322 4523 404 4595; x_wconf 91' lang='lat' dir='ltr'><strong>tum,</strong></span> <span class='ocrx_word' id='word_1_506' title='bbox 418 4525 474 4588; x_wconf 89' lang='lat' dir='ltr'><strong>sed</strong></span> <span class='ocrx_word' id='word_1_507' title='bbox 488 4525 598 4588; x_wconf 87' lang='lat' dir='ltr'><strong>tidem.</strong></span> <span class='ocrx_word' id='word_1_508' title='bbox 611 4529 787 4606; x_wconf 82' lang='lat' dir='ltr'><strong>synagoga</strong></span> <span class='ocrx_word' id='word_1_509' title='bbox 801 4530 912 4592; x_wconf 87' lang='lat' dir='ltr'><strong>temen</strong></span> <span class='ocrx_word' id='word_1_510' title='bbox 923 4531 1023 4594; x_wconf 84' lang='lat' dir='ltr'><strong>dabat</strong></span> <span class='ocrx_word' id='word_1_511' title='bbox 1033 4533 1119 4611; x_wconf 89' lang='lat' dir='ltr'><strong>quod</strong></span> <span class='ocrx_word' id='word_1_512' title='bbox 1173 4527 1259 4590; x_wconf 89' lang='lat' dir='ltr'><strong>libro</strong></span> <span class='ocrx_word' id='word_1_513' title='bbox 1288 4524 1467 4603; x_wconf 83' lang='lat' dir='ltr'><strong>Sapientiae</strong></span> <span class='ocrx_word' id='word_1_514' title='bbox 1495 4523 1617 4586; x_wconf 88' lang='lat' dir='ltr'><strong>dicitur</strong></span> <span class='ocrx_word' id='word_1_515' title='bbox 1635 4543 1643 4584; x_wconf 74' lang='grc' dir='ltr'><strong><em>ε</em></strong></span> <span class='ocrx_word' id='word_1_516' title='bbox 1659 4523 1865 4585; x_wconf 67' lang='lat' dir='ltr'><strong>dessecavit.</strong></span> <span class='ocrx_word' id='word_1_517' title='bbox 1879 4527 1976 4586; x_wconf 88' lang='lat' dir='ltr'><strong>enim</strong></span> 
     </span>
     <span class='ocr_line' id='line_1_45' title="bbox 324 4619 1775 4701; baseline -0.002 -18"><span class='ocrx_word' id='word_1_518' title='bbox 324 4619 477 4686; x_wconf 88' lang='lat' dir='ltr'><strong>babebat.</strong></span> <span class='ocrx_word' id='word_1_519' title='bbox 1174 4631 1246 4690; x_wconf 86' lang='lat' dir='ltr'><strong>illos</strong></span> <span class='ocrx_word' id='word_1_520' title='bbox 1260 4624 1396 4688; x_wconf 85' lang='lat' dir='ltr'><strong>mulitia</strong></span> <span class='ocrx_word' id='word_1_521' title='bbox 1409 4638 1532 4686; x_wconf 85' lang='lat' dir='ltr'><strong>eornm</strong></span> <span class='ocrx_word' id='word_1_522' title='bbox 1546 4619 1638 4701; x_wconf 83' lang='lat' dir='ltr'><strong>(Sap.</strong></span> <span class='ocrx_word' id='word_1_523' title='bbox 1655 4635 1693 4688; x_wconf 88' lang='lat'><strong>11,</strong></span> <span class='ocrx_word' id='word_1_524' title='bbox 1708 4619 1775 4699; x_wconf 80' lang='lat'><strong>21).</strong></span> 
     </span>
    </p>

    <p class='ocr_par' dir='ltr' id='par_1_6' title="bbox 323 4719 1976 5586">
     <span class='ocr_line' id='line_1_46' title="bbox 364 4719 1976 4803; baseline 0 -21"><span class='ocrx_word' id='word_1_525' title='bbox 364 4719 448 4792; x_wconf 88' lang='lat' dir='ltr'><strong>Quid</strong></span> <span class='ocrx_word' id='word_1_526' title='bbox 459 4721 548 4784; x_wconf 90' lang='lat' dir='ltr'><strong>enim</strong></span> <span class='ocrx_word' id='word_1_527' title='bbox 559 4723 756 4800; x_wconf 81' lang='lat' dir='ltr'><strong>peracutum</strong></span> <span class='ocrx_word' id='word_1_528' title='bbox 766 4723 974 4803; x_wconf 87' lang='lat' dir='ltr'><strong>intelligitur,</strong></span> <span class='ocrx_word' id='word_1_529' title='bbox 986 4726 1053 4790; x_wconf 90' lang='lat' dir='ltr'><strong>nisi</strong></span> <span class='ocrx_word' id='word_1_530' title='bbox 1064 4727 1121 4789; x_wconf 92' lang='lat' dir='ltr'><strong>du·</strong></span> <span class='ocrx_word' id='word_1_531' title='bbox 1216 4723 1532 4798; x_wconf 73' lang='lat' dir='ltr'><strong>ltemzectttprtmo</strong></span> <span class='ocrx_word' id='word_1_532' title='bbox 1546 4721 1976 4794; x_wconf 83' lang='lat' dir='ltr'><strong>manecoriducereoperu-</strong></span> 
     </span>
     <span class='ocr_line' id='line_1_47' title="bbox 323 4815 1975 4894; baseline 0 -14"><span class='ocrx_word' id='word_1_533' title='bbox 323 4817 402 4880; x_wconf 84' lang='lat' dir='ltr'><strong>ritis</strong></span> <span class='ocrx_word' id='word_1_534' title='bbox 419 4820 527 4882; x_wconf 89' lang='lat' dir='ltr'><strong>cordis</strong></span> <span class='ocrx_word' id='word_1_535' title='bbox 543 4837 657 4884; x_wconf 89' lang='lat' dir='ltr'><strong>eorum</strong></span> <span class='ocrx_word' id='word_1_536' title='bbox 668 4823 701 4886; x_wconf 91' lang='lat' dir='ltr'><strong>et</strong></span> <span class='ocrx_word' id='word_1_537' title='bbox 711 4823 863 4886; x_wconf 88' lang='lat' dir='ltr'><strong>doctrina</strong></span> <span class='ocrx_word' id='word_1_538' title='bbox 877 4841 992 4887; x_wconf 89' lang='lat' dir='ltr'><strong>eorum</strong></span> <span class='ocrx_word' id='word_1_539' title='bbox 1005 4841 1121 4888; x_wconf 86' lang='lat' dir='ltr'><strong>amara</strong></span> <span class='ocrx_word' id='word_1_540' title='bbox 1175 4825 1247 4885; x_wconf 88' lang='lat' dir='ltr'><strong>rios</strong></span> <span class='ocrx_word' id='word_1_541' title='bbox 1261 4825 1299 4884; x_wconf 84' lang='lat' dir='ltr'><strong>in</strong></span> <span class='ocrx_word' id='word_1_542' title='bbox 1312 4824 1452 4882; x_wconf 83' lang='lat' dir='ltr'><strong>cineam</strong></span> <span class='ocrx_word' id='word_1_543' title='bbox 1460 4833 1572 4882; x_wconf 75' lang='lat' dir='ltr'><strong>snum</strong></span> <span class='ocrx_word' id='word_1_544' title='bbox 1585 4815 1737 4894; x_wconf 86' lang='lat' dir='ltr'><strong>operarii</strong></span> <span class='ocrx_word' id='word_1_545' title='bbox 1750 4815 1852 4894; x_wconf 87' lang='lat' dir='ltr'><strong>hujus</strong></span> <span class='ocrx_word' id='word_1_546' title='bbox 1864 4818 1975 4880; x_wconf 79' lang='lat' dir='ltr'><strong>vince</strong></span> 
     </span>
     <span class='ocr_line' id='line_1_48' title="bbox 324 4901 1976 4998; baseline -0.001 -19"><span class='ocrx_word' id='word_1_547' title='bbox 324 4917 358 4980; x_wconf 88' lang='lat' dir='ltr'><strong>et</strong></span> <span class='ocrx_word' id='word_1_548' title='bbox 384 4919 533 4992; x_wconf 88' lang='lat' dir='ltr'><strong>acetosa,</strong></span> <span class='ocrx_word' id='word_1_549' title='bbox 556 4935 714 4994; x_wconf 88' lang='lat' dir='ltr'><strong>erronea,</strong></span> <span class='ocrx_word' id='word_1_550' title='bbox 741 4923 774 4984; x_wconf 90' lang='lat' dir='ltr'><strong>et</strong></span> <span class='ocrx_word' id='word_1_551' title='bbox 796 4925 988 4985; x_wconf 86' lang='lat' dir='ltr'><strong>venenosal</strong></span> <span class='ocrx_word' id='word_1_552' title='bbox 1013 4923 1119 4998; x_wconf 88' lang='lat' dir='ltr'><strong>Unde,</strong></span> <span class='ocrx_word' id='word_1_553' title='bbox 1175 4919 1254 4981; x_wconf 88' lang='lat' dir='ltr'><strong>sunt</strong></span> <span class='ocrx_word' id='word_1_554' title='bbox 1268 4933 1381 4982; x_wconf 90' lang='lat' dir='ltr'><strong>omnes</strong></span> <span class='ocrx_word' id='word_1_555' title='bbox 1396 4915 1537 4994; x_wconf 85' lang='lat' dir='ltr'><strong>praelati,</strong></span> <span class='ocrx_word' id='word_1_556' title='bbox 1554 4901 1587 4977; x_wconf 80' lang='lat' dir='ltr'><strong>et</strong></span> <span class='ocrx_word' id='word_1_557' title='bbox 1605 4929 1720 4976; x_wconf 90' lang='lat' dir='ltr'><strong>omnes</strong></span> <span class='ocrx_word' id='word_1_558' title='bbox 1734 4913 1976 4992; x_wconf 68' lang='lat' dir='ltr'><strong>predicatores</strong></span> 
     </span>
     <span class='ocr_line' id='line_1_49' title="bbox 323 5009 1976 5095; baseline -0.001 -18"><span class='ocrx_word' id='word_1_559' title='bbox 323 5029 403 5078; x_wconf 82' lang='lat' dir='ltr'><strong>cnm</strong></span> <span class='ocrx_word' id='word_1_560' title='bbox 424 5019 608 5093; x_wconf 75' lang='lat' dir='ltr'><strong>gustasset,</strong></span> <span class='ocrx_word' id='word_1_561' title='bbox 625 5021 733 5082; x_wconf 80' lang='lat' dir='ltr'><strong>notuit</strong></span> <span class='ocrx_word' id='word_1_562' title='bbox 754 5022 877 5082; x_wconf 83' lang='lat' dir='ltr'><strong>bibere.</strong></span> <span class='ocrx_word' id='word_1_563' title='bbox 905 5021 998 5083; x_wconf 90' lang='lat' dir='ltr'><strong>Unde</strong></span> <span class='ocrx_word' id='word_1_564' title='bbox 1022 5021 1122 5083; x_wconf 88' lang='lat' dir='ltr'><strong>etiam</strong></span> <span class='ocrx_word' id='word_1_565' title='bbox 1176 5016 1395 5095; x_wconf 86' lang='lat' dir='ltr'><strong>praedicantes</strong></span> <span class='ocrx_word' id='word_1_566' title='bbox 1409 5013 1548 5076; x_wconf 85' lang='lat' dir='ltr'><strong>verbum</strong></span> <span class='ocrx_word' id='word_1_567' title='bbox 1561 5011 1632 5084; x_wconf 88' lang='lat' dir='ltr'><strong>Dei,</strong></span> <span class='ocrx_word' id='word_1_568' title='bbox 1644 5009 1740 5085; x_wconf 87' lang='lat' dir='ltr'><strong>idest,</strong></span> <span class='ocrx_word' id='word_1_569' title='bbox 1751 5011 1885 5088; x_wconf 89' lang='lat' dir='ltr'><strong>quaudo</strong></span> <span class='ocrx_word' id='word_1_570' title='bbox 1895 5029 1976 5090; x_wconf 81' lang='lat' dir='ltr'><strong>prae·</strong></span> 
     </span>
     <span class='ocr_line' id='line_1_50' title="bbox 323 5095 1976 5195; baseline -0.001 -20"><span class='ocrx_word' id='word_1_571' title='bbox 323 5095 395 5191; x_wconf 78' lang='lat' dir='ltr'><strong>ipse</strong></span> <span class='ocrx_word' id='word_1_572' title='bbox 414 5116 628 5194; x_wconf 86' lang='lat' dir='ltr'><strong>conqueritur</strong></span> <span class='ocrx_word' id='word_1_573' title='bbox 640 5132 700 5195; x_wconf 88' lang='lat' dir='ltr'><strong>per</strong></span> <span class='ocrx_word' id='word_1_574' title='bbox 713 5117 833 5179; x_wconf 88' lang='lat' dir='ltr'><strong>isaiam</strong></span> <span class='ocrx_word' id='word_1_575' title='bbox 847 5118 978 5180; x_wconf 90' lang='lat' dir='ltr'><strong>dicens:</strong></span> <span class='ocrx_word' id='word_1_576' title='bbox 992 5123 1123 5194; x_wconf 75' lang='lat' dir='ltr'><strong>Eoepec·</strong></span> <span class='ocrx_word' id='word_1_577' title='bbox 1177 5115 1305 5178; x_wconf 92' lang='lat' dir='ltr'><strong>dicator</strong></span> <span class='ocrx_word' id='word_1_578' title='bbox 1321 5129 1402 5176; x_wconf 89' lang='lat' dir='ltr'><strong>sane</strong></span> <span class='ocrx_word' id='word_1_579' title='bbox 1414 5112 1551 5190; x_wconf 84' lang='lat' dir='ltr'><strong>exponit</strong></span> <span class='ocrx_word' id='word_1_580' title='bbox 1565 5110 1793 5187; x_wconf 85' lang='lat' dir='ltr'><strong>Evangelium,</strong></span> <span class='ocrx_word' id='word_1_581' title='bbox 1808 5111 1976 5186; x_wconf 86' lang='lat' dir='ltr'><strong>Epistulas</strong></span> 
     </span>
     <span class='ocr_line' id='line_1_51' title="bbox 325 5207 1974 5291; baseline -0.002 -18"><span class='ocrx_word' id='word_1_582' title='bbox 325 5212 398 5273; x_wconf 86' lang='lat' dir='ltr'><strong>taut</strong></span> <span class='ocrx_word' id='word_1_583' title='bbox 423 5214 460 5275; x_wconf 85' lang='lat' dir='ltr'><strong>nt</strong></span> <span class='ocrx_word' id='word_1_584' title='bbox 483 5214 615 5289; x_wconf 78' lang='lat' dir='ltr'><strong>fuceret</strong></span> <span class='ocrx_word' id='word_1_585' title='bbox 649 5230 747 5288; x_wconf 83' lang='lat' dir='ltr'><strong>neas,</strong></span> <span class='ocrx_word' id='word_1_586' title='bbox 778 5217 812 5276; x_wconf 90' lang='lat' dir='ltr'><strong>ct</strong></span> <span class='ocrx_word' id='word_1_587' title='bbox 836 5216 917 5291; x_wconf 76' lang='lat' dir='ltr'><strong>fecit</strong></span> <span class='ocrx_word' id='word_1_588' title='bbox 947 5221 1123 5280; x_wconf 69' lang='lat' dir='ltr'><strong>inimcos</strong></span> <span class='ocrx_word' id='word_1_589' title='bbox 1176 5213 1265 5276; x_wconf 90' lang='lat' dir='ltr'><strong>beati</strong></span> <span class='ocrx_word' id='word_1_590' title='bbox 1277 5212 1384 5284; x_wconf 89' lang='lat' dir='ltr'><strong>Pauli,</strong></span> <span class='ocrx_word' id='word_1_591' title='bbox 1396 5209 1629 5289; x_wconf 68' lang='lat' dir='ltr'><strong>apocalypsim</strong></span> <span class='ocrx_word' id='word_1_592' title='bbox 1640 5208 1673 5270; x_wconf 90' lang='lat' dir='ltr'><strong>et</strong></span> <span class='ocrx_word' id='word_1_593' title='bbox 1682 5207 1766 5270; x_wconf 88' lang='lat' dir='ltr'><strong>alias</strong></span> <span class='ocrx_word' id='word_1_594' title='bbox 1777 5207 1974 5285; x_wconf 73' lang='lat' dir='ltr'><strong>scripturas</strong></span> 
     </span>
     <span class='ocr_line' id='line_1_52' title="bbox 326 5305 1975 5392; baseline -0.002 -20"><span class='ocrx_word' id='word_1_595' title='bbox 326 5307 384 5389; x_wconf 88' lang='lat' dir='ltr'><strong>(ls.</strong></span> <span class='ocrx_word' id='word_1_596' title='bbox 406 5327 438 5384; x_wconf 86' lang='lat' dir='ltr'><strong>v,</strong></span> <span class='ocrx_word' id='word_1_597' title='bbox 457 5310 503 5389; x_wconf 87' lang='lat'><strong>2),</strong></span> <span class='ocrx_word' id='word_1_598' title='bbox 520 5311 740 5392; x_wconf 89' lang='lat' dir='ltr'><strong>iniquitatem,</strong></span> <span class='ocrx_word' id='word_1_599' title='bbox 755 5312 892 5385; x_wconf 88' lang='lat' dir='ltr'><strong>scilicet,</strong></span> <span class='ocrx_word' id='word_1_600' title='bbox 910 5315 942 5376; x_wconf 89' lang='lat' dir='ltr'><strong>et</strong></span> <span class='ocrx_word' id='word_1_601' title='bbox 963 5314 1123 5378; x_wconf 87' lang='lat' dir='ltr'><strong>maledic-</strong></span> <span class='ocrx_word' id='word_1_602' title='bbox 1177 5311 1308 5392; x_wconf 92' lang='lat' dir='ltr'><strong>quando</strong></span> <span class='ocrx_word' id='word_1_603' title='bbox 1318 5308 1510 5388; x_wconf 88' lang='lat' dir='ltr'><strong>praedicatio</strong></span> <span class='ocrx_word' id='word_1_604' title='bbox 1524 5307 1556 5370; x_wconf 88' lang='lat' dir='ltr'><strong>et</strong></span> <span class='ocrx_word' id='word_1_605' title='bbox 1569 5305 1719 5369; x_wconf 87' lang='lat' dir='ltr'><strong>doctrina</strong></span> <span class='ocrx_word' id='word_1_606' title='bbox 1728 5305 1975 5382; x_wconf 85' lang='lat' dir='ltr'><strong>praedicationis</strong></span> 
     </span>
     <span class='ocr_line' id='line_1_53' title="bbox 326 5403 1976 5488; baseline -0.001 -19"><span class='ocrx_word' id='word_1_607' title='bbox 326 5406 460 5470; x_wconf 89' lang='lat' dir='ltr'><strong>tionem.</strong></span> <span class='ocrx_word' id='word_1_608' title='bbox 477 5409 558 5472; x_wconf 88' lang='lat' dir='ltr'><strong>Item</strong></span> <span class='ocrx_word' id='word_1_609' title='bbox 578 5425 637 5488; x_wconf 89' lang='lat' dir='ltr'><strong>per</strong></span> <span class='ocrx_word' id='word_1_610' title='bbox 652 5409 803 5472; x_wconf 88' lang='lat' dir='ltr'><strong>eumdem</strong></span> <span class='ocrx_word' id='word_1_611' title='bbox 822 5409 945 5472; x_wconf 90' lang='lat' dir='ltr'><strong>dicitur</strong></span> <span class='ocrx_word' id='word_1_612' title='bbox 958 5431 966 5471; x_wconf 76' lang='grc' dir='ltr'><strong><em>ε</em></strong></span> <span class='ocrx_word' id='word_1_613' title='bbox 980 5415 1120 5486; x_wconf 75' lang='lat' dir='ltr'><strong>Depec-</strong></span> <span class='ocrx_word' id='word_1_614' title='bbox 1178 5411 1214 5474; x_wconf 83' lang='lat' dir='ltr'><strong>ni</strong></span> <span class='ocrx_word' id='word_1_615' title='bbox 1228 5425 1321 5481; x_wconf 88' lang='lat' dir='ltr'><strong>sana,</strong></span> <span class='ocrx_word' id='word_1_616' title='bbox 1334 5407 1370 5471; x_wconf 86' lang='lat' dir='ltr'><strong>nt</strong></span> <span class='ocrx_word' id='word_1_617' title='bbox 1383 5407 1524 5482; x_wconf 86' lang='lat' dir='ltr'><strong>integra,</strong></span> <span class='ocrx_word' id='word_1_618' title='bbox 1541 5403 1578 5467; x_wconf 88' lang='lat' dir='ltr'><strong>iit</strong></span> <span class='ocrx_word' id='word_1_619' title='bbox 1588 5403 1659 5466; x_wconf 90' lang='lat' dir='ltr'><strong>sine</strong></span> <span class='ocrx_word' id='word_1_620' title='bbox 1672 5417 1786 5466; x_wconf 89' lang='lat' dir='ltr'><strong>errore</strong></span> <span class='ocrx_word' id='word_1_621' title='bbox 1801 5403 1834 5464; x_wconf 92' lang='lat' dir='ltr'><strong>et</strong></span> <span class='ocrx_word' id='word_1_622' title='bbox 1849 5403 1886 5466; x_wconf 88' lang='lat' dir='ltr'><strong>lit</strong></span> <span class='ocrx_word' id='word_1_623' title='bbox 1903 5405 1976 5467; x_wconf 89' lang='lat' dir='ltr'><strong>sine</strong></span> 
     </span>
     <span class='ocr_line' id='line_1_54' title="bbox 327 5499 1973 5586; baseline -0.001 -20"><span class='ocrx_word' id='word_1_624' title='bbox 327 5505 400 5568; x_wconf 86' lang='lat' dir='ltr'><strong>tavi</strong></span> <span class='ocrx_word' id='word_1_625' title='bbox 414 5507 452 5568; x_wconf 81' lang='lat' dir='ltr'><strong>nt</strong></span> <span class='ocrx_word' id='word_1_626' title='bbox 465 5510 786 5583; x_wconf 75' lang='lat' dir='ltr'><strong>soceretjudietnm,</strong></span> <span class='ocrx_word' id='word_1_627' title='bbox 803 5510 837 5572; x_wconf 91' lang='lat' dir='ltr'><strong>et</strong></span> <span class='ocrx_word' id='word_1_628' title='bbox 851 5523 927 5572; x_wconf 89' lang='lat' dir='ltr'><strong>ecee</strong></span> <span class='ocrx_word' id='word_1_629' title='bbox 942 5512 1122 5586; x_wconf 68' lang='lat' dir='ltr'><strong>iniquum,-</strong></span> <span class='ocrx_word' id='word_1_630' title='bbox 1178 5506 1393 5570; x_wconf 85' lang='lat' dir='ltr'><strong>ammixtione</strong></span> <span class='ocrx_word' id='word_1_631' title='bbox 1401 5503 1568 5576; x_wconf 85' lang='lat' dir='ltr'><strong>salsitatis,</strong></span> <span class='ocrx_word' id='word_1_632' title='bbox 1595 5503 1633 5564; x_wconf 89' lang='lat' dir='ltr'><strong>ut</strong></span> <span class='ocrx_word' id='word_1_633' title='bbox 1652 5501 1739 5581; x_wconf 91' lang='lat' dir='ltr'><strong>quod</strong></span> <span class='ocrx_word' id='word_1_634' title='bbox 1749 5499 1847 5564; x_wconf 88' lang='lat' dir='ltr'><strong>docet</strong></span> <span class='ocrx_word' id='word_1_635' title='bbox 1862 5501 1973 5576; x_wconf 85' lang='lat' dir='ltr'><strong>iaciat,</strong></span> 
     </span>
    </p>
   </div>
   <div class='ocr_carea' id='block_1_3' title="bbox 327 5598 1976 5690">
    <p class='ocr_par' dir='ltr' id='par_1_7' title="bbox 327 5598 1976 5690">
     <span class='ocr_line' id='line_1_55' title="bbox 327 5598 1976 5690; baseline -0.002 -24"><span class='ocrx_word' id='word_1_636' title='bbox 327 5603 361 5666; x_wconf 86' lang='lat' dir='ltr'><strong>et</strong></span> <span class='ocrx_word' id='word_1_637' title='bbox 374 5605 561 5680; x_wconf 76' lang='lat' dir='ltr'><strong>justitium,</strong></span> <span class='ocrx_word' id='word_1_638' title='bbox 578 5609 611 5671; x_wconf 92' lang='lat' dir='ltr'><strong>et</strong></span> <span class='ocrx_word' id='word_1_639' title='bbox 633 5623 709 5672; x_wconf 85' lang='lat' dir='ltr'><strong>eece</strong></span> <span class='ocrx_word' id='word_1_640' title='bbox 729 5613 860 5673; x_wconf 81' lang='lat' dir='ltr'><strong>clamor</strong></span> <span class='ocrx_word' id='word_1_641' title='bbox 875 5605 932 5689; x_wconf 88' lang='lat' dir='ltr'><strong>(is.</strong></span> <span class='ocrx_word' id='word_1_642' title='bbox 949 5624 982 5679; x_wconf 88' lang='lat' dir='ltr'><strong>v,</strong></span> <span class='ocrx_word' id='word_1_643' title='bbox 995 5605 1041 5690; x_wconf 84' lang='lat'><strong>7).</strong></span> <span class='ocrx_word' id='word_1_644' title='bbox 1057 5612 1123 5674; x_wconf 86' lang='lat' dir='ltr'><strong>Pro</strong></span> <span class='ocrx_word' id='word_1_645' title='bbox 1178 5605 1359 5670; x_wconf 89' lang='lat' dir='ltr'><strong>secundum</strong></span> <span class='ocrx_word' id='word_1_646' title='bbox 1373 5601 1561 5681; x_wconf 86' lang='lat' dir='ltr'><strong>exemplum</strong></span> <span class='ocrx_word' id='word_1_647' title='bbox 1571 5599 1723 5678; x_wconf 85' lang='lat' dir='ltr'><strong>Magistri</strong></span> <span class='ocrx_word' id='word_1_648' title='bbox 1738 5598 1801 5673; x_wconf 92' lang='lat' dir='ltr'><strong>sui,</strong></span> <span class='ocrx_word' id='word_1_649' title='bbox 1809 5599 1912 5677; x_wconf 85' lang='lat' dir='ltr'><strong>coepit</strong></span> <span class='ocrx_word' id='word_1_650' title='bbox 1925 5605 1976 5664; x_wconf 83' lang='lat' dir='ltr'><strong>Je-</strong></span> 
     </span>
    </p>
   </div>
   <div class='ocr_carea' id='block_1_4' title="bbox 0 0 2051 6420">
    <p class='ocr_par' dir='ltr' id='par_1_8' title="bbox 0 0 2051 6420">
     <span class='ocr_line' id='line_1_56' title="bbox 0 0 2051 6420; baseline 0 0"><span class='ocrx_word' id='word_1_651' title='bbox 0 0 2051 6420; x_wconf 95' lang='lat' dir='ltr'><strong> </strong></span> 
     </span>
    </p>
   </div>
  </div>
 </body>
</html>
