4076 6420
314 231 375 291 743
720 223 729 244 '
779 223 957 286 HONORII
979 222 1024 283 111
1047 223 1194 292 OPERA·
1211 251 1249 268 -
1266 223 1499 286 SERMONES.
1918 230 1978 288 744

314 387 450 450 carnale
463 385 667 461 hominis,et
680 383 924 462 iniquiitquilo
939 382 1112 458 estlingua
1166 383 1306 456 septimi
1338 382 1491 460 designat
1519 381 1756 446 abstinentiam
1787 385 1979 460 vitiorum,

314 486 554 548 maledicentis.
571 481 902 546 Ollasuccenditura
917 479 1115 559 iacieAqui·
1168 481 1245 557 quia
1269 484 1394 560 septem
1416 483 1495 545 sunt
1514 481 1598 544 vitia
1621 499 1695 560 quae
1720 489 1916 546 nascuntur
1939 487 1980 547 de

314 585 413 658 lonis,
437 581 568 662 quando
584 597 641 643 cor
657 580 802 642 bominis
821 579 973 642 movetur
987 579 1028 642 ad
1043 579 1111 640 im·
1167 581 1273 640 matre
1289 580 1455 656 superbia,
1475 597 1548 658 quae
1563 595 1624 657 per
1638 581 1873 658 septiformem
1894 599 1977 658 gra-

313 681 509 762 patientiam
524 681 558 744 θῖ
571 679 835 760 indignationem
848 677 987 742 alterius
1001 675 1112 739 verbis
1166 676 1248 738 tiam
1270 678 1418 739 excludit
1440 678 1584 755 Spiritus
1609 681 1760 742 Sanctus.
1785 683 1977 742 Peccantes

315 780 349 842 θῖ
360 777 573 842 contumeliis.
1168 774 1277 850 prima
1291 776 1416 852 excipit
1426 775 1629 852 negligentia
1642 776 1707 838 sui.
1718 778 1977 855 Negligentiam

354 877 502 939 Primum
529 891 608 952 ergo
631 873 798 952 jejunium
825 871 911 951 quod
939 872 1051 948 agitur
1077 871 1112 933 in
1167 872 1317 949 sequitur
1337 873 1532 946 curiositas,
1556 875 1786 937 curiositatem
1808 878 1979 954 concupi-

226 1015 228 1018 -
314 975 457 1053 quatuor
476 973 661 1051 temporum
685 971 908 1043 observantia,
931 970 1112 1048 dequibus
1167 971 1312 1044 scentia,
1334 971 1638 1049 concupiscentiam
1663 988 1871 1046 consensus,
1895 989 1979 1035 con-

313 1072 516 1134 mentionem
528 1071 699 1142 iaciemus,
720 1069 827 1130 tribus
842 1069 882 1130 de
902 1069 1013 1130 causis
1029 1083 1114 1145 quo
1168 1083 1303 1130 sensum
1329 1069 1550 1141 consuetudo,
1575 1070 1853 1132 consuetudinem
1887 1087 1973 1133 oon-

313 1169 395 1234 libet
412 1169 448 1230 in
470 1185 559 1231 anno
580 1168 616 1232 nt
638 1167 862 1240 subternario,
879 1165 1046 1239 uidelicet,
1070 1165 1111 1226 ad
1165 1165 1319 1243 templus,
1337 1166 1559 1244 contemptum
1580 1167 1720 1240 malitia,
1743 1168 1832 1230 idest
1849 1168 1971 1230 delec-

313 1266 580 1347 prosequendum
592 1265 781 1344 imperium,
794 1265 835 1326 ad
849 1263 1025 1326 delendum
1040 1279 1113 1341 pac·
1166 1261 1248 1324 tatio
1258 1262 1397 1338 peccati.
1408 1261 1520 1324 Prima
1528 1262 1649 1336 tardat,
1659 1263 1806 1326 secunda
1813 1265 1969 1342 impedit

311 1359 435 1437 caium,
459 1365 492 1426 et
509 1363 550 1425 ad
572 1362 826 1440 exprimendum
841 1361 1048 1438 mysterium.
1062 1360 1110 1423 Ad
1165 1358 1265 1420 tertia
1291 1358 1384 1436 ligat,
1403 1361 1521 1438 quarta
1547 1360 1693 1437 stringit,
1711 1361 1830 1438 quinta
1851 1362 1972 1436 mabil,

313 1461 581 1540 prosequendum
601 1459 777 1537 imperium
797 1459 927 1536 agimus
946 1459 1010 1520 boc
1021 1460 1112 1536 jeju·
1166 1457 1261 1518 sexta
1274 1457 1471 1534 praecipitat,
1488 1457 1628 1535 septima
1642 1459 1832 1522 incarcerat
1844 1460 1886 1520 in
1899 1477 1977 1522 car·

312 1559 417 1633 nium,
435 1559 513 1636 quia
532 1557 734 1636 preceptum
753 1558 804 1619 θεῖ
822 1557 906 1634 legis
926 1556 1012 1634 quod
1034 1557 1111 1618 ante
1166 1569 1241 1616 cere
1258 1553 1510 1631 desperationis.
1527 1556 1673 1617 Veniens
1692 1557 1802 1618 autem
1823 1557 1974 1634 Spiritus

313 1655 425 1732 legem
447 1655 569 1731 legitur
592 1653 814 1726 observatum,
835 1654 871 1715 ut
893 1668 936 1715 ex
957 1653 1110 1715 omnibus
1167 1651 1306 1714 Sanctus
1318 1652 1472 1728 primitus
1485 1653 1698 1730 negligentiae
1718 1655 1855 1732 opponit
1869 1656 1975 1718 timo-

313 1754 381 1813 beo
396 1752 551 1829 primitiae
563 1751 806 1828 persolvantur.
820 1753 890 1811 Hoc
904 1751 1015 1812 autem
1030 1767 1112 1827 prae·
1164 1750 1331 1828 rem,quia
1342 1750 1398 1828 qui
1409 1749 1503 1814 timet
1514 1753 1618 1812 Deum
1633 1751 1719 1813 nihil
1730 1752 1899 1829 negliget;
1912 1769 1975 1814 cu-

312 1847 608 1926 ceptnmetiamad
624 1849 752 1924 tempus
765 1847 965 1920 extenditur,
978 1848 1111 1909 utsiout
1164 1846 1308 1908 riositati
1340 1848 1516 1926 pietatem,
1554 1847 1710 1910 affectum
1753 1849 1887 1913 scilicet
1930 1851 1972 1912 ad

312 1947 454 2025 quatuor
472 1947 550 2008 sunt
569 1945 719 2022 tempora
743 1942 834 2017 anni,
857 1944 890 2006 et
910 1945 945 2006 in
965 1945 1112 2022 quolibet
1165 1945 1279 2017 Deum,
1296 1961 1370 2023 quat
1385 1946 1426 2007 ud
1441 1961 1539 2008 omne
1552 1961 1636 2023 opus
1651 1947 1743 2010 utilis
1763 1948 1869 2010 estet
1889 1965 1969 2010 om-

310 2045 459 2121 tempore
474 2044 552 2105 sunt
571 2043 639 2105 tres
659 2058 802 2114 menses,
822 2043 870 2103 ita
887 2058 948 2104 nos
965 2058 1025 2119 pro
1040 2043 1112 2121 pri-
1164 2041 1244 2102 nino
1270 2043 1439 2104 contraria
1460 2043 1661 2121 curiositati;
1685 2045 1971 2122 concupiscentiae

310 2141 414 2204 mitiis
433 2143 576 2219 quatuor
594 2139 722 2202 vicibus
737 2143 929 2218 jejunemus
953 2141 986 2200 in
1008 2157 1107 2214 anno,
1165 2139 1340 2202 scientiam
1360 2141 1397 2203 ut
1417 2141 1502 2203 sciat
1523 2141 1670 2220 seipsum
1693 2141 1791 2204 bomo
1813 2145 1847 2204 et
1868 2160 1972 2222 quam

311 2240 345 2300 ct
357 2240 393 2300 in
409 2238 556 2317 qualibet
568 2237 641 2300 vice
657 2238 763 2300 tribus
778 2237 894 2300 diebus
911 2238 953 2300 ad
968 2237 1110 2314 gloriam
1163 2252 1251 2299 vana
1263 2239 1340 2300 sunt
1350 2253 1423 2315 quae
1443 2239 1664 2317 concupiscit;
1678 2241 1856 2302 consensui
1871 2241 1972 2304 sorti·

308 2337 492 2400 Trinitatis.
515 2336 564 2398 Ad
584 2335 760 2398 delendum
784 2337 955 2414 peccatum
979 2337 1109 2412 agimus
1163 2333 1323 2407 tudinem,
1339 2351 1381 2397 ne
1393 2335 1548 2399 vincatur
1561 2351 1581 2398 a
1596 2353 1760 2400 consensu
1776 2339 1835 2400 sed
1851 2340 1970 2400 virili—

308 2433 372 2497 boc
387 2435 565 2512 jejunium,
589 2433 626 2496 ut
649 2433 737 2496 sicut
755 2436 898 2510 quatuor
918 2433 1025 2496 modis
1049 2433 1109 2495 sub
1163 2432 1969 2514 terresistat;consuetudiniconsiliumquiaoum

307 2534 456 2596 ternario
475 2548 663 2610 peccamus,
685 2532 731 2593 ita
748 2532 890 2609 quatuor
903 2531 1032 2594 vicibus
1047 2531 1108 2593 sub
1163 2531 1299 2592 ventum
1319 2531 1420 2594 luerit
1440 2532 1481 2593 ed
1499 2533 1772 2595 consuetudinem
1790 2534 1872 2596 tunc
1887 2553 1970 2600 rere

307 2631 455 2693 ternario
465 2633 669 2708 jejunemus.
687 2629 800 2690 Primo
814 2629 911 2692 modo
932 2645 1108 2707 peccamus
1163 2641 1246 2704 opus
1267 2629 1320 2690 est
1340 2627 1501 2706 consilio;
1518 2631 1721 2708 contemptui
1744 2632 1968 2708 intellectum,

306 2729 342 2791 in
364 2729 507 2800 Patrem,
530 2743 707 2806 peccamus
728 2727 764 2788 in
783 2727 918 2796 Filium,
932 2743 1108 2804 peccamus
1163 2725 1660 2803 quiaconsiliojambominum
1675 2729 1875 2807 contempto,
1898 2734 1967 2794 nisi

306 2826 341 2888 in
358 2826 516 2904 Spiritum
532 2827 701 2888 Sanctum
718 2827 756 2888 ln
776 2825 910 2888 Patrem
930 2841 1107 2902 peccamus
1164 2839 1223 2901 per
1238 2839 1273 2884 se
1287 2823 1473 2900 periculum
1488 2841 1585 2888 suum
1600 2826 1765 2903 intelligat
1772 2831 1847 2906 jam
1860 2845 1968 2907 prope

305 2939 366 3001 per
382 2924 613 3001 impotentiam
634 2927 667 2986 et
685 2922 911 2999 fragilitatem,
928 2924 964 2984 in
984 2923 1107 2985 Filium
1162 2921 1604 2999 estdesperationi3malitiae
1616 2925 1970 3004 sapientiam,quiasa·

305 3035 483 3098 peccamus
498 3019 791 3096 perignorantiam
802 3023 834 3082 et
847 3020 1105 3098 simplicitatem,
1162 3018 1288 3096 pientia
1304 3019 1407 3082 vincit
1421 3021 1583 3082 malitiam
1599 3021 1800 3099 attingensa
1819 3024 1890 3087 fine
1906 3043 1966 3086 us-

302 3118 339 3179 in
351 3116 511 3194 Spiritum
522 3117 678 3178 Sanctum
689 3133 864 3193 peccamus
877 3134 937 3194 per
948 3118 1107 3180 duritiam
1162 3131 1225 3192 qne
1238 3116 1279 3178 ad
1292 3116 1393 3179 linem
1407 3117 1537 3180 fortiter
1551 3121 1584 3182 et
1600 3119 1747 3197 disponit
1757 3123 1871 3184 omnia
1886 3140 1969 3186 sua-

303 3216 338 3276 et
351 3215 603 3290 malignitatem.
616 3214 707 3276 Patri
718 3229 860 3292 namque
873 3215 1108 3293 appropriatur
1161 3213 1259 3274 viter.
1276 3215 1446 3292 Jejunium
1466 3219 1590 3279 dommi
1609 3216 1761 3294 designat
1781 3219 1964 3282 abstinen-

303 3313 462 3391 potentla,
479 3311 548 3374 lilio
566 3311 741 3390 sapientia,
763 3313 903 3390 Spiritui
923 3313 1109 3376 Sanctobe-
1161 3311 1242 3372 tiam
1256 3311 1445 3386 verborum,
1466 3314 1544 3391 quia
1563 3314 1677 3376 decem
1696 3319 1774 3378 sunt
1794 3321 1966 3396 praecepta

301 3410 459 3486 nignitas.
481 3411 530 3473 Ad
550 3409 802 3489 exprimendum
822 3411 1017 3488 mysterium
1032 3413 1107 3488 agi-
1161 3408 1245 3486 legis
1260 3409 1300 3472 de
1316 3410 1435 3488 quibus
1449 3411 1547 3474 modo
1558 3397 1628 3475 'non
1642 3414 1693 3476 est
1711 3413 1892 3478 dicendum
1909 3434 1968 3494 per

300 3524 374 3570 mus
393 3508 456 3570 hoc
470 3509 648 3587 jejunium,
666 3509 755 3586 quia,
773 3509 861 3570 sicut
881 3524 1041 3571 numerus
1056 3527 1108 3572 as·
1161 3507 1304 3584 singula.
1320 3510 1392 3570 Hoc
1406 3524 1487 3570 vero
1502 3509 1779 3588 quadripartitum
1793 3515 1967 3590 jejunium

302 3607 416 3669 cendit
448 3606 489 3668 ab
514 3607 641 3669 unitate
669 3606 710 3668 ad
732 3606 911 3680 unitatem,
937 3607 967 3668 si
989 3609 1106 3686 quator
1160 3605 1294 3666 initium
1313 3605 1430 3670 habuit
1450 3621 1494 3668 ex
1509 3608 1615 3670 veteri
1630 3611 1852 3684 Testamento,
1876 3613 1967 3676 sicut

301 3704 361 3768 ilat
382 3705 614 3782 multiplicatio
633 3719 693 3781 per
710 3705 907 3777 ternarium,
926 3705 975 3768 sio
993 3707 1105 3768 anima
1159 3701 1302 3778 legimus
1316 3703 1352 3764 in
1366 3703 1534 3781 Propheta
1553 3727 1560 3768 ι
1578 3708 1756 3779 dolentum
1769 3711 1969 3786 quartisa-

299 3802 493 3866 conscendit
512 3802 554 3864 de
571 3801 735 3864 virtutein
756 3802 926 3872 virtutem,
943 3804 972 3864 si
988 3805 1106 3882 quater
1152 3802 1296 3873 jubiium
1311 3802 1423 3876 quiriti
1425 3845 1487 3864 .....

299 3903 378 3978 agat
396 3901 562 3979 jejunium
582 3916 642 3978 per
662 3900 857 3962 ternarium.
877 3902 1104 3979 Hoc'quadri-
1201 3899 1298 3960 Nunc
1326 3899 1436 3960 autem
1465 3899 1702 3964 convenienter
1727 3903 1909 3981 jejunatur
1934 3907 1967 3966 in

301 3998 459 4076 partitum
473 3999 640 4076 jeJunium
656 3998 858 4076 principium
870 3997 988 4061 babuit
1000 4015 1106 4061 exve-
1157 3996 1291 4070 martio,
1306 3997 1340 4058 et
1350 3995 1386 4057 in
1395 3996 1504 4074 junio,
1518 3999 1552 4060 et
1562 3998 1598 4059 in
1611 3999 1802 4076 septembri,
1813 4003 1849 4062 et
1863 4002 1900 4063 in
1910 4004 1968 4065 de-

298 4095 363 4158 teri
376 4096 597 4168 Testamento,
612 4095 699 4157 sicut
719 4095 800 4156 dicit
822 4095 1001 4158 Zacharias
1027 4113 1105 4174 pro-
1160 4093 1295 4155 cambri.
1313 4097 1351 4156 ln
1365 4095 1486 4157 martio
1501 4111 1644 4173 namque
1656 4097 1799 4159 mundus
1812 4098 1880 4161 tuit
1893 4117 1968 4163 con-

298 4191 399 4272 pbeta
410 4213 418 4252 :
430 4193 730 4266 latentemqucrtt
745 4197 876 4254 niensis
888 4195 1104 4265 etjer'entum
1158 4191 1257 4265 ditus,
1275 4193 1308 4255 et
1319 4192 1510 4270 redemptus
1529 4213 1537 4253 a
1557 4195 1604 4255 et
1622 4197 1767 4256 uerbum
1785 4211 1872 4258 curo
1889 4202 1968 4273 [αθ-

299 4289 412 4364 quiriti
425 4290 640 4362 atterentem
651 4289 801 4364 septimi,
815 4291 1104 4363 ctjejumumce-
1159 4291 1232 4351 rum
1251 4291 1304 4352 cst
1322 4290 1356 4352 ct
1376 4291 1543 4354 habitauit
1561 4293 1599 4352 tu
1617 4295 1723 4354 roobia
1741 4294 1779 4353 ln
1790 4295 1894 4370 junio
1909 4296 1964 4358 lex

298 4389 381 4448 dmi
402 4387 471 4450 crit
492 4389 586 4449 vobis
605 4389 642 4448 to
655 4389 822 4463 gaudium
835 4389 871 4450 ,et
884 4391 922 4450 iu
938 4393 1102 4453 commut-
1157 4387 1219 4450 fuit
1240 4387 1372 4450 condita
1394 4389 1427 4450 et
1447 4389 1674 4450 sanctuarium
1695 4389 1905 4466 institutum,
1929 4396 1961 4456 et

298 4485 388 4547 tuter
396 4490 591 4559 praecurras
606 4482 731 4564 (zach,
747 4500 821 4559 vni,
839 4484 903 4567 lo).
1157 4486 1453 4548 Praeoursornatus
1469 4487 1520 4548 est
1535 4487 1728 4550 salvatoris.
1752 4490 1790 4549 lu
1811 4493 1964 4567 septem-

335 4583 505 4660 Jejunium
519 4583 629 4661 quarti
642 4583 1039 4660 designatabstinentiam
1052 4585 1103 4648 oi·
1156 4581 1225 4644 bris
1245 4583 1393 4660 expiatio
1410 4582 1498 4646 iacta
1516 4585 1570 4646 est
1590 4584 1623 4645 et
1641 4585 1835 4662 propitiatio
1853 4588 1964 4666 impe-

295 4677 424 4754 borum,
445 4681 523 4759 quia
551 4683 693 4761 quatuor
714 4683 792 4744 sunt
815 4683 977 4746 elementa
1000 4684 1102 4763 bujus
1156 4681 1254 4754 trata,
1271 4682 1304 4743 et
1317 4683 1424 4744 mater
1438 4682 1511 4744 orta
1526 4683 1576 4745 θεῖ
1591 4683 1832 4760 Redemptoris.
1852 4688 1891 4746 ln
1907 4687 1966 4748 de-

294 4779 410 4840 muadi
426 4796 486 4857 per
500 4797 574 4858 quae
594 4779 759 4842 elementa
773 4779 867 4843 cibus
887 4781 1103 4844 administra·
1156 4777 1280 4840 cambri
1294 4779 1488 4842 mundatum
1510 4779 1574 4842 iuit
1591 4781 1751 4858 templum
1770 4783 1804 4843 et
1817 4782 1962 4846 dedica-

292 4877 359 4951 tur,
374 4878 541 4952 videlicet,
562 4883 664 4952 terra,
681 4893 780 4955 aqua,
796 4877 896 4955 ignis,
919 4880 1101 4944 etaer.1)e
1155 4875 1236 4949 tum,
1260 4877 1293 4938 θῖ
1313 4877 1411 4938 natus
1437 4877 1488 4938 est
1508 4877 1699 4953 unigenitus
1718 4880 1902 4942 creatoris.
1926 4883 1965 4944 nt

291 4974 382 5037 terra
394 4975 558 5053 prodeunt
570 4992 684 5039 omnes
699 4975 776 5049 cibi,
789 4975 819 5036 si
831 4991 918 5053 aqua
929 4976 1098 5052 irrigetur,
1154 4973 1234 5050 quia
1248 4973 1414 5052 jejunium
1435 4973 1585 5052 tempore
1606 4975 1804 5054 acceptabili
1824 4977 1966 5041 institu-

292 5073 326 5134 et
338 5073 447 5135 ventis
463 5071 519 5150 qui
535 5074 663 5134 suntin
680 5088 759 5134 aere
773 5074 963 5146 ventiletur,
980 5074 1013 5136 θῖ
1029 5074 1100 5136 sole
1155 5070 1226 5133 tum
1239 5073 1290 5133 est
1306 5071 1340 5133 in
1356 5071 1539 5134 subsidium
1554 5073 1758 5150 poenitentiae
1773 5076 1917 5150 nostras,
1933 5079 1966 5138 et

291 5171 450 5249 tanquam
464 5171 544 5248 igne
564 5170 706 5234 calefiat.
724 5172 898 5249 Jejunium
912 5173 1024 5245 quinte
1039 5171 1100 5234 de·
1155 5168 1251 5230 multi
1262 5171 1333 5247 jam
1352 5170 1525 5246 perierunt
1544 5171 1742 5248 pergulam,
1763 5187 1824 5233 nos
1839 5171 1964 5237 fratres

292 5268 403 5345 signat
411 5267 646 5332 abstinentiam
655 5269 867 5330 saecularium
876 5269 1096 5345 negotiorum,
1154 5267 1301 5329 nitamur
1314 5267 1444 5346 jeJunio
1470 5268 1586 5332 contra
1609 5268 1732 5346 gulam.
1759 5272 1825 5332 Per
1848 5272 1963 5347 gulam

292 5367 371 5445 quia
384 5368 461 5429 sunt
476 5368 621 5446 quinque
638 5383 757 5429 sensus
772 5366 997 5447 corporisper
1015 5383 1097 5445 quos
1153 5365 1257 5427 Adam
1298 5365 1416 5443 periit,
1456 5365 1540 5429 Loth
1579 5367 1744 5429 commisit
1779 5367 1962 5432 incestum.

293 5465 405 5527 omnia
427 5458 568 5542 negotia‘
577 5467 788 5535 exercentur,
807 5463 974 5536 videlicet,
991 5463 1095 5540 visus,
1152 5465 1293 5540 Propter
1298 5463 1463 5540 jejunium
1479 5463 1537 5526 aut
1555 5464 1790 5528 abstinentiam
1801 5467 1887 5528 socii
1898 5469 1947 5529 Da

295 5561 440 5633 auditus,
452 5564 580 5639 gustus,
593 5562 750 5626 odoratus
760 5562 794 5625 et
802 5561 920 5624 tactus.
928 5561 1095 5640 Jejunium
1152 5561 1221 5622 niel
1245 5563 1423 5624 evaserunt
1451 5561 1652 5625 incendium.
1679 5563 1822 5641 Propter
1845 5565 1959 5641 gulam
