4078 6442
182 313 186 320 .
303 241 358 300 451
914 240 1089 302 4444444
1112 239 1156 300 111
1179 239 1327 301 44444.
1734 247 1744 266 ·
1905 247 1965 303 aar

343 401 688 473 0144444234414044.
1152 404 1200 462 De
1213 402 1448 475 proventibus
1466 416 1549 477 quos
1564 404 1723 464 doristeus
1743 407 1847 478 Papa
1867 409 1962 466 reci·
2009 391 2010 398 '

343 502 389 560 La
407 499 537 572 Fracta,
554 501 593 560 46
608 499 744 560 4411044.
1190 499 1242 572 pit
1263 502 1305 560 de
1326 501 1546 573 Corrfesstoue
1563 502 1653 562 ocati
1668 503 1781 573 Petri,
1802 503 1838 562 et
1854 506 1961 562 Basi-

343 597 539 668 l'itreolum,
556 596 704 658 illibras.
1191 599 1257 656 tica
1277 597 1404 658 Salacia
1421 597 1640 670 Sanctorum,
1661 601 1805 660 circiter
1822 615 1959 661 444444
2011 604 2012 688 l

342 694 511 771 Bulgaria,
528 695 567 754 45
582 692 716 755 4414044.
1193 693 1283 753 1220.

343 793 452 864 Carvi,
465 791 609 854 6libras.

343 889 567 962 albinianum,
583 891 603 950 3
618 888 732 950 libras.
1193 891 1270 950 ileo
1293 892 1379 961 sunt,
1404 907 1477 967 quae
1496 890 1649 952 dominus
1665 895 1756 970 Papa
1772 894 1825 955 est
1840 909 1962 972 recep-

342 987 532 1059 Teizanum,
551 987 588 1049 18
604 987 740 1048 solidos.
1152 989 1247 1048 turus
1262 987 1303 1048 ab
1320 987 1397 1060 illis,
1413 988 1470 1066 qui
1482 990 1596 1050 emunt
1610 989 1856 1052 consessionem
1871 992 1960 1053 baali

343 1084 469 1158 Beleni,
488 1085 671 1148 insolidos.
1154 1085 1268 1156 Petri,
1305 1086 1485 1146 secundum
1519 1089 1670 1148 tenorem
1708 1089 1961 1165 praeteritorum

343 1184 513 1259 continge,
531 1185 570 1244 10
583 1183 718 1245 4414044.
1154 1181 1344 1244 ementium.

343 1281 531 1357 Marginata
547 1282 579 1350 et
592 1281 803 1352 corbianum,
821 1283 860 1340 40
875 1280 1011 1341 solidos.
1194 1281 1229 1340 In
1254 1280 1386 1356 primis,
1415 1281 1555 1358 singulis
1586 1280 1802 1345 hebdomadis
1836 1284 1960 1361 viginti

341 1379 483 1450 amelia,
500 1380 539 1439 15
550 1379 665 1450 libras,
680 1377 959 1458 ethollectoribus
981 1380 1021 1438 40
1040 1393 1098 1438 44-
1153 1393 1253 1438 unam
1269 1376 1388 1438 libram
1402 1394 1499 1440 cerae.

302 1476 400 1536 lidos.
1194 1477 1230 1535 ln
1253 1491 1448 1552 unoquoque
1475 1491 1591 1538 mense
1615 1493 1716 1538 unam
1742 1483 1958 1556 aquariciam

547 1575 688 1636 0404444
708 1575 854 1636 840444.
1154 1571 1236 1645 4144,
1264 1573 1298 1634 44
1323 1589 1423 1633 unam
1445 1573 1565 1635 libram
1592 1575 1728 1636 olibani.
1755 1577 1960 1650 Sciendum,

1154 1669 1239 1746 quod
1253 1670 1288 1730 in
1300 1670 1482 1732 Nativitate
1495 1673 1626 1733 Domini
1637 1674 1670 1734 44
1682 1673 1716 1734 in
1733 1675 1867 1736 Pascha
1880 1693 1963 1753 prae·

1154 1769 1249 1830 04444
1264 1784 1350 1830 cerae
1364 1768 1536 1845 duplicant
1552 1769 1781 1847 quantitatem,
1798 1775 1833 1835 et
1851 1774 1963 1834 oliba-

1155 1882 1235 1927 num
1250 1866 1414 1928 similiter.

1194 1967 1232 2025 In
1246 1965 1300 2026 die
1319 1963 1453 2026 sabbati
1464 1965 1505 2025 de
1518 1965 1610 2026 Albis
1626 1965 1738 2028 decem
1751 1967 1860 2028 libras
1875 1985 1961 2031 cerae

1155 2063 1335 2139 proagnis.

1195 2162 1231 2220 ln
1248 2160 1484 2222 purificatione
1504 2163 1635 2224 Sanctae
1652 2163 1768 2224 Mariae
1781 2163 1904 2224 decem
1919 2165 1964 2224 14-

1153 2255 1231 2318 0444
1244 2273 1330 2318 44444
1343 2274 1403 2334 pro
1418 2258 1577 2330 candelis,
1593 2260 1629 2320 44
1641 2261 1783 2338 quatuor
1797 2260 1961 2324 donamus

1154 2370 1214 2431 pro
1227 2354 1334 2426 iuncis
1349 2357 1557 2418 vastarariis.

1194 2453 1230 2514 ln
1245 2453 1506 2515 annuntiatione
1519 2453 1737 2516 tantumdem.

1195 2551 1231 2610 in
1247 2549 1428 2612 Nativitaie
1438 2551 1652 2613 tantumdem.

1195 2648 1232 2708 In
1248 2647 1302 2709 die
1320 2649 1520 2711 Jovissancti
1537 2649 1605 2711 tres
1624 2649 1781 2712 denarios
1798 2673 1806 2711 :
1826 2654 1963 2729 pondus

1154 2743 1294 2806 balsami
1310 2747 1494 2808 camerario
1508 2762 1568 2824 pro
1586 2747 1780 2824 chrismate,
1802 2753 1837 2810 44
1856 2767 1961 2812 unam

1155 2844 1360 2920 aquariciam
1380 2843 1461 2919 olei;
1475 2846 1508 2906 et
1523 2835 1698 2906 duodecim
1713 2847 1882 2923 ampullas
1902 2850 1959 2910 vi-

1154 2941 1255 3013 treas,
1273 2957 1333 3003 sex
1354 2944 1498 3020 majores
1518 2943 1550 3004 44
1568 2957 1630 3004 sex
1651 2944 1818 3021 minores3
1844 2947 1880 3006 44
1902 2962 1962 3007 sax

1155 3038 1329 3100 44444444.
1615 3035 1619 3046 ’

1194 3137 1347 3214 Acolythi
1370 3137 1489 3202 debent
1512 3139 1546 3200 in
1564 3139 1736 3201 Dominica
1764 3141 1960 3202 Palmarum

1156 3233 1238 3296 duos
1253 3235 1378 3297 solidos
1393 3237 1649 3312 provisinorum.

1196 3335 1233 3394 In
1248 3349 1447 3412 unaquaque
1469 3336 1622 3407 statione,
1650 3336 1781 3413 quando
1803 3336 1962 3400 dominus

1156 3433 1246 3507 Papa
1267 3431 1359 3494 vadit
1379 3431 1420 3493 ad
1445 3435 1603 3494 Sanctum
1623 3435 1769 3507 Petrum,
1781 3435 1905 3512 recipit
1923 3440 1964 3497 40

1156 3526 1278 3588 solidos
1294 3529 1573 3605 provenientium,
1588 3531 1621 3592 44
1640 3535 1658 3592 4
1675 3532 1868 3608 aquaricias
1891 3533 1964 3594 cla-

1155 3625 1230 3696 4444,
1250 3641 1323 3687 cum
1339 3628 1523 3688 camerario
1538 3629 1571 3689 44
1587 3629 1801 3690 cancellario.
1816 3631 1960 3702 Quando

343 3761 389 3820 De
405 3759 522 3820 catino
549 3757 687 3818 ΗΜ
702 3758 978 3834 provenientium·
1155 3723 1247 3785 vadit
1258 3723 1299 3784 ad
1311 3740 1499 3801 vesperum,
1511 3723 1608 3787 debet
1622 3725 1746 3788 habere
1758 3741 1819 3804 par
1831 3726 1962 3788 iacula·

344 3859 390 3917 De
405 3859 513 3918 Lumo
525 3803 533 3831 '
545 3858 565 3917 3
577 3855 680 3916 libras
694 3855 971 3931 provenientium·
1156 3835 1240 3892 rum,
1254 3821 1401 3895 2110444,
1418 3823 1452 3884 44
1465 3821 1506 3884 40
1522 3823 1658 3884 missam
1668 3825 1689 3884 2
1701 3823 1815 3884 libras.
1830 3827 1963 3888 Praete-

344 3957 390 4015 ΒΘ
404 3902 545 4016 Cimb
573 3953 649 4014 Lori
692 3968 766 4029 ΨΜ
796 3955 846 4013 est
875 3951 975 4012 hodie
991 3952 1102 4015 Monte
1157 3933 1213 3979 rea
1228 3919 1361 3991 calices,
1372 3921 1688 3995 crucesthuribula,
1702 3920 1824 3983 bacilia
1840 3939 1960 3996 aurea,

303 4051 416 4122 mlle,
437 4053 475 4111 18
487 4050 590 4111 libras
601 3997 879 4126 prgvementium·
1157 4016 1227 4078 sive
1237 4019 1407 4094 argentea,
1419 4019 1451 4080 44
1464 4019 1563 4080 etiam
1580 4035 1677 4080 omne
1690 4034 1808 4080 aurum
1818 4020 1913 4082 aliud
1928 4025 1962 4083 44

345 4151 391 4208 04
416 4144 647 4218 414440411444,
678 4146 718 4205 10
740 4145 863 4206 4444044
887 4145 1102 4206 denariorum
1157 4117 1330 4190 argentum
1351 4115 1548 4206 ¹³h⁰fflt¹¹m²
1566 4117 1720 4190 ⁰³mi⁸⁰⁸i
1741 4117 1874 4189 amites,
1890 4121 1963 4180 Sbo·

306 4243 532 4321 Papiensium·
1157 4211 1963 4292 laS,manipuloscorporalia,supercalices‚ma-

544 4349 547 4356 .
1157 4310 1327 4386 nustergia
1349 4311 1390 4370 de
1409 4311 1616 4384 Alamannia,
1633 4313 1666 4374 et
1682 4313 1794 4390 pallia,
1816 4329 1921 4391 super
1940 4317 1961 4375 0

344 4413 773 4489 444444444-844444444
792 4413 867 4474 0404
884 4413 1050 4475 redituum
1061 4429 1104 4474 ex
1157 4407 1260 4468 140444
1282 4407 1553 4481 efformatorum,
1576 4425 1649 4488 (11¹ae
1676 4411 1717 4471 ad
1741 4411 1961 4474 4140440449-

306 4512 437 4573 urbium
447 4509 1102 4586 etcastellorumtributisetvectigalibus
1157 4505 1287 4566 runtur.

305 4607 583 4687 provenientium.
601 4607 727 4668 Praeter
748 4608 848 4670 hosce
866 4607 1026 4685 publicos,
1044 4607 1104 4669 alii
1198 4604 1290 4665 Sicut
1309 4605 1410 4666 etiarn
1435 4605 1548 4666 inveni
1569 4605 1604 4666 in
1622 4607 1744 4684 scripto
1760 4607 1838 4680 alio,
1862 4607 1962 4668 debet

306 4707 485 4785 proventus
502 4706 688 4784 peculiares
704 4707 800 4768 44444
817 4707 974 4768 Romanis
989 4705 1105 4766 Ponti·
1158 4700 1280 4763 babere
1307 4718 1326 4762 a
1355 4701 1439 4766 sesto
1465 4704 1577 4764 Sancti
1607 4705 1760 4780 Gregorii
1784 4721 1891 4782 usque
1918 4707 1960 4766 40

306 4805 422 4866 444044
439 4821 481 4866 ex
494 4820 657 4866 concursu
673 4804 774 4867 totius
787 4803 975 4866 Occidentis
990 4803 1102 4865 chris·
1158 4800 1375 4861 Pentecosten
1389 4800 1530 4876 singulis
1544 4799 1672 4870 diebus,
1683 4803 1721 4862 12
1736 4802 1892 4863 denarios
1904 4819 1962 4880 pa-

344 1712 390 1771 04
417 1708 587 1780 444114444,
608 1707 772 1768 22140444
794 1707 1004 1779 Lucensium,
1024 1721 1099 1767 cum

304 1807 448 1868 castello
463 1807 631 1868 44444444.

342 1907 389 1966 04
403 1904 552 1982 Flajano,
568 1906 587 1964 6
602 1901 704 1964 libras
719 1901 996 1981 provenientium.

342 2004 388 2064 04
403 2001 552 2072 Τ44444ο,
566 2003 586 2062 6
601 1999 702 2061 110444
718 1999 997 2076 provenientium.

342 2103 389 2161 De
403 2083 523 2161 Sancto
537 2098 629 2170 Polo,
646 2101 666 2159 6
679 2097 785 2159 libras
801 2098 1077 2174 provenientium.

342 2199 389 2258 04
401 2199 568 2268 Mozzano,
583 2195 720 2258 6140444
735 2195 1011 2273 provenientium.

343 2297 389 2356 04
402 2298 499 2366 Poza,
513 2297 533 2356 6
547 2294 651 2355 libras
666 2293 945 2371 provenientium.

343 2395 389 2455 04
404 2393 589 2463 04044444,
606 2391 743 2453 6140444
758 2391 1037 2469 provenientium.

343 2493 389 2552 04
402 2491 514 2563 841444,
530 2493 550 2552 6
565 2490 668 2551 libras
684 2489 962 2568 provenientium.

343 2591 389 2650 04
403 2591 520 2660 Τ4444,
533 2589 553 2650 6
565 2588 668 2649 140444
684 2587 962 2665 provenientium.

343 2690 389 2748 04
404 2689 544 2759 Bacone,
561 2684 695 2747 6libras
715 2684 991 2762 provenientium.

345 2787 393 2846 04
408 2783 589 2854 04444404,
603 2780 738 2844 0140444
755 2782 1032 2859 provenientium.

343 2885 390 2942 04
405 2883 527 2953 Monte,
544 2880 680 2942 dlibras
696 2879 973 2957 provenientium.

345 2981 391 3042 04
403 2981 521 3055 Aspra,
532 2979 552 3038 6
565 2977 667 3038 libras
679 2977 954 3053 provenientium.

344 3079 391 3137 04
413 3074 555 3136 04444114
580 3075 709 3148 04444,
732 3076 752 3133 0
775 3073 878 3135 140444
900 3072 1103 3151 provenien-

305 3175 399 3235 tium.

344 3273 391 3332 De
407 3271 628 3348 CaprignanO,
642 3273 662 3332 6
676 3270 781 3331 libras
796 3268 1073 3347 provenientium.

344 3369 391 3428 04
408 3367 627 3438 Montecalvo,
643 3370 662 3428 6
677 3366 780 3428 110444
792 3366 1073 3444 pgovenientium.

343 3468 390 3526 04
405 3463 604 3537 0444411444,
620 3464 757 3526 6140444
776 3465 1053 3542 provenientium.

344 3566 389 3625 04
406 3563 510 3638 04114,
526 3561 661 3624 6140444
675 3563 953 3639 provenientium.

342 3664 389 3722 04
406 3665 526 3733 Rocca,
542 3661 679 3722 6140444
695 3661 973 3737 provenientium.

306 4903 389 4966 tiani
420 4903 461 4964 ad
487 4902 713 4979 Apostolicam
744 4903 878 4974 Sedem,
901 4903 971 4964 tuin
1000 4915 1104 4965 causa
1158 4896 1300 4972 pienses,
1318 4899 1351 4959 et
1362 4898 1534 4959 denarium
1550 4914 1609 4976 pro
1619 4899 1795 4975 implendis
1811 4899 1962 4962 lontibus

305 4997 504 5076 impetrandi
516 4997 690 5075 privilegia
701 5013 741 5058 ac
753 4998 950 5074 patrocinia,
962 5000 1032 5061 tum
1047 5017 1105 5064 oo-
1158 4994 1243 5071 apud
1258 4995 1413 5056 Sanctum
1426 4999 1443 5057 J
1447 5011 1586 5058 oannem
1601 4997 1872 5060 Lateranensem.

306 5098 441 5158 4444444
459 5094 720 5173 appellationum
740 5097 773 5156 44
798 5095 1103 5159 controversiarum
1198 5093 1235 5152 in
1264 5092 1318 5154 die
1342 5093 1555 5166 Jovissanoti,
1570 5096 1603 5154 et
1617 5093 1669 5154 die
1691 5094 1957 5166 Venerissancti.

305 5194 499 5272 multiplicis
514 5192 657 5269 generis.
674 5191 737 5254 Sed
752 5192 785 5253 et
800 5208 843 5253 ex
853 5193 935 5269 ipsis
950 5195 1103 5257 Basilicis
1158 5189 1332 5266 episcopus
1354 5191 1485 5253 Sancte
1504 5191 1631 5254 0441444
1648 5191 1769 5270 recipit
1784 5195 1852 5270 jus,
1870 5195 1961 5272 quod

307 5289 465 5353 Romanis
494 5287 618 5366 aliquid
652 5286 874 5349 effluebatin
906 5289 1104 5352 Pontificum
1158 5285 1958 5366 consuevithabere:videlicetarcame'taltare;

308 5387 443 5458 scrinia,
461 5386 510 5447 uti
528 5384 695 5462 intelliges
710 5401 728 5446 e
744 5385 957 5462 subsequenti
975 5387 1102 5462 charta,
1157 5399 1200 5445 ⁶¹
1224 5401 1288 5460 quo
1310 5384 1461 5461 0411844414
1478 5385 1518 5446 ad
1540 5386 1749 5459 matutinum,
1772 5389 1960 5466 usquedum

308 5501 406 5564 quam
422 5499 440 5544 e
454 5481 657 5559 praelaudato
673 5484 805 5558 regesto
820 5485 888 5546 MS.
911 5485 1024 5548 Cencii
1047 5503 1104 5550 ca·
1158 5481 1272 5542 4444444
1287 5481 1446 5557 officium;
1466 5483 1499 5545 et
1512 5499 1556 5544 ex
1570 5499 1635 5561 quo
1647 5483 1799 5561 pulsatur
1812 5485 1854 5546 ad
1871 5488 1960 5547 mis-

309 5579 446 5644 merarii
462 5579 651 5656 deprompsi
669 5601 675 5640 :
1158 5595 1227 5640 sam
1241 5594 1345 5656 usque
1361 5580 1400 5641 ad
1416 5579 1514 5644 finem
1530 5580 1651 5644 missae.
1667 5581 1766 5644 84144
1777 5585 1855 5660 J'ure
1875 5599 1962 5648 can-
