4076 6420
305 267 367 330 699
771 257 949 323 HONORII
969 259 1015 319 111
1036 255 1185 318 OPERA.
1202 283 1241 298 -
1257 257 1489 320 BERMONES.
1916 262 1982 334 roo

306 429 375 493 tres
398 435 550 504 personna
569 421 691 482 :Pater
718 418 750 482 et
775 417 881 481 Filius
905 418 938 481 et
959 417 1102 496 Spiritus
1157 416 1283 484 tentiis.
1315 415 1409 480 Unde
1421 415 1527 480 David
1544 435 1553 476 ε
1569 419 1687 482 Ditecct
1706 419 1885 485 mandata
1912 423 1980 486 tua

307 523 460 595 Sanctus,
473 520 530 598 qui
545 520 623 580 sunt
637 533 723 578 unus
734 518 833 590 Deus,
850 532 936 578 unus
953 516 1100 588 creator,
1156 529 1263 590 super
1287 529 1415 578 aurum
1436 515 1471 577 θῖ
1493 516 1653 591 topazios
1675 514 1744 596 (Ρε.
1774 520 1848 588 118,
1877 520 1977 600 127).

306 635 394 683 unius
418 617 643 696 Omnipotens,
657 631 743 676 unus
764 617 960 677 AEternus...
986 615 1026 676 at
1046 615 1102 693 qui
1156 611 1247 673 Thus
1274 613 1396 674 dicitur
1429 612 1567 675 uerbum
1596 615 1853 691 consolationis,
1889 621 1977 696 quia

306 721 375 782 tres
390 717 467 779 sunt
481 730 594 786 unum,
612 729 678 774 una
690 712 847 786 essentia,
875 714 908 775 et
920 728 1006 773 unus
1022 711 1102 789 spi·
1157 710 1245 772 sicut
1258 710 1335 771 thus
1351 710 1462 772 odoris
1487 711 1652 774 suauitate
1673 714 1844 777 confortat
1869 733 1978 778 cere-

305 817 411 892 ritus3
437 814 604 876 ettamen
628 812 855 888 unusquisque
879 811 929 873 θεῖ
953 810 1101 888 spiritus
1157 808 1265 880 hrum,
1289 808 1337 870 ita
1364 809 1503 870 verbum
1524 809 1762 873 consolationis
1792 813 1976 876 confortat

306 913 432 976 Hocest
444 911 624 972 maximum
633 909 843 986 priuilegium
853 909 886 969 in
895 908 1102 970 sacramento
1157 907 1314 968 animam.
1335 907 1429 969 Unde
1453 907 1587 970 isaias:
1612 911 1814 983 Gortfortate
1835 927 1977 974 martiis

307 1011 491 1082 (trinitatis,
508 1008 595 1087 quod
617 1008 652 1069 in
668 1006 769 1068 nullis
787 1007 863 1069 aliis
882 1006 981 1068 rebus
1001 1021 1102 1084 repe·
1156 1005 1358 1078 dissolutae,
1398 1007 1433 1068 θῖ
1475 1021 1589 1084 pertua
1630 1010 1753 1069 acidia
1798 1012 1978 1072 roborate

305 1109 392 1171 ritur
412 1107 551 1178 scilicet,
589 1103 675 1183 quod
699 1104 778 1166 sunt
801 1104 869 1166 tres
895 1118 1046 1182 personae
1071 1102 1103 1164 et
1159 1099 1216 1180 (Is.
1233 1118 1341 1177 xxxv,
1355 1100 1400 1181 3).
1417 1104 1555 1180 Myrrha
1577 1104 1698 1166 dicitur
1719 1103 1867 1166 verbum
1892 1123 1975 1168 cor·

307 1222 373 1268 una
386 1205 542 1266 essentia.
1157 1200 1327 1274 rectionis,
1345 1202 1422 1279 quia
1438 1202 1524 1264 sicut
1543 1201 1678 1278 myrrha
1693 1203 1880 1265 mortificat
1896 1221 1974 1266 rer-

345 1307 395 1366 De
409 1305 521 1364 medio
535 1304 613 1362 ructu
628 1315 638 1360 .·
654 1297 768 1362 Rullus
787 1298 838 1360 est
857 1299 960 1376 Virgo
981 1297 1100 1370 Maria,
1157 1311 1238 1369 mes,
1267 1298 1314 1359 ita
1343 1298 1482 1359 uerbum
1511 1299 1728 1360 correctionis
1756 1301 1972 1363 exterminat

307 1417 382 1480 quae
403 1401 488 1462 bene
509 1399 632 1461 dicitur
656 1397 770 1470 rubus
797 1412 870 1474 quae
894 1397 944 1458 θεῖ
967 1395 1103 1457 humilis
1157 1394 1294 1456 vitiosos
1323 1411 1444 1457 mores.
1468 1399 1514 1457 De
1543 1397 1650 1474 primo
1672 1398 1968 1460 Ecclesiasticus:

306 1497 417 1560 arhor.
433 1497 528 1559 Unde
546 1497 718 1558 humiliter
739 1495 917 1572 significat,
931 1511 1004 1573 quae
1018 1494 1103 1555 nihil
1159 1494 1409 1555 oruamentum
1435 1508 1584 1556 aureum
1609 1497 1778 1568 prudenti
1799 1499 1970 1558 doctriua

306 1595 468 1656 humilius
483 1595 522 1655 de
538 1609 574 1656 se
599 1593 710 1654 dicere
724 1592 831 1669 potuit
847 1609 854 1647 :
873 1597 960 1654 Ecce
981 1596 1104 1654 eludia
1157 1591 1210 1651 θεῖ
1228 1590 1329 1668 (ΕθθΙ.
1347 1606 1418 1664 xx1,
1439 1590 1506 1671 24).
1529 1595 1576 1653 Ι)θ
1600 1593 1746 1655 secundo
1771 1594 1966 1656 Salomon:

306 1695 456 1764 Domtui,
468 1689 535 1770 stult
543 1693 629 1752 mihi
642 1693 829 1751 secularium
840 1693 983 1751 verdum
1004 1691 1102 1751 tuum
1156 1691 1264 1750 Bonis
1292 1693 1396 1752 amici
1425 1692 1578 1752 consitiis
1609 1694 1729 1752 aalma
1754 1695 1969 1754 dulcoratur

307 1788 402 1870 (Luc.
424 1803 449 1860 1,
468 1787 534 1866 38).
562 1787 601 1849 ut
626 1787 701 1848 ideo
725 1787 831 1848 uoluit
855 1802 927 1847 eam
958 1786 1102 1864 figurare
1158 1783 1271 1864 (Prov.
1288 1801 1396 1862 xxvu,
1412 1785 1458 1868 9).
1474 1789 1521 1848 De
1541 1787 1641 1849 tertio
1662 1789 1846 1864 Apostolus
1865 1794 1966 1852 :Ro-

306 1901 368 1965 per
381 1885 605 1962 cedrumquae
628 1883 795 1960 significat
816 1883 966 1960 potentes
990 1885 1023 1945 et
1041 1901 1102 1944 su·
1156 1898 1361 1958 qumusvos,
1373 1883 1539 1962 corripite
1552 1885 1733 1962 inquietos.
1749 1883 1779 1966 (l
1793 1887 1919 1949 Thess.
1933 1905 1965 1962 v,

306 1983 439 2062 perbos.
455 1982 600 2044 Medium
613 1981 688 2042 ruhi
703 1982 753 2043 θεῖ
771 1981 885 2043 uterus
899 1980 1047 2056 Virginis
1063 1980 1102 2042 de
1158 1979 1224 2055 14.)

306 2097 371 2160 quo
397 2079 565 2142 nascendo
598 2079 759 2140 Dominus
790 2078 823 2140 θῖ
854 2078 953 2140 homo
985 2077 1099 2152 exirit,
1196 2078 1386 2140 Thesaurus
1405 2077 1521 2155 gloriae
1543 2079 1594 2141 est
1612 2080 1738 2142 aeterna
1753 2097 1963 2146 remunera-

304 2181 463 2260 tanquam
499 2193 641 2256 sponsus
673 2175 857 2255 procedens
884 2175 925 2238 de
952 2175 1101 2239 thalamo
1157 2175 1254 2238 tioin
1274 2177 1369 2238 coelo.
1393 2176 1486 2238 Unde
1508 2177 1667 2239 Dominus
1686 2179 1722 2238 in
1744 2181 1962 2257 Evangelio:

306 2293 378 2338 suo.
393 2276 486 2338 Unde
508 2275 611 2336 rubus
631 2273 769 2336 ardebat
789 2274 822 2337 et
843 2289 910 2336 non
925 2273 1102 2336 combure·
1156 2275 1275 2336 Facite
1309 2277 1403 2336 voltis
1429 2281 1580 2338 sacculos
1608 2279 1667 2352 qut
1701 2291 1770 2338 nou
1792 2280 1961 2341 veteras-

304 2374 413 2437 hatur.
437 2373 604 2446 Ardebat,
621 2373 700 2450 quia
726 2371 767 2434 de
788 2373 882 2434 utero
907 2374 979 2450 eJus
1005 2372 1101 2433 natus
1156 2374 1254 2445 auat,
1273 2373 1474 2435 thesaurum
1493 2387 1562 2434 nou
1580 2375 1795 2447 deficientem
1813 2377 1853 2437 iu
1877 2384 1961 2439 coelo

304 2472 355 2535 est
367 2471 535 2548 Christus3
551 2485 620 2532 aaa
632 2471 905 2542 comburebatur,
913 2469 1101 2548 quiavirgo
1157 2467 1251 2549 (Luc.
1273 2484 1334 2542 xn,
1356 2469 1421 2548 33).
1442 2473 1489 2531 De
1511 2470 1573 2532 hoc
1597 2471 1755 2534 thesauro
1780 2473 1959 2535 offerimus

304 2571 381 2633 ante
409 2569 551 2647 partum,
581 2569 684 2644 Virgo
712 2569 787 2646 post
817 2569 959 2645 partum.
987 2567 1026 2629 Et
1054 2568 1103 2629 ait
1157 2566 1192 2626 in
1214 2565 1325 2628 tuturo
1340 2568 1615 2642 saeculoaurum,
1630 2568 1725 2642 idest,
1742 2569 1960 2648 splendorem

305 2671 437 2746 Moyses
455 2689 462 2727 :
478 2669 537 2729 lto
550 2668 584 2730 ct
595 2669 713 2728 videbo
726 2668 896 2727 visionem
916 2671 1003 2728 hurle
1025 2681 1102 2726 ma·
1156 2665 1261 2728 nostri
1277 2666 1437 2743 corporis.
1454 2666 1548 2728 Unde
1562 2667 1721 2729 Dominus
1739 2684 1746 2723 :
1762 2673 1961 2746 mactarit

304 2782 410 2844 quam
430 2763 546 2841 (Exod.
563 2780 612 2838 1n,
628 2763 674 2844 3).
691 2767 812 2841 Magna
831 2765 864 2827 et
881 2764 1032 2825 miranda
1052 2763 1103 2826 θεῖ
1148 2765 1240 2836 justi
1269 2763 1358 2824 sicut
1392 2769 1442 2826 sol
1473 2768 1511 2825 tu
1544 2779 1652 2842 raquo
1680 2767 1804 2829 Putris
1833 2783 1961 2830 eorum

305 2864 364 2926 illa
377 2864 474 2937 visio,
499 2863 585 2942 quod
607 2862 709 2940 Virgo
731 2863 898 2939 concipiat
921 2862 954 2925 et
974 2862 1099 2940 pariat3
1157 2859 1289 2934 (Matth.
1309 2876 1383 2934 xnr,
1406 2857 1472 2940 43).
1497 2865 1595 2934 diue,
1619 2862 1705 2924 idest
1725 2863 1861 2926 laudem
1882 2866 1959 2928 odo

305 2961 339 3022 et
351 2961 437 3038 quod
452 2960 520 3022 tres
536 2960 602 3021 sint
614 2975 712 3031 unus,
729 2961 761 3022 et
777 2975 863 3020 unus
877 2960 956 3022 tres.
975 2960 1099 3032 Quasi:
1155 2959 1214 3019 rie.
1247 2959 1341 3021 Unde
1367 2959 1470 3020 David
1498 2981 1506 3019 :
1532 2963 1733 3022 Gaudebuat
1758 2963 1850 3024 labia
1879 2981 1958 3026 mea

305 3059 384 3120 Noa
398 3061 542 3119 manebo
556 3061 594 3118 iu
604 3057 867 3132 posterioribus,
882 3059 943 3117 scd
964 3069 1102 3131 semper
1155 3055 1236 3114 dum
1256 3054 1399 3116 caritabo
1422 3055 1482 3116 uu
1504 3051 1575 3132 (Ρε.
1591 3057 1641 3128 70,
1664 3055 1729 3130 23).
1755 3061 1955 3132 Myrrham,

305 3157 349 3216 ad
363 3155 602 3215 interiorque
616 3153 813 3215 eccieudaru.
826 3152 937 3214 Ethoc
952 3152 1101 3230 estquod
1155 3149 1250 3222 idest,
1271 3150 1553 3214 immortalitatem
1575 3154 1697 3214 carnis.
1721 3155 1817 3216 Unde
1839 3159 1953 3234 Apos-

306 3252 470 3313 mirantur
483 3251 625 3328 praelati,
641 3249 749 3312 ethoc
764 3248 913 3315 christus
928 3250 977 3311 eis
993 3266 1100 3328 appa·
1154 3247 1242 3309 tolus
1269 3268 1276 3308 ε
1301 3250 1450 3311 Mortale
1475 3254 1537 3312 hoc
1559 3252 1678 3313 induet
1705 3255 1957 3317 immortalita-

305 3349 558 3413 rendorevelat.
575 3347 669 3412 Unde
686 3348 851 3426 sequitur:
874 3351 1102 3412 Vertumuoa
1157 3347 1226 3407 tem
1254 3343 1283 3426 (1
1306 3348 1379 3408 Cor.
1403 3363 1461 3421 xv,
1486 3346 1551 3428 53).
1574 3349 1614 3412 Εῖ
1642 3349 1705 3411 hoc
1731 3350 1795 3412 erit
1819 3354 1955 3430 quando

304 3449 357 3511 est
378 3450 415 3509 ia
434 3463 495 3510 ore
522 3449 590 3521 tuo,
611 3449 672 3508 sed
689 3460 799 3522 prope
822 3447 875 3508 θεῖ
897 3449 933 3508 ῖη
952 3461 1012 3509 ονθ
1030 3447 1099 3519 tua,
1156 3444 1305 3523 subjecta
1326 3445 1391 3508 erit
1413 3445 1509 3507 nohis
1526 3463 1626 3509 mors.
1642 3449 1721 3509 Haec
1741 3449 1808 3510 tria
1831 3451 1957 3512 ottere-

303 3547 382 3624 quia
396 3543 587 3622 supradicta
610 3560 677 3606 non
700 3544 778 3605 sunt
801 3543 836 3605 in
861 3546 1001 3618 loanne,
1027 3561 1100 3622 quae
1155 3543 1386 3615 musDominO,
1400 3545 1956 3622 quandocumgratiarumaotione

303 3659 371 3706 non
392 3642 501 3722 potest
521 3659 561 3704 ea
585 3640 877 3720 comprehendere.
904 3643 997 3705 Unde
1019 3642 1100 3705 tldas
1155 3640 1469 3716 repraesentabimus
1488 3658 1548 3705 nos
1565 3633 1723 3721 in'regno
1746 3646 1831 3721 ejus

304 3757 371 3804 non
386 3741 486 3804 hahet
497 3739 661 3814 meritum,
679 3739 797 3802 cui.....
815 3737 875 3820 (l),
890 3740 947 3802 sed
963 3741 1006 3802 sit
1018 3740 1101 3802 tides

303 3839 339 3900 in
363 3839 462 3900 corde
484 3839 521 3900 ut
543 3837 749 3900 ambulemus
773 3853 834 3915 per
855 3838 997 3914 aenigma
1024 3839 1102 3900 tan-

304 3952 403 4016 quam
424 3952 485 4014 per
507 3935 689 4012 speculum,
715 3935 818 3997 donec
840 3935 1101 4012 comprehenda-
1534 3910 1569 3997 X

303 4050 378 4096 mus
408 4033 445 4095 in
470 4034 590 4109 specie.
617 4032 788 4110 Myrrham
816 4047 897 4108 argo
929 4032 1099 4094 offenmus

303 4131 383 4202 Deo,
399 4129 529 4207 quando
545 4145 685 4208 corpora
704 4130 818 4190 nostra
838 4129 871 4190 et
895 4127 1100 4192 subditorum
1283 4139 1329 4200 ΙΝ
1351 4141 1555 4204 DOMINmA
1577 4143 1630 4203 ΒΕ
1651 4143 1823 4206 NUPTns

305 4227 495 4288 nostrorum
521 4227 735 4303 castigamus.
772 4223 866 4288 Unde
887 4226 1063 4303 Apostolus
1089 4251 1097 4290 ε

304 4326 441 4400 Castico
477 4339 602 4398 corpus
627 4337 743 4385 ructum
773 4324 808 4386 θῖ
835 4326 872 4385 ia
893 4325 1099 4392 seruitutem
1192 4327 1449 4401 Nupticetactoe
1463 4329 1596 4390 suntin
1616 4333 1733 4393 Chullu
1752 4333 1902 4405 θαῖῖῖθαθ,
1916 4335 1950 4395 θῖ

302 4426 421 4500 redigo
437 4419 462 4492 (l
477 4423 550 4485 Cor.
568 4419 695 4501 1x‚27).
1154 4423 1232 4482 erat
1255 4425 1371 4486 Mater
1384 4428 1467 4487 Jesu
1485 4429 1541 4489 lu.
1571 4429 1715 4490 Vocatus
1738 4431 1790 4491 est
1802 4433 1905 4493 Jesus
1916 4433 1949 4493 et

205 4603 208 4611 .
342 4520 533 4582 Thesaurus
553 4520 725 4597 sapientiae
749 4521 799 4582 est
820 4519 954 4584 claritas
974 4519 1100 4584 intelli·
1153 4523 1318 4595 Discipuli
1328 4524 1403 4594 ejus
1417 4527 1462 4584 aa
1475 4525 1616 4600 strepitus
1631 4523 1740 4606 (toan.
1756 4542 1794 4599 11,
1812 4524 1856 4606 l).

303 4619 424 4698 gentica
440 4634 514 4680 cum
527 4618 701 4680 charitate.
718 4619 811 4680 Unde
826 4619 981 4682 Salomon
994 4643 1001 4682 :
1015 4625 1100 4684 The·
1193 4619 1395 4694 Evangelica
1421 4621 1519 4684 lectio
1547 4638 1646 4700 quam
1674 4623 1824 4698 audistis,
1855 4625 1947 4702 quasi

301 4733 431 4782 saurtls
457 4717 713 4778 coruidcrahilts
748 4719 932 4792 requiescit
967 4722 1004 4780 ill
1038 4733 1099 4782 ore
1154 4731 1256 4776 unum
1282 4716 1323 4778 de
1356 4717 1548 4780 fluminibus
1572 4720 1730 4797 paradisi,
1761 4721 1947 4784 coelestibus

302 4816 481 4894 sapientis.
504 4818 550 4876 De
577 4814 639 4877 hoc
662 4813 820 4876 thesauro
843 4816 1013 4879 offerimus
1035 4831 1100 4878 au-
1153 4812 1275 4876 retenta
1290 4815 1458 4892 mysteriis
1481 4817 1659 4896 exponitur
1682 4818 1864 4880 secundum
1879 4821 1948 4880 his-

301 4931 395 4988 ruru,
424 4912 511 4975 idest
541 4912 678 4974 verhum
705 4912 863 4976 doctrinae
892 4913 1096 4991 spiritualis3
1130 4910 1285 4992 tortam,
1309 4913 1520 4989 allegoriam,
1548 4913 1784 4991 tropologiam,
1811 4917 1845 4980 et
1867 4933 1947 4978 ana-

303 5013 391 5085 tuus,
429 5011 514 5072 idest
538 5009 677 5071 verbum
707 5011 959 5088 consolationis;
996 5029 1097 5087 rupr—
1153 5024 1273 5085 gogen.
1295 5011 1387 5072 Unde
1415 5027 1483 5074 non
1502 5012 1669 5074 immerito
1693 5014 1893 5090 praedicatur
1911 5016 1946 5077 in

301 5115 415 5182 riam,
443 5107 531 5170 idest
552 5107 689 5169 uerbum
716 5109 944 5170 correctionis
972 5113 1097 5172 Aurum
1154 5123 1193 5168 ea
1224 5107 1366 5184 primum
1396 5109 1527 5185 signum
1551 5110 1637 5188 quod
1671 5111 1750 5174 tecit
1785 5113 1881 5174 lesus
1911 5114 1945 5174 in

301 5209 352 5270 est
365 5207 503 5268 verbum
525 5204 684 5268 doctrinae
706 5205 901 5282 spiritualis,
917 5207 993 5284 quia
1013 5207 1099 5270 sicut
1154 5204 1267 5266 Chana
1282 5205 1434 5279 Galileae,
1459 5207 1496 5269 ut
1518 5207 1554 5269 in
1576 5224 1615 5270 eo
1641 5208 1871 5272 manifestetur
1891 5213 1944 5274 to-

301 5321 419 5368 aurum
442 5303 492 5366 est
506 5303 712 5383 splendidius
727 5304 859 5366 caeteris
880 5305 1033 5378 metallis,
1050 5307 1097 5368 ita
1153 5304 1222 5365 tum
1237 5303 1385 5366 divinum
1407 5320 1480 5366 esse
1502 5307 1708 5383 mysterium,
1725 5308 1810 5386 quod
1832 5310 1868 5370 in
1886 5309 1945 5372 hac

300 5402 451 5466 doctrina
467 5401 650 5481 spiritualis
671 5403 721 5466 θεῖ
736 5403 855 5465 melior
872 5402 1001 5466 caeteris
1020 5421 1098 5466 sen·
1152 5401 1294 5464 lectione
1331 5403 1632 5479 comprehenditur.
1675 5407 1854 5468 Sciendum
1886 5410 1942 5481 est,

1153 5501 1239 5578 quod
1261 5499 1337 5562 aliae
1353 5499 1430 5562 sunt
1445 5502 1568 5579 nuptiae
1591 5519 1664 5581 quae
1686 5503 1769 5566 tlunt
1787 5505 1877 5567 inter
1892 5507 1943 5568 ri-

337 5593 378 5670 (l)
398 5597 451 5654 llic
465 5595 549 5655 desiit
562 5598 795 5672 marruscriptum.
1128 5615 1226 5674 ,rum
1249 5599 1282 5661 et
1302 5597 1472 5674 seminam,
1500 5600 1576 5663 aliae
1607 5601 1695 5664 inter
1721 5601 1886 5665 Christum
1913 5607 1943 5668 et
