4076 6420
42 317 108 385 661
628 319 674 384 666
695 319 947 384 mmmmm
967 291 1117 382 nounu
1139 316 1165 379 1.
1650 313 1711 376 see

45 483 140 552 61166,
160 483 406 562 carantanas,
425 481 529 552 Dens,
542 481 669 553 Fortis,
681 480 793 542 Pater
803 481 862 554 666-
917 479 1051 542 6666666.
1066 476 1172 540 Hodie
1184 473 1262 540 nota
1276 477 1327 538 666
1345 471 1518 554 prasentia
1530 471 1706 552 temporis3

46 577 128 638 tart
141 579 281 648 66666616,
297 579 465 650 Princeps
476 579 585 654 66666.
602 573 659 657 (66.
679 592 726 650 rx,
740 574 787 656 6.)
916 576 1037 640 661666
1052 575 1260 653 6661666666
1279 571 1476 646 aeternitate,
1499 572 1534 634 in
1554 588 1619 649 qua
1640 587 1708 634 non

89 673 196 735 Licet
226 672 434 736 nativitatem
467 673 599 736 Domini
634 673 749 736 Nostri
782 673 863 738 lesu
916 671 967 734 est
980 687 1042 732 neo
1056 671 1272 748 praeteritum,
1282 686 1345 732 nea
1354 669 1513 742 futuroru,
1531 668 1589 730 sed
1602 667 1709 730 solum

47 769 186 832 Christi
211 770 406 833 solemniter
419 770 600 834 secundum
616 786 750 835 earnem
764 769 863 834 hodie
916 783 1074 846 praesens.
1097 768 1282 830 AEternitas
1307 768 1397 828 enim
1420 766 1468 828 sie
1487 765 1709 828 describitur:

47 866 292 941 celebremus,
307 868 376 930 tres
403 868 514 930 tamen
540 867 730 932 nativitates
756 867 863 944 ipsius
915 865 1099 930 AEternitas
1120 864 1171 928 est
1190 864 1447 928 interminabilis
1465 863 1544 928 61666
1558 877 1710 940 eompre-

47 979 94 1026 ex
116 963 321 1027 testimonio
343 965 454 1027 Sacrae
481 963 660 1042 Scriptura
687 979 862 1041 possumus
915 963 1033 1028 hensio
1047 962 1117 1026 tota
1129 961 1238 1024 simui.
1255 960 1271 1042 (
1272 959 1380 1042 Boot.)
1391 964 1502 1026 1166116
1523 975 1584 1040 epo
1604 962 1710 1038 6666666

46 1060 257 1136 adsignare.
272 1062 377 1124 Natus
392 1061 443 1124 est
457 1062 546 1124 anim
566 1059 673 1133 nobis,
689 1076 733 1124 ex
753 1060 861 1134 nobis,
916 1063 960 1134 66,
982 1061 1069 1123 16666
1088 1060 1301 1124 aeternaliter.
1327 1059 1421 1122 Unde
1441 1059 1547 1122 isaias
1567 1074 1576 1115 ι
1599 1061 1710 1120 (16666-

47 1158 85 1218 in
101 1157 279 1220 6666666661
302 1173 403 1236 supra
417 1173 489 1220 nos.
509 1158 622 1220 Prima
641 1149 802 1220 nativitas
812 1158 862 1222 est
915 1159 1088 1222 6661666666
1100 1161 1176 1231 ejas
1188 1161 1265 1232 6666
1279 1159 1456 1222 enarrabit
1469 1159 1483 1218 1
1497 1153 1556 1236 (Is.
1572 1153 1708 1235 u111,8.)

46 1255 190 1332 divina3
203 1255 353 1317 secunda
371 1255 532 1330 carnalis3
547 1255 646 1318 tertia
659 1255 854 1332 spirituahs.
916 1255 1517 1330 0616666666616166666166666666666,
1542 1253 1576 1315 66
1596 1255 1709 1314 selen-

47 1352 171 1414 Prima
207 1353 265 1416 666
296 1353 437 1428 66666666;
473 1353 619 1416 secunda
651 1353 861 1429 temporalis;
916 1353 974 1414 tice
1002 1354 1078 1425 Det,
1109 1367 1212 1426 anana
1244 1353 1601 1426 tnearnprehenstbllia
1626 1349 1709 1410 sunt

45 1449 155 1512 tertia
176 1449 237 1511 est
252 1449 408 1526 gratuita.
431 1449 536 1512 Natus
562 1449 612 1512 666
639 1449 734 1512 nobis
759 1450 861 1512 eeter-
908 1452 1042 1522 judicto
1079 1452 1164 1526 66666,
1192 1450 1227 1511 66
1251 1450 1503 1525 66666666661166
1530 1450 1706 1519 66666166.

46 1546 180 1608 naliter
196 1561 247 1608 ex
260 1546 370 1609 Patre.
397 1547 503 1608 Natus
527 1547 578 1609 est
601 1563 645 1608 ex
667 1546 863 1610 661616666-
917 1543 1025 1624 (Rom.
1036 1561 1084 1618 666,
1100 1543 1167 1623 33.)
1180 1548 1259 1608 Noli
1272 1547 1380 1608 666666
1393 1547 1600 1619 separasset
1613 1543 1707 1604 616666.

46 1643 224 1720 paraliter
252 1643 292 1705 de
318 1643 439 1719 Matre3
467 1645 502 1706 et
529 1643 679 1706 nascitur
704 1644 743 1706 in
766 1644 862 1706 nobis
916 1640 1088 1720 (1666666,
1111 1641 1177 1722 26).)
1198 1643 1259 1704 Η16
1274 1641 1518 1716 ergo'tihristus
1539 1640 1589 1702 est
1603 1639 1662 1699 lux
1676 1638 1709 1700 66

48 1740 289 1817 spiritualiter
321 1739 489 1802 infusione
513 1740 641 1816 gratim.
675 1741 861 1802 seeundum
915 1739 1063 1809 lucerna,
1088 1739 1199 1800 lumen
1220 1738 1407 1814 genituma
1431 1737 1531 1802 Patra
1549 1751 1617 1798 non
1637 1735 1709 1796 tao-

47 1836 277 1899 nativitatem
287 1836 458 1906 aeternam,
469 1837 618 1900 Christus
628 1837 861 1914 habetpatrem
913 1835 995 1910 tum,
1012 1836 1139 1913 aequale
1161 1851 1228 1898 non
1252 1835 1423 1908 dissimile,
1448 1835 1576 1911 dequo
1601 1835 1709 1908 Apos-

47 1935 126 1996 sine
149 1935 283 2011 666666
306 1934 486 1996 seeundum
507 1934 696 2008 humanam,
712 1933 861 1996 Christus
914 1933 1002 1998 tolus
1017 1934 1085 1996 ait:
1102 1935 1254 2000 66666666
1279 1934 1326 1994 666
1348 1935 1508 2008 splendor
1527 1933 1660 2007 prona,
1675 1930 1708 1993 66

49 2031 156 2094 habet
180 2031 328 2094 matrem
348 2032 421 2093 sine
442 2032 555 2108 patre;
579 2031 758 2094 seeundum
777 2046 860 2107 gra·
914 2033 1029 2108 sipara
1042 2031 1244 2094 6666666666
1257 2032 1394 2102 6666...
1407 2027 1522 2108 (Hebr.
1538 2043 1562 2100 1,
1573 2023 1621 2105 3.)

51 2129 193 2201 tuitam,
206 2127 360 2190 Christus
381 2128 482 2192 habet
503 2143 662 2204 sororem,
677 2129 814 2191 1666666
829 2129 862 2192 66
956 2127 1118 2205 Splendor
1131 2126 1247 2202 gloriae
1263 2125 1415 2188 1161666666
1434 2125 1513 2202 quia
1527 2124 1578 2186 est
1595 2123 1707 2186 lumen
1749 2151 1752 2157 ·

49 2223 214 2298 matrem,
228 2226 303 2303 ipso
318 2225 493 2288 attestante
506 2225 563 2303 qui
572 2225 619 2288 ait
632 2243 640 2282 :
653 2227 878 2299 Genumana·
915 2225 956 2288 de
969 2224 1106 2286 lumine.
1120 2225 1206 2288 Nam
1225 2222 1332 2298 gloria
1352 2221 1461 2286 Patris
1475 2220 1708 2283 6666616666-

50 2325 181 2397 seeertt
194 2323 408 2386 salaminiam
418 2324 542 2385 Patris
553 2324 754 2397 6666666116
769 2324 861 2384 666166
914 2322 1010 2400 piens
1033 2337 1099 2384 non
1119 2320 1197 2394 alia,
1225 2320 1283 2382 sed
1309 2319 1424 2382 eadem
1443 2336 1518 2382 eum
1542 2319 1652 2391 Patre,
1676 2318 1709 2380 66

51 2421 120 2492 666,
148 2423 230 2493 lpse
243 2421 481 2493 6666166666,
502 2421 537 2482 66
560 2433 673 2492 soror,
698 2419 733 2482 66
745 2420 862 2480 neuter
915 2435 990 2480 eum
1003 2419 1145 2496 utroque
1161 2417 1303 2494 Spiritus
1319 2416 1469 2480 Sanetus.
1495 2419 1604 2488 Quare
1623 2415 1708 2478 dioi-

52 2513 274 2595 666.(Μ66616.
291 2531 351 2587 xn,
368 2513 434 2594 50.)
914 2531 988 2578 mus
1014 2530 1022 2570 =
1048 2513 1156 2590 gloria
1187 2513 1280 2575 Patri
1313 2513 1347 2575 et
1381 2514 1466 2576 Filio
1497 2513 1537 2578 ,et
1568 2511 1707 2590 Spiritui

96 2612 167 2674 Sed
192 2611 292 2674 nobis
319 2627 362 2674 ex
391 2613 490 2673 Patre
517 2601 615 2674 natu's
640 2613 692 2674 est
717 2625 858 2688 semper,
916 2611 1048 2674 Sancto.
1074 2610 1167 2672 Unde
1188 2625 1255 2688 66666
1283 2610 1423 2672 dicimus
1442 2631 1450 2670 :
1470 2609 1577 2686 gloria
1601 2608 1705 2680 Patri,

53 2707 158 2781 idest,
188 2707 232 2770 ah
258 2708 393 2770 aeterno.
417 2707 578 2777 Quoniam
604 2707 663 2769 illa
689 2707 860 2782 generatio
915 2706 1495 2784 6661666666,66666166666;
1525 2704 1707 2769 66666666

53 2803 400 2874 nonhabetinitium,
418 2803 717 2866 nechabetiinem.
734 2806 860 2880 Deque
914 2803 1003 2868 dioto
1035 2804 1142 2880 gloria
1178 2804 1286 2877 Patri,
1323 2804 1356 2866 66
1389 2804 1474 2866 Filio
1503 2803 1536 2866 et
1568 2800 1707 2880 Spiritui

52 2901 164 2962 Pater
203 2899 253 2962 ait
288 2898 331 2960 ad
365 2899 486 2962 Filium
517 2923 524 2960 :
555 2901 645 2964 Ante
678 2903 860 2974 luciferam
915 2901 1048 2974 Sancto,
1071 2901 1149 2980 quia
1170 2916 1237 2962 una
1258 2901 1309 2962 est
1339 2900 1448 2977 gloria
1468 2901 1584 2974 trium,
1620 2900 1707 2964 siout

51 2999 166 3074 penul
183 2997 228 3058 66.
242 2993 317 3074 -(Ρ6.
341 2996 409 3065 109,
429 2993 479 3075 3);
504 2995 598 3068 idest,
612 2997 654 3058 ab
676 2996 860 3060 aeternitate
914 3013 981 3060 une
1015 2998 1173 3076 majestas
1208 2998 1242 3060 66
1280 3013 1348 3060 una
1381 2997 1535 3061 voluntas
1539 3041 1599 3060 .....
1631 3000 1706 3075 lpse

55 3091 253 3156 6666666166
275 3092 309 3154 66
328 3093 456 3154 secreta
470 3092 654 3154 substantia
668 3109 744 3154 mea
758 3095 859 3169 genui
913 3095 1002 3158 enim
1016 3095 1121 3156 Filius
1145 3096 1196 3158 est
1215 3095 1276 3158 Dei
1296 3094 1416 3166 virtus,
1441 3094 1475 3156 66
1494 3095 1554 3162 Dei
1571 3095 1707 3171 sapien-

54 3189 101 3262 te,
119 3189 288 3266 aequalem
307 3189 340 3252 66
354 3188 668 3252 consubstantialem
689 3190 782 3252 mihi.
798 3190 859 3252 Vel
912 3192 971 3265 tia,
994 3191 1213 3269 primogenita
1244 3192 1320 3255 ante
1347 3195 1478 3254 omnem
1505 3192 1705 3264 ereaturam,

57 3288 140 3348 ante
167 3285 345 3348 luciterum
371 3285 471 3362 genui
496 3286 540 3358 te,
567 3286 655 3348 idem
682 3288 715 3348 te
741 3303 784 3348 ex
806 3301 859 3368 me
913 3306 997 3366 quas,
1020 3291 1103 3352 teste
1117 3290 1303 3362 Salomone,
1320 3290 1456 3366 attingit
1476 3305 1496 3351 a
1515 3289 1581 3352 tine
1602 3305 1706 3366 usqua

55 3383 163 3458 genui
188 3383 267 3446 ante
289 3383 450 3460 tempora,
475 3397 572 3460 quem
599 3399 642 3446 ex
666 3385 803 3460 Virgine
826 3385 860 3446 et
912 3386 954 3446 ad
974 3385 1073 3446 116666
1096 3385 1236 3459 sortiter,
1268 3387 1302 3448 66
1322 3387 1467 3462 disponit
1492 3385 1603 3450 omnia
1627 3401 1707 3448 sua-

56 3481 155 3542 nasci
178 3481 214 3541 66
230 3480 322 3556 gigni
343 3480 434 3542 volui
457 3479 493 3540 in
513 3480 675 3556 tempore.
699 3480 760 3541 Vel
782 3480 859 3542 ante
912 3482 1086 3544 silenitis
1107 3481 1211 3543 atine
1234 3481 1401 3560 usquead
1424 3482 1534 3555 finem,
1559 3482 1645 3544 idest
1665 3482 1707 3544 ab

56 3575 253 3649 luciferum,
275 3575 372 3648 idest,
398 3576 475 3638 66666
498 3577 628 3653 tempus
652 3576 707 3636 666
725 3575 858 3638 initium
913 3578 1029 3639 ultimo
1056 3579 1139 3640 coelo
1171 3593 1276 3654 usque
1304 3579 1346 3640 ad
1378 3578 1545 3642 infernum
1575 3579 1709 3654 attingit

57 3674 225 3751 temporis
243 3673 346 3748 genui
358 3674 392 3734 66
413 3672 573 3749 aequalem
588 3672 620 3734 et
641 3671 859 3734 consubstan-
912 3672 1057 3746 fortiter,
1088 3672 1273 3750 dejiciendo
1310 3673 1468 3750 superbos
1492 3673 1637 3749 Angelos
1665 3673 1707 3734 de

57 3771 176 3832 tialem
192 3770 287 3842 mihi,
304 3769 382 3848 quia
396 3769 499 3831 totam
516 3768 734 3830 substantiam
749 3769 858 3832 Patris
913 3769 1029 3832 ultimo
1044 3769 1138 3843 66616,
1160 3771 1246 3832 sieut
1272 3770 1352 3833 dicit
1375 3771 1480 3834 isaias
1504 3789 1512 3828 =
1536 3774 1707 3858 0666666666

57 3867 163 3937 habet
183 3867 291 3930 Filius
311 3869 345 3928 et
371 3865 447 3928 ideo
473 3866 551 3928 suut
575 3866 722 3942 ejusdem
748 3867 860 3943 potes-
912 3867 1076 3940 cecidisti,
1090 3870 1239 3942 Lucifer,
1253 3871 1295 3931 de
1308 3873 1401 3941 eoelo,
1417 3872 1476 3943 666
1493 3884 1596 3932 mane
1615 3871 1708 3932 orte-

57 3965 140 4027 tatis
157 3966 192 4027 et
206 3964 417 4041 equalitatis,
432 3963 609 4026 6166161161
633 3964 873 4028 6616666666·-Ι
914 3967 1017 4028 66666.
1048 3962 1105 4043 (16.
1134 3980 1205 4038 666,
1229 3964 1294 4046 12.)
1330 3965 1382 4028 nl·
1403 3965 1573 4030 educendo
1598 3965 1707 4043 justas

58 4065 128 4124 16666
139 4077 241 4124 naeus
253 4075 290 4124 66
302 4063 351 4133 tn,
372 4063 545 4137 epanodos
565 4065 669 4137 pean-t
684 4061 727 4122 66.
745 4058 857 4140 (Psz,
913 4061 1042 4124 animas
1064 4061 1267 4136 6616616666,
1291 4063 1379 4126 sieut
1400 4062 1481 4126 dicit
1502 4063 1705 4126 zacharias:

57 4156 857 4237 7.)Filiusmeusestuoonsubstantialis‚coaeter·
912 4163 1137 4237 1666666666
1153 4161 1351 4223 testamenti
1368 4162 1419 4224 tal
1440 4163 1563 4224 66666666
1575 4162 1707 4224 vinctos

59 4271 125 4316 nus
137 4255 172 4316 et
181 4253 371 4330 coaequalis.
383 4253 691 4328 consubstantians,
703 4271 763 4331 per
774 4257 860 4332 ejus·
912 4260 955 4318 da
974 4261 1050 4320 6666
1081 4260 1209 4330 laipno,
1241 4260 1278 4320 66
1308 4274 1373 4333 qno
1400 4273 1469 4320 non
1499 4259 1577 4322 erat
1603 4273 1704 4332 6666.

59 4351 137 4412 666
148 4351 278 4411 naturae
288 4349 590 4428 participationem
607 4351 859 4431 ooaeternusper
913 4352 1025 4433 (zach.
1041 4369 1089 4428 666,
1104 4353 1168 4433 11).
1185 4355 1432 4433 aromataque
1446 4356 1522 4418 sunt
1543 4345 1630 4418 inter
1644 4371 1707 4418 eae-

60 4447 231 4508 indnitam
257 4447 506 4510 diuturnitatem
536 4448 607 4509 sive
633 4451 857 4526 mansionem
912 4451 982 4512 lum
1007 4451 1040 4514 et
1060 4450 1240 4524 internum,
1271 4445 1416 4530 disponit
1437 4454 1595 4525 6666661666,
1617 4453 1709 4516 6661-

61 4543 256 4620 ooaequalis,
270 4558 330 4620 666
339 4543 487 4605 eamdem
497 4543 703 4620 potestatem.
719 4548 859 4624 Propter
912 4548 1030 4610 mendo
1049 4549 1200 4622 miseros,
1216 4549 1250 4610 et
1270 4552 1461 4627 peccatores
1478 4549 1703 4627 justificanda,

61 4641 206 4716 primum
220 4640 358 4702 dieitur:
369 4643 443 4717 Epo
457 4641 491 4702 et
502 4641 711 4704 Paterniana
724 4659 856 4706 sumas.
912 4645 968 4722 qui
978 4660 1037 4722 per
1051 4646 1245 4722 prophetam
1257 4648 1437 4708 ieremiam
1453 4647 1533 4709 dicit
1549 4669 1557 4708 ε
1574 4651 1703 4710 Coelnrn

62 4733 175 4815 (loen.
196 4753 230 4808 x,
239 4737 304 4817 30),
325 4737 420 4809 idest,
437 4737 586 4800 eamdem
607 4739 760 4801 naturam
774 4757 856 4817 par-
912 4743 1095 4805 6616666666
1115 4759 1177 4820 epo
1195 4747 1329 4818 impleo.
1350 4741 1433 4823 (666.
1455 4760 1554 4816 xxiii,
1576 4742 1644 4824 26.)
1665 4744 1705 4806 at

64 4833 257 4911 tieipamus,
284 4834 370 4897 siout
395 4834 443 4897 sol
466 4834 499 4898 et
525 4834 641 4898 radius
664 4835 721 4912 qui
744 4838 857 4900 onita
911 4840 1016 4902 David
1042 4861 1050 4901 :
1072 4843 1110 4904 Sl
1124 4837 1310 4904 ascendero
1329 4844 1366 4902 in
1380 4846 1502 4904 aoelnrn
1525 4842 1562 4902 ln
1575 4845 1642 4903 61616
1656 4855 1705 4914 66,

63 4931 133 4991 6666
150 4931 388 5008 suntejusdem
411 4932 550 4994 naturae.
578 4933 718 5010 Propter
737 4950 859 4996 666666-
910 4939 1385 5011 66666666666666666616666666
1395 4941 1487 5000 6666.
1499 4933 1567 5018 (Ρ6.
1579 4939 1647 5011 138,
1658 4936 1705 5017 8.)

64 5025 142 5089 dum
162 5029 302 5091 dieitur:
317 5032 391 5102 Ipsi
401 5030 579 5102 personna
596 5031 633 5090 tn
648 5031 764 5092 66666666
775 5047 857 5106 per-
953 5033 1118 5110 Sequitur.
1143 5037 1201 5094 Eoo
1216 5037 1311 5096 nobis
1326 5053 1337 5095 :
1358 5035 1514 5098 videlieet
1536 5036 1576 5097 de
1599 5034 1706 5098 Matre

64 5123 371 5204 6666666.(Η6666.6,
396 5123 461 5203 11.)
485 5125 857 5203 Ε661166161666666666
912 5131 1008 5193 uatus
1041 5132 1092 5192 est
1119 5131 1232 5204 semel,
1260 5132 1417 5208 quoniam
1441 5132 1500 5194 illa
1534 5133 1706 5209 generatio

65 5236 112 5294 66,
131 5224 165 5284 66
185 5225 270 5284 araret
286 5222 337 5283 6661
358 5236 427 5284 non
448 5224 605 5295 6666666666
623 5220 856 5305 (66616612.)
911 5229 1129 5300 6661666666,
1145 5227 1185 5290 66
1209 5245 1274 5306 qua
1293 5229 1374 5290 dicit
1387 5229 1492 5291 isaias
1514 5231 1704 5306 Propheta:

105 5321 244 5396 Propter
264 5318 398 5380 tertium
413 5317 493 5382 dicit
508 5320 637 5382 Filius:
659 5324 776 5384 Onanls
794 5339 858 5398 po-
911 5329 998 5386 11666
1029 5329 1130 5402 Vtrpo
1154 5330 1191 5387 ln
1220 5327 1321 5388 atero
1342 5328 1508 5401 6666616166
1531 5329 1565 5388 66
1588 5329 1705 5401 pariet
1730 5317 1731 5322 ’

66 5414 171 5476 166166
186 5416 267 5478 dato
281 5421 329 5478 661
349 5418 469 5478 millia
497 5419 604 5480 Patre
618 5433 704 5480 need.
723 5417 854 5498 (Matth.
911 5426 1048 5483 Flllran.
1071 5419 1127 5500 (Is.
1150 5439 1210 5496 vn,
1229 5421 1294 5501 11.)
1317 5423 1468 5484 Christus
1487 5424 1657 5485 deseendit
1671 5423 1705 5486 in

66 5527 184 5586 6666666,
209 5510 273 5591 18.)
298 5513 474 5589 Sequitur:
492 5515 559 5589 Ego
583 5515 681 5577 hodie
695 5518 796 5592 genui
810 5519 854 5580 te.
912 5521 1062 5592 Matrem,
1079 5519 1135 5580 666
1152 5519 1313 5580 remansit
1327 5537 1400 5580 oum
1421 5520 1532 5580 Patre.
1555 5521 1707 5598 Suscepit

67 5609 355 5686 EgoPatergeuui
378 5609 408 5672 te
431 5609 550 5674 Filium
578 5612 685 5684 hodie,
712 5615 856 5678 61666616
912 5616 1161 5690 humanitatem,
1188 5616 1242 5678 sed
1270 5617 1406 5680 retinuit
1428 5617 1595 5681 deitatem.
1620 5620 1704 5684 Nam
