4076 6420
348 259 411 340 sai
813 263 990 330 aonoan
1009 264 1056 326 111
1077 255 1526 326 orans-sunuartas.
1948 255 2001 318 sss

349 435 517 500 braeorum
541 427 760 492 laudaverunt
788 425 954 488 Christum
974 422 1146 486 dicentes:
1201 422 1331 485 uertice
1356 421 1529 484 monitum
1564 417 1679 499 (mich.
1707 435 1754 496 Π,
1783 419 1830 504 i).
1864 423 2005 490 Domtm

351 537 520 604 liosanna,
535 527 728 591 benedictus
750 523 806 603 qui
830 523 922 586 venit
949 522 985 582 in
1014 519 1148 582 nomine
1201 518 1333 580 Domini
1347 516 1586 589 humanitatem
1598 519 1669 595 jam
1690 517 1840 582 diximus
1858 522 2004 586 Christi:

351 628 502 704 Domini3
518 627 565 689 ita
579 626 696 696 atnoe,
710 619 1058 695 iratres,laudal›imus
1072 633 1147 680 eum
1202 617 1297 678 Mons
1307 616 1423 678 domus
1437 615 1579 687 Domini,
1592 615 1752 678 celsitudo
1767 617 2001 683 humanitatis.

351 729 386 790 in
400 720 803 790 resurrectione.Etsicut
815 719 964 781 Christus
977 716 1147 792 ingressus
1203 714 1265 774 Sed
1292 728 1387 774 mons
1418 713 1481 774 iste
1514 727 1615 789 super
1645 715 1802 776 verticem
1839 719 2003 782 mont-iun

350 822 544 889 estrumeis
558 821 594 881 in
607 819 754 880 sanctam
767 816 934 880 civitatem
948 812 1145 885 Jerusalem,
1201 811 1419 889 proeparatur.
1442 811 1527 871 Nam
1555 809 1633 872 licet
1658 811 1726 873 sint
1745 811 1862 889 plures
1887 817 1948 891 qui
1969 818 2004 878 sd

348 923 398 986 ita
412 921 445 984 et
456 921 527 997 ipse
542 914 937 995 ingredieturnobiscum,
949 911 982 974 et
996 925 1057 972 nos
1071 923 1145 970 cum
1200 906 1348 969 coelestia
1366 906 1625 984 propinquantes
1635 909 1713 984 jure
1728 924 1788 984 per
1800 910 1885 972 ritae
1902 915 2003 973 meri-

348 1033 388 1082 oo
402 1017 569 1081 ciuitatem
583 1013 760 1076 coelestem.
1199 1003 1269 1064 tum
1296 1003 1424 1065 montes
1450 1004 1621 1076 vocentur,
1656 1005 1858 1068 excellentia
1894 1011 2003 1071 tamen

388 1113 488 1177 Venit
503 1127 583 1189 orgo
597 1109 788 1186 Bethphage
800 1104 842 1167 ad
859 1103 1004 1166 montem
1019 1099 1143 1172 oliveti,
1199 1099 1415 1162 humanitatis
1438 1100 1619 1162 Dominicae
1644 1101 1748 1164 uitam
1776 1104 1934 1168 omnium
1966 1123 2003 1170 er

349 1227 450 1294 quum
463 1211 610 1272 nostram
621 1206 713 1270 venit
724 1218 855 1266 sumere
869 1201 1033 1272 naturam,
1048 1197 1143 1270 idest,
1199 1197 1372 1260 divinitate
1391 1197 1607 1260 transcendit.
1628 1199 1708 1262 Inde
1726 1201 1900 1278 estquod
1922 1220 2002 1266 unus

349 1307 481 1389 quando
494 1303 670 1370 inclinarit
688 1302 800 1375 coelos,
817 1296 1041 1363 otdescendit.
1062 1298 1147 1358 Des·
1199 1293 1444 1367 dementibus,
1466 1295 1568 1368 idest,
1591 1295 1633 1357 de
1653 1297 1859 1373 patriarchis
1886 1299 2002 1364 dixit:

347 1407 459 1470 cendit
472 1406 507 1466 in
522 1404 671 1475 matrem,
688 1399 747 1463 sed
767 1397 928 1461 remansit
943 1411 1018 1458 cum
1032 1394 1142 1456 Patre.
1198 1395 1277 1455 Non
1304 1407 1384 1455 aum
1414 1405 1477 1470 cco
1505 1396 1629 1469 dignus
1657 1397 1851 1473 corripiam
1870 1403 2004 1460 calceo-

349 1499 501 1577 Suscepit
523 1496 773 1567 humanitatem,
797 1492 854 1554 sed
875 1489 1013 1553 retinuit
1033 1489 1144 1551 deita-
1198 1490 1306 1551 mente
1317 1493 1392 1562 aitis
1402 1495 1534 1552 soluere
1547 1487 1657 1569 (toan.
1670 1505 1695 1560 1,
1705 1490 1772 1570 27).
1785 1493 1886 1556 Unde
1904 1497 2003 1557 etiam

345 1599 424 1662 tem.
451 1599 536 1658 Nam
556 1595 653 1674 Juxta
676 1595 837 1655 loannem
862 1611 871 1649 :
898 1591 1045 1650 Verbum
1062 1599 1144 1648 caro
1198 1601 1293 1648 mons
1322 1587 1437 1650 oliveti
1465 1587 1620 1657 vocatur,
1647 1587 1741 1666 qnia,
1770 1590 1860 1652 sicut
1892 1592 2002 1654 oleum

348 1693 541 1770 factumest
554 1687 761 1752 ettaottavtt
771 1690 808 1747 tc
818 1679 1142 1762 masticantis).
1198 1684 1328 1746 oaeteris
1339 1683 1523 1762 liquoribus
1538 1684 1683 1758 excellit,
1691 1685 1738 1747 ita
1747 1686 1875 1750 Christi
1888 1691 2003 1752 incar-

347 1790 495 1853 Verbum
516 1802 594 1850 caro
620 1785 742 1846 iactum
764 1783 825 1853 est,
842 1781 931 1841 illius
952 1779 1023 1851 Dei,
1041 1777 1141 1850 idest,
1198 1781 1344 1844 nationis
1366 1780 1552 1846 sublimitas
1575 1781 1730 1847 omnihus
1752 1784 1882 1848 eminet
1900 1788 2001 1850 virtu

346 1888 506 1951 Dominus
530 1882 733 1953 incarnatus,
750 1877 915 1950 videlicet,
935 1876 1096 1937 Dominus
1111 1877 1144 1936 et
1174 1867 1175 1872 ’
1198 1877 1296 1939 tibus.
1773 1875 1779 1882 “
1838 1889 1840 1892 ·

345 1983 445 2046 homo
475 1982 532 2060 qui
556 1979 662 2040 iactus
689 1976 739 2039 est
761 1991 805 2038 ex
827 1975 953 2037 semine
970 1972 1074 2036 David
1090 1989 1144 2033 se-
1238 1973 1416 2036 Sciendum
1432 1975 1585 2054 estquod
1598 1975 1722 2054 triplex
1738 1978 1792 2040 est
1804 1979 1936 2054 oleum,
1949 1983 1999 2045 ri-

345 2079 489 2142 cundum
513 2089 658 2138 carnem.
683 2075 769 2136 Nam
796 2089 871 2134 cum
894 2071 1059 2133 informa
1082 2069 1143 2131 Dei
1197 2071 1326 2146 delicet,
1341 2073 1526 2150 spiritualis
1540 2073 1668 2146 latitia,
1685 2075 1835 2138 charitas
1851 2079 1996 2152 sincera,

344 2175 447 2247 esset,
470 2189 536 2234 non
561 2172 714 2249 rapinam
741 2169 921 2233 arbitratus
943 2169 992 2232 est
1012 2181 1086 2230 esse
1106 2183 1143 2228 se
1196 2169 1425 2232 misericordia
1443 2186 1535 2233 rere.
1558 2171 1748 2249 spiritualis
1769 2173 1892 2237 latitia
1915 2177 1996 2239 dici-

343 2271 505 2356 aequalem
515 2273 593 2331 Deo.
603 2271 688 2331 Nam
698 2268 837 2346 aequalis
851 2269 903 2328 est
916 2265 1007 2328 Patri
1017 2279 1142 2327 secun-
1197 2267 1252 2329 tur
1265 2267 1386 2340 oleum,
1399 2267 1479 2345 quia
1493 2267 1640 2331 laetificat
1653 2268 1773 2331 faciem
1787 2271 1952 2346 hominis,
1966 2277 1995 2336 et

343 2369 421 2430 dum
447 2367 669 2438 divinitatem,
696 2366 805 2428 minor
833 2365 933 2426 Patro
962 2362 1142 2425 secundum
1196 2364 1305 2426 reddit
1317 2379 1391 2426 eam
1408 2365 1533 2426 claram
1547 2365 1583 2426 in
1597 2365 1683 2428 bono
1700 2383 1812 2444 opere.
1831 2372 1933 2444 Quia,
1947 2372 1993 2432 si-

342 2465 593 2537 humanitatem,
620 2463 701 2542 quia
733 2460 919 2524 exinanivit
941 2475 977 2522 se
1003 2460 1142 2521 sormam
1196 2463 1251 2524 cut
1265 2461 1374 2523 oleum
1386 2461 1495 2524 reddit
1512 2461 1632 2524 taciem
1649 2464 1819 2539 mundam,
1841 2469 1873 2528 si
1897 2467 1992 2530 fuerit

343 2563 434 2626 servi
461 2562 629 2640 accipiens
655 2561 692 2621 in
725 2557 941 2621 similitudine
970 2557 1141 2618 hominum
1195 2559 1365 2636 peruncta,
1384 2559 1432 2621 ita
1453 2559 1638 2635 spiritualis
1662 2560 1778 2624 laetitia
1792 2563 1910 2627 reddit
1924 2567 1991 2627 ani-

342 2659 459 2734 iactus,
489 2660 522 2721 et
549 2657 664 2720 habitu
689 2657 845 2719 inventus
873 2656 910 2717 ut
933 2655 1044 2716 homo.
1078 2655 1141 2726 Qui
1195 2671 1282 2716 mam
1295 2655 1490 2732 praclarum
1502 2656 1538 2718 in
1553 2655 1649 2720 honis
1661 2657 1831 2736 operibus.
1849 2663 1949 2725 Unde
1963 2667 1990 2725 el

342 2773 442 2835 quum
455 2757 499 2819 sit
512 2756 681 2826 Dominus,
696 2769 757 2832 pro
778 2752 874 2814 nobis
888 2751 995 2813 lactus
1012 2750 1065 2813 est
1078 2751 1141 2813 ho-
1195 2752 1323 2831 antiqui
1341 2753 1378 2816 in
1399 2753 1515 2814 diebus
1540 2752 1668 2816 festivis
1687 2756 1760 2818 oleo
1775 2759 1989 2834 ungebantur

340 2868 406 2926 mo,
421 2870 521 2932 quum
537 2853 581 2914 sit
592 2851 763 2922 Dominus,
782 2865 842 2926 pro
858 2847 954 2910 nohis
970 2847 1075 2909 iactus
1090 2848 1140 2909 est
1194 2849 1236 2911 ad
1251 2849 1416 2913 decorem.
1429 2852 1475 2912 De
1488 2850 1551 2913 hoc
1565 2851 1639 2913 oleo
1652 2842 1774 2915 di'citur
1787 2855 1825 2916 in
1831 2858 1988 2921 Psalmo:

342 2965 470 3021 serras,
482 2947 789 3026 quamsitcreator,
800 2961 859 3023 pro
872 2944 1140 3007 nobistantusest
1197 2949 1304 3014 Unmtt
1324 2949 1358 3010 te
1372 2949 1542 3011 Dominus
1554 2951 1648 3013 Dour
1664 2951 1745 3014 tum
1763 2958 1837 3016 oceo
1859 2957 1990 3019 142qu

340 3045 505 3115 creatura,
520 3043 651 3120 quando
670 3057 689 3102 a
709 3056 836 3102 summo
851 3040 935 3102 coelo
949 3039 1011 3100 suit
1025 3055 1140 3116 egres-
1193 3043 1263 3124 (Ρε.
1279 3047 1330 3117 44,
1346 3043 1391 3125 8).
1406 3046 1468 3118 Qui
1481 3045 1553 3108 vult
1563 3061 1644 3123 ergo
1658 3063 1718 3108 sua
1731 3064 1836 3126 opera
1848 3053 1988 3116 Domino

340 3141 390 3202 sio
406 3143 488 3218 eJus,
503 3140 537 3200 et
548 3138 699 3216 peruenit
712 3153 817 3214 usque
829 3137 865 3197 in
877 3137 1007 3198 uterum
1022 3137 1137 3198 matris
1192 3155 1265 3202 esse
1286 3143 1432 3220 accepta,
1455 3142 1576 3206 haheat
1589 3144 1699 3208 oleum
1720 3146 1849 3210 letitiae
1865 3150 1908 3211 in
1932 3167 1988 3212 suo

340 3239 425 3314 eJus,
440 3251 459 3298 a
475 3235 554 3298 sede
577 3233 733 3296 uidelicet
747 3234 866 3303 Patris,
881 3233 922 3294 ad
940 3231 1048 3295 sinum
1065 3249 1139 3295 ma·
1191 3253 1281 3311 vase,
1299 3239 1395 3312 idest,
1414 3239 1449 3300 in
1466 3253 1527 3302 suo
1544 3241 1654 3315 corde,
1671 3243 1748 3320 quia
1763 3244 1914 3308 hilarem
1929 3249 1989 3310 qa.

338 3334 410 3407 tris,
434 3349 454 3395 a
474 3332 582 3410 gloria
594 3331 789 3408 majestatis,
799 3329 840 3391 ad
861 3330 985 3392 luctum
996 3331 1138 3407 poenali·
1190 3334 1296 3397 torem
1317 3334 1427 3412 diligit
1449 3339 1548 3399 Deus.
1573 3337 1732 3417 Alioquin
1755 3341 1889 3419 lampas
1920 3350 1989 3423 ejus
2018 3361 2019 3422 3

283 3421 288 3433 '
336 3431 470 3505 tatis,a
499 3429 582 3492 solio
613 3428 745 3491 excelso
774 3430 808 3490 et
836 3427 934 3490 trono
955 3427 1073 3504 regali,
1093 3429 1135 3491 ad
1189 3432 1406 3510 extinguitur,
1423 3433 1486 3496 hoc
1500 3436 1561 3510 ost,
1577 3434 1700 3498 bonum
1714 3441 1921 3516 opusaDeo
1935 3429 2019 3504 re?

333 3528 501 3592 officinam
511 3527 649 3606 peccati,
665 3543 685 3588 a
702 3525 876 3603 splendore
890 3524 975 3587 lucis
987 3526 1132 3597 sternas,
1189 3528 1359 3608 protatur.

334 3627 375 3688 ad
386 3628 504 3690 testam
516 3625 555 3687 de
566 3625 669 3686 saniis
684 3625 827 3696 terrosa
837 3623 1130 3700 potentiaDomini,
1228 3627 1380 3690 Charitas
1395 3627 1526 3693 sincera
1545 3629 1669 3694 dicitur
1684 3631 1809 3710 oleum:
1827 3635 1923 3712 quia,
1940 3637 1988 3698 si·

333 3724 375 3786 ad
391 3724 531 3786 formam
549 3723 649 3794 servi,
664 3735 684 3782 a
698 3721 871 3798 majestate
880 3719 1078 3798 imperandi,
1091 3721 1132 3783 ad
1187 3724 1242 3786 cut
1256 3724 1366 3788 oleum
1380 3727 1432 3788 ost
1444 3726 1682 3790 nutrimentum
1698 3727 1787 3806 ignis
1799 3731 1837 3792 in
1854 3731 1989 3812 lampa-

332 3821 571 3900 subjectionem
607 3817 793 3891 serviendi,
833 3832 854 3878 a
891 3817 1132 3894 tranquillitate
1186 3820 1293 3894 dibus,
1304 3821 1351 3885 ita
1364 3821 1510 3885 charitas
1524 3823 1577 3887 est
1589 3825 1828 3890 nutrimentum
1839 3831 1986 3906 justitia

334 3919 466 3997 quietis,
478 3913 946 3995 adtempestatemlahoris,ah
957 3915 1131 3977 altitudine
1184 3918 1220 3980 in
1234 3919 1320 3980 hona
1335 3921 1540 3997 operatione.
1565 3923 1708 4001 Lampas
1729 3925 1801 3987 sine
1818 3926 1899 3989 oleo
1919 3944 1984 3990 non

331 4016 458 4078 excelsi
468 4013 660 4085 habitaculi,
669 4012 710 4073 ad
723 4011 944 4073 humilitatem
959 4011 1130 4074 terrestris
1183 4016 1294 4092 potest
1305 4016 1428 4090 lucere,
1444 4016 1613 4080 othonum
1631 4035 1714 4097 opus
1728 4021 1800 4084 sine
1815 4023 1987 4088 charitate

330 4111 486 4184 cubiculi,
503 4109 662 4188 apalatlo
681 4108 768 4180 coeli,
789 4108 830 4169 ad
850 4107 1019 4183 tugurium
1041 4125 1131 4187 prm-
1183 4129 1250 4174 non
1270 4113 1377 4192 potest
1399 4115 1554 4191 cuiquam
1570 4115 1739 4194 prodesse.
1758 4120 1806 4181 De
1825 4119 1894 4184 hoc
1910 4123 1988 4185 oleo

328 4207 425 4285 sepii.
1159 4277 1160 4280 ,
1182 4210 1264 4273 dicit
1292 4211 1504 4273 salomonia
1529 4213 1751 4278 Ecclesiaste:
1770 4219 1874 4279 θωπί
1894 4221 1983 4282 tens-

369 4305 409 4367 nt
423 4303 458 4365 ut
471 4301 623 4365 visitaret
637 4315 697 4362 nos
711 4297 822 4362 oriens
835 4316 879 4363 ex
892 4301 971 4375 alto,
986 4303 1018 4365 et
1030 4303 1129 4367 tolle·
1177 4321 1265 4384 porc
1278 4308 1484 4373 vestimento
1494 4309 1555 4372 hta
1565 4313 1638 4373 sict
1649 4315 1805 4386 condida,
1820 4315 1856 4377 et
1868 4321 1983 4380 οιειιπι

256 4389 282 4425 ·’
326 4401 379 4464 ret
408 4401 479 4478 ipse
506 4414 585 4461 rere
610 4399 788 4474 languores
819 4400 964 4468 nostros,
986 4402 1127 4465 accessit
1179 4405 1221 4467 de
1244 4405 1434 4480 capitatae
1456 4421 1527 4469 nou
1553 4409 1690 4480 deficiat
1715 4409 1819 4490 (Dccl.
1848 4427 1903 4486 11,
1933 4415 1978 4494 9).

327 4497 480 4578 proprius
497 4496 727 4558 Samaritanus
742 4495 782 4556 ad
799 4495 995 4571 sauciatum,
1013 4498 1127 4576 pastor
1180 4499 1551 4566 Candidisvestimentis
1564 4505 1714 4568 induitur
1725 4509 1782 4586 qui
1793 4507 1981 4590 honisope·

326 4594 367 4656 ad
396 4609 491 4657 ovem
522 4594 704 4672 perditam,
733 4593 802 4654 vita
830 4591 872 4654 ad
899 4594 1122 4668 morticinum,
1179 4598 1272 4661 ribus
1298 4599 1493 4662 adornatur.
1521 4601 1585 4663 Sed
1610 4603 1695 4666 nihil
1722 4605 1860 4683 prodest
1883 4609 1978 4670 indui

324 4693 457 4770 Moyses
481 4691 523 4754 ad
547 4691 704 4768 populum
729 4689 901 4763 afflictum,
919 4691 1058 4752 Elisaaus
1082 4693 1124 4753 ad
1179 4696 1329 4758 candidis
1348 4698 1566 4769 vestimentis,
1582 4701 1612 4761 si
1627 4701 1720 4764 deest
1731 4703 1842 4764 oleum
1856 4706 1977 4768 chari-

323 4805 462 4870 puerum
477 4792 655 4861 mortuum,
672 4788 771 4849 Pater
781 4786 822 4849 ad
835 4789 952 4856 illium,
964 4787 1123 4852 Dominus
1177 4793 1266 4856 tatis.
1287 4795 1330 4857 Ut
1346 4793 1457 4857 autem
1472 4811 1574 4874 opera
1588 4799 1702 4861 nostra
1717 4800 1784 4862 sint
1808 4800 1977 4882 benepla-

322 4888 364 4950 ad
388 4903 531 4960 servum,
557 4887 694 4948 Creator
716 4885 757 4947 ad
780 4885 979 4958 creaturam,
1000 4884 1123 4962 ligulas
1177 4891 1242 4952 cita
1257 4893 1336 4965 Deo,
1354 4893 1463 4955 oleum
1478 4907 1545 4956 non
1564 4893 1698 4958 deficiat
1713 4897 1754 4958 de
1769 4899 1883 4976 capite
1898 4919 1978 4964 nos-

321 4986 491 5057 adiutum,
506 4984 652 5046 medicus
667 4983 709 5044 ad
722 4983 894 5057 aegrotum.
905 4984 1029 5044 Verum
1042 4983 1121 5060 quid
1176 4989 1239 5062 tro,
1253 4989 1348 5062 idest,
1366 4990 1406 5054 de
1420 4993 1540 5053 mente.

320 5083 363 5146 ad
379 5083 442 5144 hoc
456 5082 570 5144 reniti
583 5082 619 5144 ut
633 5079 789 5142 educeret
802 5079 950 5142 vinctum
969 5079 1121 5142 dedomo
1214 5085 1445 5148 Misericordia
1470 5101 1550 5150 vero
1578 5087 1702 5152 dicitur
1726 5091 1850 5166 oleum,
1884 5099 1974 5174 quia,

320 5182 476 5243 carceris.
1175 5181 1261 5244 sicut
1288 5184 1396 5246 oleum
1420 5185 1471 5247 est
1492 5187 1674 5249 remedium
1703 5191 1821 5252 contra
1849 5195 1974 5258 multas

359 5279 472 5340 Potest
493 5275 602 5338 autem
626 5271 844 5335 humanitatis
869 5271 992 5336 Christi
1012 5273 1119 5335 subli-
1174 5279 1384 5344 infirmitates
1408 5283 1568 5359 corporis,
1593 5285 1641 5346 ita
1669 5285 1908 5353 misericordia
1929 5297 1975 5354 cst

318 5374 417 5438 mitas
447 5389 507 5452 per
535 5373 680 5435 montem
716 5370 934 5433 nihilominus
964 5371 1117 5449 intelligi,
1173 5378 1356 5440 remedium
1373 5379 1710 5445 eontraintirmitates
1722 5387 1857 5459 mentis,
1876 5390 1972 5460 idest,

318 5473 450 5534 dicente
465 5468 648 5548 proopheta
665 5489 672 5529 :
689 5469 734 5531 nt
749 5467 817 5529 ortt
831 5471 1030 5532 owicstms
1048 5472 1121 5532 dic·
1175 5475 1290 5536 contra
1304 5476 1432 5539 scelera
1447 5478 1481 5539 et
1493 5477 1640 5555 peccata,
1658 5481 1735 5559 quia
1754 5497 1815 5560 per
1840 5487 1974 5548 miseri-

320 5571 380 5630 tus
403 5569 627 5644 preparatus
654 5580 754 5627 mons
774 5567 896 5626 ommis
922 5568 1062 5628 Domini
1082 5569 1119 5629 tn
1174 5571 1321 5633 cordiam
1350 5573 1410 5636 Dei
1436 5575 1534 5639 homo
1562 5577 1790 5642 mundatura
1826 5586 1973 5660 peccatis
