4084 6428
81 379 140 450 Sil
730 385 780 450 IN·
797 386 922 450 COENA
943 387 1104 450 DOMINI.
1683 385 1744 443 842

81 546 192 607 notite
207 559 270 608 cor
283 557 457 621 opportere
471 543 541 626 (Ps.
556 547 607 620 51,
625 545 690 628 11).
710 548 866 626 Sequitur
881 569 889 609 z
984 546 1160 610 Moverunt
1182 561 1262 622 ergo
1276 544 1428 608 homines
1443 543 1553 622 pedes,
1573 540 1743 616 idestco-

82 643 118 704 et
139 657 225 704 eum
245 644 431 716 accepisset
450 644 610 716 linteum,
632 646 820 720 praecinuit
840 661 888 707 se.
945 644 1121 721 gitationes
1137 659 1215 705 suas
1229 643 1271 704 ab
1285 641 1424 714 oriente,
1447 641 1534 702 idest
1553 657 1573 702 a
1592 642 1670 712 Deo,
1686 640 1745 718 qui

81 739 170 810 Quia
186 739 329 802 linteum
345 740 447 802 multa
460 741 635 816 significat,
651 744 687 803 in
702 745 772 820 ejus
788 759 892 819 expo-
945 743 1063 804 Oriens
1087 742 1208 802 dicitur
1227 758 1247 801 a
1271 740 1433 802 Zacharia
1460 739 1631 816 propheta.
1657 741 1744 798 Per-

81 837 247 898 sitionem
284 838 417 914 propter
451 839 676 915 prolixitatem
713 840 814 902 oitlcii
849 841 890 902 ad
944 855 1050 901 versae
1066 839 1395 915 enim-cogitationes,
1411 837 1692 914 separantaDeo,
1710 838 1746 898 ut

82 949 238 1011 praesens
259 951 326 996 non
340 951 514 1012 possumus
528 937 711 998 immorari.
945 937 993 998 ait
1012 937 1167 998 Salomon
1182 959 1189 996 :
1204 937 1249 998 ut
1263 936 1434 997 uerterunt
1446 939 1483 996 iu
1493 949 1653 1008 cumputo
1666 937 1748 994 Seu-

122 1033 172 1094 ,nt
196 1033 297 1094 misit
319 1049 447 1106 uquam
460 1038 497 1094 iu
508 1039 646 1110 pelvim.
662 1039 756 1112 Aqua
779 1034 891 1112 plures
945 1050 1047 1106 uuor,
1061 1034 1158 1104 idest,
1168 1033 1285 1094 ioetore
1299 1033 1441 1093 luxuriae
1453 1033 1485 1092 et
1497 1031 1748 1092 caeterorumvi·

82 1129 354 1205 significationes
370 1130 479 1202 babet,
497 1132 554 1192 sed
575 1132 611 1192 in
634 1132 698 1194 hoo
718 1133 791 1194 loco
805 1149 891 1210 aqua
944 1132 1068 1193 tiorum
1090 1148 1126 1192 se
1147 1131 1335 1192 voluntarie
1360 1129 1559 1206 polluerunt.
1587 1129 1747 1189 Dominus

82 1225 259 1302 significat
272 1227 431 1305 Spiritum
445 1231 612 1302 Sanctum,
630 1230 717 1291 sicut
729 1230 809 1292 dicit
821 1233 890 1291 Do·
946 1245 1025 1305 ergo
1037 1229 1276 1310 discipulorum
1290 1228 1390 1304 pedes
1406 1227 1496 1298 lavit,
1507 1226 1583 1303 quia
1598 1226 1746 1286 immissa

82 1324 198 1385 miuus
222 1325 259 1384 in
280 1325 462 1401 Evangelio
479 1347 487 1386 ε
504 1329 570 1394 Qut
582 1328 693 1388 credit
706 1330 743 1389 iu
756 1343 812 1389 me
825 1328 893 1400 flu-
947 1327 1090 1404 Spiritus
1106 1327 1219 1388 Sancti
1234 1327 1342 1402 gratia
1357 1326 1392 1385 in
1408 1325 1560 1386 cordibus
1587 1324 1745 1396 fidelium,

81 1423 184 1484 mina
210 1425 255 1484 de
281 1422 406 1484 ocutre
436 1426 512 1495 ejus
542 1425 777 1499 fluentaque
803 1428 893 1486 viooe
947 1440 1013 1485 non
1028 1423 1134 1484 solum
1149 1439 1206 1485 eos
1221 1423 1365 1484 custodit
1388 1438 1408 1482 a
1430 1421 1671 1494 criminalibus,
1688 1437 1749 1483 ve-

82 1514 200 1596 (Joan.
227 1535 290 1592 vu,
311 1518 378 1598 38).
393 1521 485 1592 Quod
499 1520 720 1598 interpretans
742 1524 894 1598 Evange-
946 1537 1020 1582 rum
1031 1520 1131 1582 etiam
1146 1519 1365 1580 avenialibus
1377 1518 1478 1580 lavat.
1490 1517 1593 1578 Nobis
1604 1517 1747 1594 denique

82 1615 164 1678 lisia
174 1617 230 1678 ait
246 1638 254 1676 ε
268 1619 344 1678 Ηοθ
356 1617 475 1679 oedem
488 1619 632 1680 dimitite
643 1620 778 1693 Spiritu
792 1635 894 1693 quem
947 1618 1046 1695 pedes
1069 1617 1183 1679 lavare
1209 1617 1269 1688 θεῖ,
1295 1615 1405 1676 cordis
1424 1615 1573 1687 affectus,
1591 1630 1651 1691 per
1663 1631 1747 1692 quus

81 1713 268 1788 accepturi
277 1715 567 1777 eruutcredeutes
579 1719 616 1776 iu
626 1716 893 1778 commisisset
947 1715 988 1776 ad
1004 1715 1152 1779 actiones
1171 1713 1389 1783 incendimus,
1414 1711 1456 1772 ab
1480 1712 1570 1773 omni
1591 1711 1748 1773 vitiorum

82 1823 147 1870 vas
171 1825 306 1871 aeneum
327 1812 360 1872 et
383 1827 551 1874 sonorum.
576 1812 720 1876 Vascula
746 1805 835 1888 erge,
857 1813 894 1875 ut
946 1813 1027 1886 luto,
1038 1814 1072 1874 ot
1081 1811 1218 1889 pulvere
1228 1810 1390 1870 malarum
1401 1809 1638 1886 cogitationum
1650 1825 1750 1870 muu-

83 1904 168 1968 dicit
182 1907 303 1969 beatus
320 1908 509 1984 Gregorius,
525 1910 601 1972 sunt
615 1909 715 1972 corda
730 1911 844 1972 nostra
857 1911 893 1972 in
947 1911 1039 1972 dare.
1052 1909 1147 1972 Unde
1159 1908 1311 1985 praecipit
1322 1907 1480 1968 Dominus
1494 1905 1530 1966 in
1545 1906 1745 1982 Evangelio:

84 2001 211 2079 quibus
226 2001 364 2064 terimus
382 2004 499 2066 cuncta
515 2019 588 2081 quae
603 2005 797 2081 cogitamus.
814 2007 893 2078 Quae
946 2009 1110 2071 Eucuttte
1114 2011 1295 2080 pidverem
1302 2008 1343 2066 de
1346 2008 1489 2078 pedibus
1496 2005 1622 2065 uestris
1629 2002 1746 2083 (Marc.

83 2098 249 2162 videlicet
276 2100 376 2162 corda
402 2100 499 2178 quasi
526 2101 639 2179 pelves
667 2119 740 2164 esse
761 2102 891 2175 debent,
947 2121 993 2179 vr,
1018 2103 1187 2184 li),idest,
1204 2101 1360 2163 mundate
1374 2100 1474 2163 corda
1495 2103 1607 2162 vestra
1621 2117 1641 2162 a
1657 2103 1750 2179 cogi-

84 2193 191 2269 idest,
212 2212 307 2258 aenea
322 2197 443 2261 duritie
468 2201 500 2262 et
522 2199 709 2264 infiexibili.
733 2203 817 2264 Nam
833 2217 894 2262 nec
948 2203 1128 2267 tationibus
1144 2200 1251 2262 malis.

82 2293 234 2356 adversa
259 2295 379 2358 debent
397 2313 458 2359 nos
476 2296 642 2376 frangere,
659 2316 720 2362 nec
735 2315 894 2376 prospera
988 2302 1055 2363 Ista
1069 2301 1141 2361 dies
1156 2299 1298 2377 quatuor
1318 2297 1543 2359 sacramentis
1562 2298 1749 2360 decoratur.

84 2390 238 2453 elevare.
270 2394 363 2456 Unde
391 2395 545 2459 admonet
577 2398 672 2475 poeta
699 2397 831 2458 dicens:
859 2397 893 2458 Si
949 2399 1097 2460 Primum
1121 2397 1171 2458 θεῖ
1192 2395 1422 2457 reconciliatio
1438 2395 1678 2471 poenitentium,
1696 2411 1751 2456 se-

82 2487 171 2549 vitia
191 2489 355 2563 alliciant,
371 2493 409 2553 tu
431 2494 538 2569 magis
558 2510 665 2555 aereus
686 2494 746 2555 est.
769 2493 895 2556 Debent
949 2497 1114 2563 cundum,
1143 2493 1225 2556 novi
1262 2493 1465 2554 Testamenti
1507 2492 1692 2564 inchoati0,
1719 2497 1753 2554 et

83 2583 192 2647 otiam
223 2603 296 2648 esse
322 2603 454 2660 sonora,
480 2591 517 2651 ut
540 2589 626 2651 bona
653 2608 726 2668 quae
748 2592 895 2653 sentiunt
948 2594 1069 2668 veteris
1103 2591 1364 2663 consummatio,
1392 2589 1526 2652 tertium
1556 2592 1607 2651 esi
1637 2590 1753 2650 Chris-

86 2683 258 2758 proximis
294 2685 505 2762 eloquantur,
531 2686 660 2750 dicente
692 2688 831 2750 Domino
858 2689 894 2750 in
949 2692 1047 2754 matis
1069 2689 1287 2760 consecratio,
1310 2687 1464 2764 quartum
1486 2688 1536 2749 est
1558 2687 1750 2749 mandatum

85 2781 275 2855 Evangelio
304 2802 311 2841 ε
344 2784 426 2850 Quoe
452 2786 526 2846 dico
551 2787 645 2846 vobis
669 2789 706 2846 iu
731 2787 892 2858 tenebris,
949 2803 1144 2867 pauperum,
1162 2786 1249 2864 quod
1268 2787 1304 2847 in
1325 2785 1453 2846 duobus
1472 2785 1634 2858 consistit,
1656 2785 1752 2846 vide-

85 2878 194 2938 dicite
219 2880 256 2938 tu
273 2881 405 2940 iumine
430 2876 560 2959 (Matth.
575 2897 610 2954 x,
625 2880 691 2961 27),
707 2883 804 2955 idest,
821 2899 894 2960 quae
949 2886 1038 2955 licet,
1052 2887 1088 2946 in
1113 2885 1284 2946 ablutione
1310 2883 1429 2960 pedum
1453 2884 1487 2944 et
1510 2883 1544 2943 in
1570 2882 1751 2944 retectione

87 2973 187 3034 vobis
212 2975 341 3036 occulta
363 2975 580 3052 inspiratione
605 2995 757 3054 suggero,
773 2996 833 3040 vos
855 2996 894 3042 ea
949 2984 1108 3045 ciborum.
1132 2981 1335 3044 Poenitentes
1348 2981 1447 3052 enim,
1463 2979 1520 3057 qui
1535 2979 1619 3041 teria
1633 2981 1751 3057 quarta

87 3069 254 3132 iratribus
276 3071 463 3148 praedicate.
487 3078 614 3152 Aquam
634 3091 714 3152 ergo
736 3077 894 3139 Dominus
949 3081 1056 3159 capite
1082 3079 1202 3157 jejunii
1239 3079 1337 3156 ejecti
1366 3077 1501 3138 fuerunt
1524 3078 1566 3138 ab
1590 3078 1749 3150 Ecclesia,

90 3166 126 3228 in
142 3168 268 3244 pelvim
286 3169 385 3242 misit,
403 3170 481 3247 quia
505 3172 604 3233 corda
619 3173 766 3234 fidelium
782 3177 849 3236 San
868 3175 894 3236 ti
949 3178 1047 3240 hodie
1057 3176 1315 3239 reconciliantur
1323 3175 1356 3237 et
1365 3175 1591 3250 communioni
1604 3175 1751 3236 fidelium

88 3263 238 3342 Spiritus
268 3267 377 3342 gratia
400 3269 551 3345 replevit.
578 3270 672 3332 Unde
692 3272 892 3348 Apostolus:
949 3272 1752 3352 sociantur.[DominusenimuostertcsusChris-

87 3362 189 3424 Misit
208 3367 378 3426 Dominus
391 3368 563 3440 Spiritum
576 3371 656 3430 Filii
669 3373 724 3429 cut
739 3373 775 3430 iu
789 3373 894 3431 cordo
948 3375 1001 3437 tus
1014 3371 1179 3434 celebrato
1193 3372 1407 3432 sacramento
1418 3369 1558 3432 Pascbae
1569 3372 1702 3443 veteris,
1715 3372 1751 3431 in

88 3461 215 3522 uestra
231 3458 352 3539 (Galat.
366 3478 411 3534 1v,
427 3464 469 3535 6).
486 3465 524 3524 ln
539 3464 660 3540 pelvim
674 3467 784 3526 autem
798 3466 893 3528 uobis
949 3470 1151 3532 comestione
1180 3467 1259 3542 agni
1281 3467 1467 3534 Pascbalis,
1485 3482 1607 3528 novum
1635 3469 1753 3528 Testa-

88 3571 212 3633 aquam
228 3559 358 3620 mittere
374 3560 436 3632 est,
447 3559 619 3622 charitatis
630 3563 663 3622 et
673 3561 893 3640 eleemosynae
948 3568 1094 3628 mentum
1105 3564 1259 3636 instituit,
1272 3579 1391 3640 corpus
1402 3579 1498 3623 suum
1509 3564 1749 3639 etsanguinem

87 3653 250 3730 operibus
274 3657 512 3718 conscientiam
527 3658 667 3734 replere.
689 3661 754 3719 Per
774 3675 894 3736 aquam
948 3667 984 3727 in
1008 3663 1118 3740 specie
1143 3662 1240 3740 panis
1266 3661 1390 3722 etvini
1415 3660 1549 3722 tradens
1578 3661 1751 3739 discipulis

88 3751 179 3812 enim
199 3751 411 3830 eleemosyna
427 3754 631 3830 designatur,
648 3754 777 3818 dicente
794 3756 893 3818 Salo·
949 3763 1018 3824 suis
1037 3761 1151 3822 diceus
1167 3759 1343 3832 :Accipite
1365 3759 1399 3819 et
1425 3760 1592 3821 comedite
1617 3774 1664 3821 eu
1690 3764 1753 3830 boc

89 3863 188 3910 mone
218 3871 226 3909 ε
256 3852 352 3911 Sicut
379 3865 470 3926 apua
497 3853 677 3931 eutiupuit,
695 3857 820 3929 iguem,
843 3856 895 3917 iio
949 3874 1068 3922 munes
1080 3874 1091 3931 ,·
1112 3861 1167 3919 bic
1182 3857 1233 3918 est
1247 3859 1341 3917 euim
1354 3859 1448 3918 catice
1465 3859 1647 3932 sauguinis
1669 3861 1751 3926 mei,

88 3951 306 4020 elecruospua
316 3949 490 4025 cutiupuit
496 3950 676 4024 peccatum
687 3949 756 4030 (lic.
767 3967 815 4024 111,
827 3951 892 4032 33),

128 4046 176 4105 Et
196 4046 299 4119 coepit
313 4051 433 4106 moure
445 4049 548 4120 pedes
560 4050 805 4122 disciputorum
819 4065 895 4112 cuo·

90 4154 181 4202 rum.
210 4145 277 4202 Per
302 4142 401 4218 pedes
422 4143 637 4219 designantur
662 4146 891 4221 cogitationes,

90 4237 168 4312 quia
184 4238 272 4300 sicut
288 4239 425 4316 pedibus
445 4239 543 4301 bomo
562 4241 725 4317 graditur,
742 4243 788 4305 ita
803 4245 896 4320 cogi·

91 4333 273 4397 tationibus
289 4335 427 4398 effectus
442 4335 587 4399 hominis
602 4340 785 4401 variantur.
801 4341 894 4404 Unde

93 4433 253 4508 scriptum
277 4433 327 4509 est
348 4433 382 4493 in
409 4435 529 4495 Genesi
550 4455 558 4495 r
579 4439 764 4499 Moverunt
790 4443 895 4515 pedes

92 4540 172 4590 suos
192 4533 235 4592 ab
256 4531 406 4600 oriente,
428 4532 462 4592 ct
486 4535 657 4595 uerierunt
678 4539 715 4595 iu
734 4550 895 4611 mutuum

93 4625 254 4688 Scuuaar
268 4624 363 4705 (Gen.
375 4643 421 4700 11,
435 4627 481 4708 2).
495 4631 645 4693 sennaar
659 4633 895 4710 iuterpretatur

94 4718 189 4785 fustor
211 4725 369 4787 dentium.
388 4729 452 4787 Per
464 4727 579 4789 dentes
601 4729 713 4804 igitur,
731 4731 787 4807 qui
802 4736 909 4808 prae-‘

93 4819 217 4896 cidunt,
239 4823 271 4885 et
290 4824 467 4886 masticant
490 4824 599 4886 cibum
623 4828 766 4904 corpori,
788 4830 895 4891 sancti

94 4919 328 4990 praedicatores
343 4921 570 4997 designantur,
588 4924 644 5000 qui
659 4925 894 5000 praedicatione

95 5029 154 5076 sua
175 5017 362 5094 praecidunt
381 5018 532 5080 homines
553 5021 593 5082 de
615 5036 725 5083 massa
741 5026 896 5100 peccato-

95 5123 178 5186 rum,
205 5116 238 5177 et
262 5118 504 5193 concorporant
526 5134 583 5180 eos
607 5119 642 5180 in
666 5119 807 5183 Christo.
831 5125 896 5183 Per

95 5223 245 5288 campum
257 5215 417 5286 Senuaar,
428 5213 485 5291 qui
495 5215 592 5276 foetor
602 5216 749 5279 dentium
762 5219 893 5292 dicitur,

8 5353 9 5374 ,
96 5305 279 5379 delectatio,
305 5313 338 5373 et
361 5312 475 5373 mundi
500 5315 768 5391 concupiscentia
784 5316 896 5394 desig-

96 5406 202 5481 natur,
220 5423 293 5486 quae
306 5408 403 5471 soetor
417 5411 468 5472 est
482 5409 645 5484 dentibus,
660 5413 756 5482 idest,
768 5414 893 5490 praedi-

97 5505 273 5578 catoribuS,
290 5507 367 5583 quia
383 5507 418 5569 ut
432 5509 578 5569 ioannes
598 5510 646 5572 ait
666 5510 701 5570 in
723 5512 893 5589 Epistola:

96 5601 241 5666 Mccudus
282 5605 411 5666 inoluit
444 5605 478 5668 et
509 5611 782 5684 coucupiscentia
819 5613 896 5684 ejice

97 5693 125 5774 (l
138 5701 233 5764 loun.
250 5702 365 5784 mli).

948 3959 1029 4019 uoci
1040 3953 1433 4026 ctaeteruiTcstamcuti,
1441 3954 1648 4028 musterium
1659 3955 1749 4028 fidei,

949 4057 1007 4129 qui
1022 4069 1090 4128 pro
1109 4054 1204 4113 uobis
1216 4051 1260 4139 et
1278 4066 1345 4125 pro
1359 4052 1477 4112 multis
1500 4052 1698 4126 efficudctur
1712 4057 1750 4114 iu
1848 4061 1850 4066 ‘

949 4153 1189 4213 remissionem
1221 4150 1453 4224 peccatorum.
1488 4153 1574 4210 Huc
1607 4151 1753 4223 quotics·
1782 4184 1785 4190 >

948 4262 1092 4322 cumque
1110 4248 1283 4322 feceritis,
1304 4250 1342 4308 iu
1368 4250 1438 4308 urei
1464 4243 1672 4309 numerium
1692 4251 1751 4323 fo-

949 4348 1045 4408 cietis
1058 4344 1151 4426 (Luc.
1169 4359 1254 4415 mr,
1272 4345 1320 4415 19,
1337 4342 1402 4424 20).
1421 4344 1514 4407 Unde
1530 4345 1662 4407 Veritas
1677 4346 1725 4407 ait
1742 4367 1750 4406 :

948 4447 1026 4507 Nisi
1040 4443 1334 4505 umuducuveritis
1345 4457 1488 4502 caruem
1497 4446 1577 4504 Filii
1589 4447 1750 4514 bominis,

948 4543 982 4604 et
996 4543 1149 4603 biberitis
1170 4542 1246 4611 ejus
1259 4542 1478 4615 soreuuiuem,
1499 4555 1569 4601 uou
1588 4541 1753 4602 babebitis

948 4640 1059 4700 uitam
1073 4643 1110 4699 iu
1124 4640 1229 4698 uobis,

991 4737 1053 4798 Sed
1067 4751 1170 4813 quare
1184 4735 1221 4796 iu
1235 4733 1345 4810 specie
1362 4732 1455 4810 panis
1471 4734 1503 4795 et
1517 4733 1607 4796 vinii
1622 4735 1749 4796 Viden-

949 4838 1026 4898 dum
1039 4835 1099 4897 est.
1115 4833 1208 4894 Sicut
1222 4831 1310 4893 enim
1327 4831 1422 4908 panis
1436 4846 1506 4907 prae
1521 4832 1650 4892 caeteris
1666 4832 1750 4893 cibis

949 4949 1069 5010 corpus
1091 4929 1198 4992 reiicit
1224 4929 1257 4990 et
1272 4928 1446 5000 sustentat,
1461 4929 1494 4990 et
1506 4929 1622 4990 vinum
1641 4929 1753 4993 bomi-

950 5048 1024 5093 nem
1038 5028 1185 5090 laetiticat
1199 5027 1232 5088 et
1243 5024 1398 5098 inebriat,
1413 5026 1461 5086 sic
1476 5042 1554 5088 caro
1566 5026 1688 5090 Christi
1699 5029 1753 5090 in-

949 5129 1105 5191 teriorem
1116 5125 1283 5186 homiuem
1294 5124 1400 5198 magis
1414 5111 1544 5185 caeteris
1556 5126 1674 5200 gratiis
1685 5127 1751 5203 spi-

948 5225 1114 5288 ritualiter
1128 5221 1235 5284 reficit
1250 5222 1283 5282 et
1301 5221 1442 5296 saginat.
1464 5221 1497 5282 et
1516 5223 1656 5297 sanguis
1673 5224 1747 5300 spi-

949 5323 1117 5387 ritualiter
1127 5319 1284 5388 laetificat,
1295 5319 1329 5380 et
1338 5319 1387 5380 sic
1396 5318 1549 5391 inebriat,
1559 5322 1596 5381 ut
1604 5321 1751 5384 sobrium

950 5422 1075 5485 reddat.
1098 5419 1190 5482 Unde
1218 5417 1397 5479 Psalmista
1421 5439 1428 5476 :
1452 5421 1618 5480 Pocuium
1642 5420 1751 5494 tuum,

950 5527 1003 5583 vel
1021 5523 1113 5582 cotie
1128 5519 1208 5578 tuus
1225 5517 1412 5587 inebrians,
1426 5531 1531 5588 quum
1540 5522 1752 5590 praectarum

950 5620 1002 5681 est
1015 5614 1085 5697 (Ps.
1099 5617 1150 5686 22,
1162 5612 1207 5693 5).
1222 5613 1262 5674 nt
1276 5612 1362 5674 sicut
1372 5627 1414 5674 ex
1426 5613 1538 5674 multis
1549 5615 1665 5689 granis
1678 5631 1754 5678 cou-

864 5750 867 5755 -
950 5717 1060 5800 dcitur
1086 5729 1172 5774 unus
1202 5711 1309 5788 panis,
1340 5712 1373 5772 et
1400 5727 1442 5773 ex
1469 5711 1620 5788 pluribus
1646 5715 1755 5778 acinis
