4076 6420
294 282 354 342 soi
758 279 935 342 HONORII
957 280 1002 342 111
1023 279 1173 342 OPERA.
1187 309 1228 324 -
1242 281 1475 346 solutiones.
1884 283 1958 342 808

296 438 436 518 quilibet
452 439 626 515 tyrannus,
640 453 700 500 seu
714 438 829 500 muudi
843 439 964 513 soclus,
985 437 1093 501 trihu·
1146 439 1344 512 meretricis,
1361 440 1396 500 ut
1416 437 1521 508 nollet
1535 436 1717 514 aliquande
1739 438 1955 502 erubescere

296 536 438 599 latiores
450 535 624 598 inferendo
641 536 675 598 et
688 535 751 598 iste
766 536 949 598 vincendus
970 537 1021 599 est
1034 551 1091 597 se·
1140 537 1259 611 jamin
1274 537 1352 598 sede
1366 537 1511 614 pudoris,
1527 535 1625 608 idest,
1649 534 1758 598 iroute
1773 552 1955 599 verecun-

296 633 439 696 cundum
454 633 557 693 iliud:
580 634 693 696 Nolite
709 634 833 695 timere
850 649 908 696 eos
926 637 985 708 oui
1003 638 1091 696 occi-
1145 630 1233 692 diam
1248 633 1415 709 praeierat,
1431 630 1758 695 eterubescatinhis
1772 633 1955 710 inquibus

295 731 381 794 dunt
403 745 528 806 cor‘pus
552 728 684 810 (Matth.
708 747 746 804 x,
773 729 839 808 28).
868 731 926 792 nt:
952 733 1090 807 Diligite
1145 728 1274 789 nulium
1295 728 1411 791 habuit
1431 729 1585 802 fructum,
1600 744 1661 790 nec
1671 732 1743 807 jam
1767 731 1955 792 erubescat

294 832 451 892 inimicos
489 827 646 901 vestros,
685 828 719 890 et
756 843 826 890 uon
866 829 1090 902 oosruettpsos
1144 840 1232 898 eum,
1255 826 1312 903 qui
1339 825 1548 888 confitebitur
1576 827 1685 904 ipsum
1712 843 1825 888 coram
1851 829 1956 905 patre

295 923 427 1004 (Mettis.
447 939 497 997 111,
513 924 579 1004 11).
596 925 727 987 Tertius
745 924 852 987 hostis
871 926 978 999 nocet,
1006 926 1092 988 idest
1145 939 1215 984 suo.
1249 925 1328 984 iiaec
1359 924 1411 985 est
1440 923 1589 986 visitatio
1621 924 1766 988 dexterae
1802 926 1951 998 excelsi,

294 1023 446 1085 diabolus
464 1023 663 1084 tentationes
683 1023 903 1099 suggerendo,
918 1038 1016 1100 quem
1035 1039 1092 1086 re-
1145 1019 1276 1097 quando
1299 1020 1453 1099 peccator
1470 1035 1530 1097 per
1552 1022 1781 1099 poenitentiam
1800 1025 1834 1084 et
1856 1040 1950 1084 con·

294 1121 419 1198 pellere
447 1120 603 1182 dehemus
631 1120 900 1196 suggestionibus
926 1136 994 1182 uon
1009 1136 1092 1182 con·
1143 1117 1313 1178 tritiouam
1323 1117 1432 1179 cordis
1441 1119 1600 1196 relinquit
1610 1119 1779 1181 diabolum
1789 1122 1823 1183 et
1832 1121 1951 1184 adhae·

294 1218 478 1292 sentiendo,
494 1218 579 1280 sicut
593 1217 752 1294 scriptum
767 1219 819 1280 est
833 1239 840 1278 ε
854 1219 968 1282 Nolite
980 1224 1090 1280 Deum
1144 1213 1194 1275 ret
1208 1213 1348 1287 Christo,
1363 1215 1503 1292 despicit
1517 1216 1686 1280 mundana
1700 1220 1733 1280 θῐ
1753 1219 1894 1290 caduca.
1914 1224 1952 1282 ot

293 1320 528 1388 claredunum,
539 1319 599 1378 sea
612 1316 775 1389 resistite,
787 1317 822 1378 et
836 1317 945 1392 sapiet
956 1332 979 1378 a
996 1319 1090 1376 vonis
1144 1308 1253 1385 diligit
1266 1310 1415 1373 coelestia
1428 1313 1461 1374 et
1475 1313 1612 1376 aeterna.
1628 1315 1668 1378 nt
1680 1315 1760 1377 tunc
1779 1317 1951 1380 Dominus

298 1412 395 1494 (Epi.
412 1430 457 1485 1v,
473 1417 534 1489 273
550 1416 621 1476 iao.
635 1429 679 1486 w,
690 1412 738 1492 7).
1039 1429 1042 1435 ¹
1143 1406 1234 1468 vadit
1250 1407 1285 1467 iu
1307 1409 1475 1472 civitatem
1489 1409 1599 1484 Naim,
1616 1412 1748 1490 quando
1764 1413 1814 1474 sic
1827 1415 1953 1478 visitat

333 1510 512 1575 Videamus
522 1511 635 1585 igitur,
645 1509 809 1586 quomodo
822 1509 981 1572 Dominus
991 1511 1009 1571 J
1012 1525 1089 1571 esus
1143 1519 1278 1566 carnem
1292 1506 1452 1568 nostram.

293 1608 395 1669 vadat
409 1607 443 1667 in
462 1607 631 1670 ciuitatem
649 1607 758 1680 Naim,
774 1607 871 1678 idest,
892 1606 935 1668 ad
955 1621 1090 1668 carnem
1186 1602 1228 1662 ui
1239 1603 1334 1664 itaut
1354 1617 1433 1666 cum
1447 1607 1503 1666 iiio
1516 1607 1673 1680 aucipuli
1690 1608 1767 1680 eius
1780 1608 1816 1671 et
1841 1611 1951 1672 terroe

294 1705 485 1766 humanam.
498 1705 590 1764 Tunc
604 1703 763 1764 Dominus
777 1702 869 1765 vadit
889 1703 1020 1780 quando
1037 1704 1090 1766 vi-
1142 1702 1278 1773 coptoso
1297 1697 1380 1779 (Luc
1404 1717 1462 1774 vu,
1483 1699 1531 1780 2).
1552 1702 1714 1780 Discipuli
1739 1705 1898 1769 dicuntur
1924 1725 1949 1772 a

295 1801 373 1863 siiat
391 1817 478 1873 eam,
497 1799 584 1862 idest
595 1799 786 1876 compungit
797 1815 871 1860 eam
883 1801 1002 1862 timore
1015 1816 1088 1870 suo,
1143 1794 1310 1858 discendo.
1333 1797 1495 1875 Discipuli
1512 1801 1589 1862 sunt
1608 1801 1708 1863 timor
1725 1804 1759 1865 et
1773 1819 1881 1878 amor,
1897 1806 1950 1868 ti-

294 1899 328 1962 et
340 1899 508 1961 illuminat
521 1898 615 1960 iilam
627 1897 722 1958 radio
740 1912 809 1958 suae
821 1897 1087 1972 illuminationis,
1143 1907 1215 1954 mor
1230 1909 1337 1970 poenae
1351 1895 1487 1966 interni,
1501 1897 1535 1958 et
1547 1913 1642 1960 amor
1656 1899 1801 1962 coelestis
1810 1901 1946 1978 gloriae.

295 1999 328 2060 et
358 1997 576 2074 inspiratione
606 1995 749 2072 Spiritus
780 1995 904 2056 Sancti.
939 1995 1033 2058 Unde
1054 1997 1089 2058 in
1142 1993 1244 2053 Amor
1263 1993 1364 2055 dicit:
1381 1996 1490 2056 Credo
1509 1997 1629 2058 ridere
1646 1999 1733 2059 douo
1746 2002 1889 2060 Domini
1905 2005 1947 2063 in

295 2095 425 2158 cantico
441 2095 610 2158 zachalias
626 2116 633 2156 :
652 2093 811 2156 Visitooit
827 2109 890 2156 uos
909 2097 1027 2156 oriens
1042 2109 1090 2158 aa
1145 2088 1243 2150 terra
1258 2090 1449 2152 alventium
1468 2090 1538 2171 (ΡΒ.
1558 2093 1610 2165 26,
1632 2091 1697 2172 30).
1716 2095 1777 2156 Vei
1796 2117 1804 2156 :
1825 2097 1943 2158 Disci-

258 2219 263 2227 ·
294 2194 363 2258 alto
378 2191 470 2272 (Luc.
488 2209 512 2266 1,
527 2190 593 2271 78).
1137 2185 1245 2261 ‚cipuli
1255 2185 1438 2249 dicuntura
1449 2189 1636 2266 disciplina.
1649 2191 1946 2269 DiscipuiiChristi

337 2292 484 2363 Quatuor
498 2290 604 2352 modis
618 2287 765 2351 visitatio
778 2289 970 2367 completur.
985 2287 1092 2352 Exhi-
1145 2281 1278 2347 luerunt
1295 2285 1445 2361 Apostoli
1458 2287 1503 2348 et
1529 2287 1650 2348 sancti.
1674 2291 1713 2351 Di
1736 2305 1799 2351 uos
1826 2307 1947 2353 sumus

294 2385 420 2450 hiiioue
439 2387 611 2464 precepti,
636 2386 816 2463 asperitate
833 2387 968 2464 flagelli,
991 2387 1090 2449 novi·
1144 2379 1298 2458 discipuli
1314 2381 1446 2454 Christi,
1464 2384 1493 2444 si
1507 2383 1666 2446 discimus
1687 2385 1728 2446 ab
1744 2403 1783 2448 eo
1804 2389 1886 2465 quid
1902 2390 1947 2450 sit

293 2487 362 2549 tate
392 2485 557 2557 miraculi,
588 2485 622 2546 et
643 2485 863 2561 inspiratione
889 2483 1012 2546 subtili.
1043 2487 1090 2546 De
1144 2476 1343 2553 faciendum,
1367 2479 1446 2556 quid
1474 2481 1672 2555 cavendum,
1699 2483 1777 2560 tilliil
1804 2483 1946 2562 fugien-

296 2583 405 2662 primo
439 2582 577 2658 legitur,
611 2582 647 2643 in
685 2582 890 2658 Evangelio:
923 2583 1092 2656 Infirmus
1144 2575 1232 2648 dum,
1249 2575 1372 2654 etquid
1387 2578 1431 2639 sit
1444 2578 1633 2640 amandum.
1650 2581 1736 2645 Quid
1746 2582 1795 2642 sit
1807 2584 1947 2655 facieru-

295 2695 406 2754 eram,
422 2681 457 2742 et
474 2681 643 2742 visitastis
661 2695 736 2752 me,·
750 2684 788 2740 in
808 2695 960 2751 carcere,
979 2680 1013 2742 at
1028 2695 1091 2742 ae·-
1144 2676 1237 2745 dum,
1254 2673 1317 2736 hoc
1331 2675 1382 2736 est
1395 2675 1522 2737 servire
1540 2677 1681 2740 Domino
1703 2677 1739 2738 iu
1753 2677 1947 2742 humilitate

298 2780 400 2843 utatis
416 2781 461 2840 od
476 2792 532 2840 me
547 2775 676 2847 (Matio.
701 2792 781 2850 xxv,
796 2775 862 2856 36).
879 2778 926 2839 De
945 2777 1090 2838 secundo
1145 2771 1179 2832 ot
1198 2772 1462 2835 mansuetudine.
1488 2774 1582 2837 Unde
1600 2776 1672 2852 ipse
1696 2775 1744 2838 ait
1770 2775 1806 2836 iu
1830 2779 1947 2838 Eran-

297 2877 345 2938 ait
358 2874 520 2938 ieremias
533 2889 607 2936 eum
623 2873 859 2950 affligeretura
877 2874 1002 2936 Judaeis
1018 2895 1025 2934 ε
1043 2878 1092 2936 Tu
1145 2868 1233 2943 geiio
1245 2886 1253 2924 ε
1266 2870 1395 2933 Discite
1409 2886 1433 2932 o
1448 2885 1506 2932 me
1519 2875 1601 2945 guia
1621 2873 1718 2934 mitis
1730 2887 1811 2934 sum
1824 2875 1860 2934 et
1873 2879 1945 2936 luu-

296 2977 376 3044 scis,
391 2975 547 3044 Domine,
562 2975 748 3034 recordare
765 2975 846 3034 met.
868 2972 975 3034 Visita
987 2987 1043 3032 me
1057 2973 1091 3032 et
1144 2968 1237 3028 milis
1249 2969 1351 3030 corde
1367 2965 1498 3046 (Mattlr.
1513 2983 1561 3040 ru,
1574 2967 1641 3050 29).
1657 2970 1732 3031 Non
1754 2969 1855 3033 dixit:
1873 2972 1948 3032 dis-

295 3084 380 3134 erue
395 3085 451 3132 me
465 3071 506 3130 oo
526 3073 579 3130 iris
594 3072 652 3142 oui
674 3070 933 3142 persequuntur
950 3083 1006 3130 me
1021 3069 1093 3148 (Je-
1146 3063 1210 3124 cito
1229 3079 1249 3125 a
1273 3079 1325 3125 me
1349 3064 1468 3126 coelum
1488 3081 1615 3140 creare,
1643 3067 1768 3128 terram
1786 3067 1942 3140 fundare,

296 3183 379 3229 rem.
394 3183 449 3236 xv,
462 3167 523 3242 15).
536 3166 576 3228 Et
590 3165 763 3227 inPsalmo
775 3165 840 3244 (88,
852 3163 927 3246 33):
946 3166 1093 3228 Visitooo
1146 3160 1293 3222 mortuos
1317 3161 1491 3234 suscitare,
1514 3163 1572 3224 sed
1595 3165 1714 3226 ducite
1735 3179 1759 3225 o
1783 3179 1841 3226 rie
1862 3170 1945 3240 puio

296 3269 334 3327 iu
348 3268 450 3338 uirgo
463 3264 664 3337 iniquitates
683 3276 815 3334 eorsum,
836 3263 870 3324 et
887 3265 923 3323 tu
937 3265 1094 3324 aerbert-
1145 3257 1242 3318 mitis
1255 3272 1334 3319 sum
1349 3259 1533 3322 elicueritis
1545 3263 1660 3334 corde,
1674 3260 1752 3338 quia
1767 3265 1877 3340 majus
1891 3263 1944 3324 est

296 3365 358 3424 oue
368 3361 509 3436 peccato
518 3375 650 3422 eorum.
662 3361 709 3420 De
720 3358 819 3422 tertio
830 3359 912 3421 dicit
923 3360 1041 3421 Petrus
1055 3359 1092 3422 in
1146 3353 1281 3432 propter
1293 3353 1514 3419 humilitatem
1524 3357 1557 3419 et
1571 3359 1862 3420 mansuetudinem
1874 3361 1946 3420 ani·

296 3459 432 3522 Actibus
452 3456 704 3534 Apostolorum:
723 3457 971 3519 Paenitentiam
986 3457 1090 3534 opita,
1146 3467 1234 3513 mam
1268 3451 1456 3525 vivificare,
1484 3469 1583 3531 quam
1612 3455 1732 3516 coelum
1758 3457 1792 3517 et
1817 3457 1945 3518 terram

296 3559 329 3620 et
358 3557 551 3632 baptizetur
586 3558 820 3628 uuusouisoue
851 3555 1020 3616 oestrum.
1046 3555 1093 3616 nt
1147 3547 1297 3611 fundare·
1315 3550 1410 3622 Quia,
1432 3551 1466 3612 ei
1489 3551 1518 3610 ⁵1
1542 3551 1625 3613 illud
1649 3553 1700 3614 0⁵1
1718 3553 1857 3630 maioris
1882 3571 1945 3631 po-

295 3656 459 3730 opposllae
479 3654 560 3716 suut
581 3657 619 3714 iu
643 3655 698 3713 die
720 3651 782 3714 iila
802 3656 930 3714 aalma
952 3653 1093 3714 circiter
1149 3646 1270 3720 tentiae,
1283 3646 1373 3708 istud
1385 3648 1497 3709 tamen
1511 3649 1563 3712 est
1575 3649 1713 3727 majoris
1728 3651 1859 3725 matiae.

297 3755 367 3815 trio
387 3756 494 3814 multo
513 3748 598 3831 (Act.
625 3765 663 3822 11,
685 3750 737 3820 38,
761 3750 824 3824 41).
845 3751 892 3810 De
916 3750 1033 3825 quarto
1056 3749 1092 3810 in
1188 3743 1345 3820 Sequitur
1358 3765 1366 3804 ε
1381 3744 1427 3805 iit
1448 3744 1550 3808 turio
1567 3749 1715 3820 copioso.
1728 3746 1839 3808 Turba
1853 3747 1945 3809 dici-

295 3846 715 3930 Psalmo(105,4):Visito
733 3859 811 3919 uos,
829 3849 933 3920 Deras,
946 3850 988 3924 Ι1η
1004 3852 1093 3910 saiu-
1146 3839 1201 3901 tur
1225 3856 1246 3902 a
1269 3840 1444 3904 turbando.
1478 3841 1634 3918 Legimus
1655 3841 1741 3920 quod
1775 3844 1842 3906 tres
1867 3849 1947 3908 sunt

295 3951 366 4016 tart
376 3950 445 4012 tuo.
1145 3936 1251 4000 turbae
1263 3953 1338 4015 quae
1354 3935 1490 4002 turbant
1506 3939 1657 4002 homines
1674 3962 1682 4002 r
1707 3941 1815 4018 prima
1836 3943 1944 4004 vitio-

335 4049 437 4110 Item:
453 4043 613 4108 Dominus
624 4044 716 4106 vadit
730 4040 771 4105 ad
790 4043 957 4105 civitatem
979 4041 1089 4112 Naim,
1146 4049 1231 4108 rum,
1248 4035 1392 4097 secunda
1412 4035 1661 4111 cogitationum,
1675 4037 1774 4100 tertia
1789 4040 1947 4115 negotio-

294 4145 424 4222 quoties
439 4157 517 4203 caro
530 4143 643 4203 nostra
660 4140 888 4202 sanctificatur
902 4139 935 4201 et
953 4139 1093 4215 castiga·
1146 4147 1231 4194 rum.
1246 4133 1310 4194 Sed
1323 4131 1420 4194 turba
1435 4134 1500 4195 ista
1514 4149 1581 4195 uon
1601 4135 1714 4198 turbat
1736 4135 1793 4196 sed
1808 4135 1946 4200 confor-

294 4244 350 4304 tur
364 4255 424 4316 per
442 4238 622 4316 jejunium,
643 4237 828 4299 orationem
846 4236 880 4298 et
904 4235 1092 4310 largitatem
1145 4229 1296 4307 latonia
1311 4230 1362 4292 est
1384 4232 1574 4294 sanctorum
1590 4231 1623 4294 et
1637 4231 1843 4307 angelorum,
1860 4236 1948 4298 sicut

295 4337 582 4412 eleemosynarum
596 4334 630 4395 et
648 4332 782 4404 similia,
801 4332 898 4394 toties
917 4332 1009 4394 vadit
1031 4335 1093 4394 Do·
1146 4325 1227 4388 dicit
1245 4327 1391 4390 Joauues
1411 4327 1446 4389 iu
1469 4327 1671 4405 apocalysi:
1711 4331 1785 4392 Vidi
1804 4331 1945 4394 turoam

295 4435 407 4496 minus
426 4432 468 4494 ad
483 4431 650 4494 civitatem
663 4429 773 4501 Naim,
786 4429 883 4502 idest,
898 4429 942 4500 ¹ud
957 4445 1091 4492 caruem
1145 4437 1310 4500 macrim
1322 4439 1427 4499 quom
1447 4427 1673 4488 diuuocerare
1691 4441 1792 4488 uerno
1804 4429 1946 4501 poterat

296 4532 455 4594 nostram.
477 4529 571 4590 Unde
589 4527 765 4605 Apostolus
778 4547 786 4588 z
801 4527 848 4590 lit
870 4530 915 4588 od
933 4543 1012 4590 eom
1027 4542 1091 4590 oe·
1146 4535 1192 4582 eu
1204 4523 1360 4582 omuwtls
1368 4522 1525 4597 gerarous
1534 4523 1568 4584 et
1578 4525 1726 4597 populis,
1740 4523 1775 4584 et
1788 4525 1946 4588 lnooous

295 4632 442 4700 numus,
456 4628 718 4690 etmaustauem
731 4627 822 4700 apud
835 4639 914 4686 eom
925 4628 1092 4700 sumemus
1145 4619 1180 4680 et
1204 4620 1341 4695 linguis,
1367 4619 1501 4682 startias
1525 4619 1606 4682 aute
1632 4620 1796 4682 tironum
1822 4617 1940 4699 (Apoc.

298 4725 409 4806 (ioan.
420 4742 489 4798 mv,
505 4722 571 4803 23).
588 4723 628 4786 Ε1
639 4721 717 4802 quia
732 4722 843 4784 omnia
853 4722 999 4784 membra
1014 4737 1092 4784 nos·
1143 4730 1206 4787 vu,
1220 4713 1266 4794 9).

295 4828 347 4888 tra
362 4825 496 4886 luerunt
508 4837 601 4884 anna
623 4819 822 4898 iniquilatis,
838 4820 924 4882 sieut
936 4818 1093 4882 exhibui·
1186 4816 1271 4876 Cum
1285 4813 1403 4875 autem
1415 4812 1711 4888 appropinquaret
1723 4814 1840 4888 porta
1855 4818 1946 4878 cici-

295 4939 369 4986 mus
388 4938 427 4984 ea
444 4921 572 4983 servire
585 4917 805 4980 immunditiae
822 4919 855 4980 et
869 4917 1037 4994 iniquitati
1050 4916 1091 4980 ad
1147 4911 1291 4972 tatium.
1321 4907 1415 4988 (Luc.
1438 4923 1498 4982 vn,
1525 4907 1588 4988 12).
1616 4909 1726 4972 Poriae
1745 4909 1846 4988 hujrm
1861 4913 1948 4975 ciri-

294 5019 515 5100 iniquitatem,
528 5019 576 5079 ita
596 5031 684 5077 nunc
698 5015 880 5078 secundum
899 5015 1091 5091 Apostolum
1145 5007 1223 5070 tatis
1238 5007 1395 5069 dicuntur
1415 5007 1518 5084 porta
1540 5005 1667 5075 mortis,
1692 5007 1771 5084 quia
1785 5024 1877 5070 mors
1891 5011 1947 5072 in-

295 5119 513 5182 exhibeamus
528 5129 569 5176 ea
583 5113 709 5176 servire
726 5112 866 5189 justitia
890 5111 924 5172 in
941 5113 1092 5174 sanctiti-
1146 5105 1212 5168 trat
1223 5118 1283 5181 per
1296 5104 1398 5180 ipsas,
1411 5103 1498 5165 uude
1513 5103 1547 5163 iu
1561 5103 1714 5164 Psalmo:
1731 5106 1795 5169 Oui
1809 5108 1947 5170 emelim

295 5217 426 5280 catione
450 5213 559 5294 (Rom.
588 5227 641 5283 m,
671 5209 734 5288 19).
762 5211 863 5288 Giu'us
886 5224 965 5285 ergo
994 5211 1093 5286 caput
1145 5218 1201 5266 me
1223 5205 1265 5266 de
1281 5203 1396 5275 portu
1418 5201 1542 5263 mortis
1567 5198 1637 5279 (Ps.
1662 5201 1692 5272 9,
1717 5200 1780 5280 15).
1804 5201 1895 5265 Vitia
1914 5205 1947 5267 et

295 5314 375 5376 oiim
391 5325 616 5390 supergressa
631 5307 708 5370 sunt
719 5305 923 5384 iniquitates,
938 5308 1009 5382 jam
1024 5323 1090 5368 nn-
1147 5300 1281 5378 peccata
1297 5298 1453 5361 dicuntur
1474 5298 1577 5375 portas
1597 5297 1723 5371 mortis,
1740 5299 1820 5376 quia
1833 5315 1894 5376 per
1906 5317 1947 5366 aa

296 5413 353 5488 gat
367 5411 465 5488 eaput
479 5424 576 5472 suum
588 5407 662 5468 olco
673 5404 797 5468 laetitiae
813 5404 846 5465 et
862 5403 1089 5477 exultationis,
1147 5399 1250 5460 intrat
1264 5411 1365 5467 mors,
1380 5395 1466 5457 idest
1475 5394 1638 5467 diabolus,
1655 5395 1741 5458 sicut
1755 5395 1837 5458 dicit
1850 5399 1869 5460 J
1872 5414 1948 5460 ere-

296 5509 330 5570 et
346 5511 444 5586 juxta
470 5503 631 5584 sapientis
657 5501 833 5564 consilium
861 5515 974 5562 coram
1007 5517 1091 5564 cano
1148 5493 1231 5555 mins
1247 5513 1254 5554 :
1270 5495 1368 5555 Mors
1382 5491 1529 5554 introvit
1537 5505 1605 5566 per
1620 5492 1793 5566 sertcstras
1806 5495 1948 5557 uestras

194 5653 198 5664 .
296 5607 404 5683 capite
423 5604 561 5668 inclinet
582 5599 682 5680 caput
704 5615 812 5666 suum.
831 5597 892 5662 Cui
906 5599 978 5662 erat
1000 5598 1091 5664 irons
1148 5591 1229 5672 (ier.
1246 5606 1293 5664 rx,
1310 5587 1376 5668 21).
1388 5591 1427 5652 Et
1441 5588 1476 5652 in
1498 5583 1654 5657 Psalmo:
1679 5590 1852 5653 Corctrioit
1860 5608 1949 5667 por-
