4076 6420
278 203 339 286 815
744 205 920 269 sennan
940 204 988 266 111
1009 201 1158 272 orum.
1175 227 1213 246 -
1230 197 1462 266 sennense.
1892 191 1972 256 sne
2023 217 2024 306 3

278 361 487 439 patientiam,
507 363 687 444 justltlam,
712 364 745 428 et
773 365 927 442 gratiam.
950 361 1078 426 Mundi·
1132 361 1295 440 quomodo
1310 359 1458 450 membra
1469 361 1552 437 etus,
1568 353 1678 424 ludaei
1690 351 1819 434 aliquid
1832 369 1961 431 repe..

279 461 374 533 tiam,
389 461 467 538 quia
480 461 567 525 siout
587 463 660 525 sine
681 463 815 541 peccato
834 463 1013 541 ooneeptus
1027 461 1078 523 est
1130 459 1201 521 rire
1214 459 1368 538 possenti
1382 456 1452 520 ¹Sed
1473 456 1549 534 pius
1573 454 1733 516 Dominus
1752 468 1824 514 non
1844 452 1963 512 dedi.

279 559 312 620 et
336 558 445 631 natus,
471 560 519 620 ita
540 561 612 622 sine
635 559 772 639 peceato
790 561 876 622 vixit
890 560 926 622 in
941 559 1075 632 mundo,
1130 557 1252 634 gnatur
1266 572 1310 618 ex
1329 555 1461 618 ratione
1471 552 1647 615 ostendere
1663 567 1699 612 se
1720 553 1959 628 peecatorem

280 656 366 719 siem
400 655 482 718 dicit
505 657 624 718 Petrus
652 659 688 718 in
718 658 864 734 Epistola
892 657 1075 720 canonicas
1131 669 1198 716 non
1213 669 1286 714 esse
1300 653 1436 714 dieensz
1453 653 1535 719 oseis
1553 665 1600 712 em
1615 652 1712 711 vobis·
1724 649 1857 725 arguet
1886 661 1958 708 me

280 755 344 819 Qut
355 753 534 828 peceatum
547 768 616 816 non
625 756 716 828 tecit,
732 770 795 817 neo
808 759 903 817 dotus
916 753 1076 816 inventus
1131 755 1171 814 de
1184 749 1348 826 peceato?

280 851 332 912 est
346 855 383 911 to
397 865 458 914 ore
473 854 550 923 ejus
572 848 657 931 (Pet.
682 868 719 922 11,
743 850 809 932 22).
833 853 871 914 et
885 850 963 914 lieet
977 850 1077 913 tuerit
1171 847 1308 924 Triplex
1334 846 1384 908 est
1421 845 1624 922 peceatum:
1650 838 1797 920 primum
1828 835 1958 917 origi-

280 948 427 1009 humana
442 963 544 1010 earne
558 949 708 1021 vestitus,
731 965 797 1011 non
813 946 1078 1011 tuittamenhu-
1131 945 1220 1018 nale,
1236 944 1418 1006 seeimdum
1442 942 1632 1020 personale,
1656 941 1793 1002 tertium
1818 939 1962 1014 εἱειειε-
2023 1005 2024 1008 Ἴ

280 1059 379 1106 mana
392 1043 573 1122 fragilitate
588 1046 742 1123 pollutus.
759 1047 852 1108 Unde
864 1047 935 1123 ipse
947 1043 1077 1107 dloebat
1131 1042 1212 1103 lare.
1227 1040 1396 1117 originale
1417 1041 1468 1102 est
1481 1038 1564 1101 lllud
1579 1037 1614 1098 iu
1638 1051 1703 1116 quo
1719 1037 1955 1115 peccavimus
2023 1035 2024 1042 ’

278 1141 415 1215 iudaeis,
427 1142 464 1203 in
477 1143 658 1220 Evangelio
668 1143 754 1221 quod
767 1143 1016 1210 audistiszouts
1030 1157 1076 1206 ee
1131 1153 1259 1212 omnes,
1272 1140 1306 1201 at
1319 1153 1379 1217 pro
1394 1151 1459 1216 quo
1482 1137 1646 1198 morimur
1666 1133 1831 1196 universi.
1848 1137 1952 1195 Per-
2023 1169 2024 1202 ,

278 1242 373 1301 vobis
387 1241 511 1317 arpuet
524 1255 581 1304 nee
593 1244 635 1303 de
644 1243 784 1318 peceato
797 1243 809 1302 t
820 1241 920 1314 Quasi
931 1240 1075 1304 diceret:
1131 1237 1245 1300 annale
1266 1237 1328 1310 est,
1345 1251 1421 1298 eum
1431 1237 1502 1314 jam
1521 1233 1644 1296 laxatis
1664 1231 1808 1294 habenis
1832 1230 1953 1293 exhi-
2023 1231 2024 1238 ’

278 1340 412 1400 Nattae.
434 1338 520 1400 Nam
541 1339 705 1416 quomodo
732 1338 840 1400 Judaei
869 1339 1075 1400 salvatorem
1130 1336 1248 1398 bemus
1273 1333 1421 1410 undique
1439 1330 1587 1394 membra
1608 1331 1842 1402 nostra,arma
1865 1328 1954 1389 ini-

280 1434 395 1495 mundi
407 1434 448 1495 de
463 1437 598 1512 peceato
615 1451 756 1511 arguare
774 1437 920 1514 possent,
934 1437 964 1497 si
978 1436 1075 1514 prin·
1131 1434 1267 1512 quitatis
1278 1433 1425 1511 peceato,
1449 1443 1516 1492 non
1537 1427 1634 1490 modo
1644 1431 1717 1506 jam
1735 1427 1860 1499 alieno,
1880 1425 1950 1488 sed
2023 1495 2024 1498 Ἴ

280 1546 358 1608 oeps
372 1531 498 1600 mundi,
511 1530 610 1606 idest,
623 1533 774 1594 diabolus
789 1533 829 1593 ad
845 1549 921 1594 eum
938 1534 1077 1595 veniens
1131 1531 1266 1609 proprio
1278 1530 1417 1593 erimine
1432 1525 1653 1590 condemnati.
1667 1525 1849 1601 {liuvilane
1860 1539 1955 1600 peo-
2023 1547 2024 1554 θ

281 1627 366 1688 nihil
381 1628 417 1688 in
431 1643 471 1690 eo
487 1628 750 1705 reprehensibile
763 1630 902 1702 invenit,
921 1630 993 1706 ipso
1006 1633 1075 1692 Do·-
1131 1630 1241 1690 catum
1268 1627 1503 1704 gravissimum
1524 1625 1575 1687 θεῖ
1599 1623 1687 1701 quod
1718 1621 1948 1684 commissum
2023 1621 2024 1646 ¹

283 1724 373 1784 mino
392 1724 486 1798 teste,
508 1726 566 1803 qui
588 1726 759 1803 discipulis
782 1725 888 1786 dixit:
905 1729 988 1788 lom
1007 1742 1076 1788 non
1130 1726 1180 1787 est
1193 1725 1229 1785 in
1243 1725 1417 1786 Dominum
1439 1721 1635 1801 majestatis,
1652 1737 1728 1782 oum
1748 1719 1815 1781 riri
1836 1717 1947 1795 impii

205 1867 207 1870 -
280 1822 390 1884 matta
408 1827 529 1898 loquor
543 1826 731 1894 nobiseum
752 1823 846 1882 vertit
861 1826 955 1884 enim
968 1826 1075 1895 prtia-
1130 1822 1240 1884 virum
1277 1823 1405 1900 justum
1446 1821 1570 1898 injusta
1613 1818 1818 1884 occiderunt.
1862 1817 1946 1877 Hoo
2023 1809 2024 1814 ’

281 1932 360 1992 ceps
373 1922 494 1980 mundi
506 1921 609 1993 bidus
622 1919 657 1980 et
670 1922 707 1979 tn
717 1931 772 1978 me
784 1931 853 1978 non
866 1918 964 1980 sanet
978 1921 1078 1994 quide
1130 1920 1241 1980 ῖθθῖθθ
1269 1921 1303 1980 et
1334 1919 1443 1995 ipsum
1479 1917 1622 1980 deletum
1656 1917 1707 1978 est
1736 1915 1942 1992 peripsum
2023 1901 2024 1926 ¹

280 2030 385 2088 duam
400 2013 509 2094 (JOfflh
525 2013 673 2092 11b30)·
1131 2017 1187 2094 qui
1211 2031 1248 2078 se
1271 2017 1443 2094 peceatum
1464 2014 1552 2088 lecit,
1565 2015 1602 2076 ut
1620 2013 1661 2075 de
1686 2013 1822 2090 peceato
1837 2012 1942 2073 dam-

321 2111 479 2189 Princeps
502 2113 602 2189 hujus
621 2111 736 2172 mundi
764 2110 914 2174 diabolus
935 2111 997 2185 est,
1020 2113 1077 2190 qui
1130 2111 1236 2174 maret
1251 2113 1435 2189 pensatum.
1458 2115 1523 2172 Per
1544 2111 1608 2172 hoo
1636 2109 1939 2186 enimomnepeo-

280 2207 316 2268 in
330 2209 469 2269 Domino
483 2211 563 2269 ιῐθεθ
577 2207 661 2268 nihil
680 2208 819 2281 invenit,
833 2208 930 2282 idest,
947 2211 1076 2272 nullum
1130 2212 1240 2271 oatum
1263 2211 1332 2272 tam
1358 2209 1524 2286 originale
1537 2213 1646 2285 'quam
1669 2206 1847 2284 personale
1871 2207 1940 2268 de-

281 2303 415 2364 omnino
430 2303 611 2381 peecatum,
637 2305 715 2382 quia
734 2306 790 2383 qui
804 2305 884 2368 facit
905 2308 1076 2384 peecatum
1130 2307 1232 2368 letum
1242 2307 1303 2378 est,
1320 2306 1353 2368 et
1366 2307 1475 2383 ipsum
1490 2321 1621 2384 quoque
1635 2303 1807 2379 singulare
1821 2319 1885 2379 per
1898 2320 1939 2364 se

282 2415 400 2461 servus
415 2400 465 2461 est
476 2401 613 2477 peceati.
627 2403 712 2463 Nam
728 2403 805 2480 quia
819 2404 890 2481 ipse
904 2404 1078 2480 ingressus
1131 2405 1239 2480 ipsum
1253 2404 1460 2465 eliminatum
1473 2403 1535 2464 est.
1556 2405 1641 2464 Eece
1652 2401 1825 2478 peceatum
1840 2401 1938 2461 mul-

283 2498 334 2558 θεῖ
348 2498 506 2558 mundum
519 2498 592 2559 siue
607 2500 750 2572 macula,
771 2503 804 2562 et
822 2502 993 2578 peecatum
1009 2519 1076 2564 θοθ
1130 2503 1239 2562 torum
1253 2500 1330 2562 tulit
1342 2501 1375 2562 et
1395 2515 1455 2577 pro
1470 2497 1777 2576 transgressoribus
1786 2499 1939 2578 rogavit,

281 2592 370 2666 iecit,
396 2595 632 2658 necinventus
655 2598 705 2658 est
729 2598 825 2660 dolus
848 2599 883 2658 in
909 2614 968 2661 ore
991 2603 1075 2678 ejus,
1131 2599 1245 2659 utnon
1262 2596 1428 2673 perirent:
1448 2597 1571 2668 Pater,
1589 2599 1727 2672 lanosae
1748 2598 1828 2667 tttts,
1851 2598 1938 2669 θυῖε

281 2691 436 2769 princeps
458 2692 558 2770 huius
588 2693 702 2756 mundi
733 2710 800 2758 θοθ
833 2695 949 2759 habuit
974 2697 1009 2758 in
1037 2713 1077 2760 eo
1131 2694 1523 2768 nesetuotputdsaetunt
1536 2691 1629 2772 (Luc.
1644 2707 1742 2764 mu,
1755 2689 1823 2770 34).

283 2789 472 2869 quidquam,
496 2791 573 2868 quia
591 2791 628 2852 iu
651 2792 804 2853 omnibus
826 2793 983 2854 membris
1007 2796 1076 2856 suis
1170 2791 1381 2852 Hinemultae
1390 2788 1936 2867 miseriaeoorporis3hinomultae

283 2901 402 2962 passus
423 2889 484 2956 est,
506 2890 543 2948 ut
565 2889 679 2950 nostra
698 2889 811 2952 omnia
831 2893 1014 2966 repararet.
1037 2893 1078 2953 et
1131 2889 1276 2950 miseriae
1291 2886 1507 2962 eordis;hino
1521 2887 1670 2962 dolores,
1689 2886 1769 2946 hino
1783 2885 1934 2946 misera-

283 2981 381 3042 inhis
395 2983 671 3045 tamenomnihus
688 2986 823 3062 peecata
838 2987 962 3058 nostra,
979 2986 1075 3060 idest,
1131 2986 1252 3048 tiones.
1278 2985 1518 3048 Misericordiae
1553 2984 1685 3046 Domini
1713 2985 1847 3058 multae,
1871 2985 1933 3045 sed

281 3094 413 3156 paenam
441 3079 649 3155 peecatorum
675 3081 863 3142 nostrorum
888 3082 1023 3159 pertulit
1041 3083 1077 3144 in
1132 3083 1414 3145 miseriaebomini
1425 3082 1548 3144 multae.
1559 3082 1618 3142 Ille
1626 3082 1931 3158 olamatrtpnosoe;

283 3191 506 3252 corporesuo.
519 3177 594 3238 Non
609 3177 784 3239 enimcum
798 3179 933 3255 peceato
943 3182 1030 3241 Deus
1042 3181 1077 3242 in
1130 3179 1259 3242 iudei:
1275 3181 1448 3254 θνθθῖιῖθθ.
1459 3178 1578 3240 Molliti
1588 3179 1665 3238 sunt
1677 3193 1849 3240 sermones
1857 3181 1932 3255 ejus
2023 3249 2024 3262 χ

282 3273 371 3335 huno
387 3271 544 3334 mundum
558 3274 704 3346 uenerat,
728 3275 761 3338 et
778 3277 880 3336 Beata
894 3277 996 3352 Virgo
1011 3293 1078 3339 non
1132 3277 1218 3338 siout
1244 3274 1365 3348 oleum,
1380 3275 1489 3352 stipsi
1504 3275 1581 3336 sunt
1594 3273 1730 3336 secula.

283 3369 414 3447 peperit
425 3385 559 3432 earnem
572 3371 710 3448 pennati,
726 3372 783 3432 sed
803 3373 931 3450 peperit
943 3389 1077 3438 carnem
1172 3373 1221 3434 Oh
1235 3372 1397 3434 euantast
1410 3372 1540 3449 patiens
1551 3371 1613 3441 est,
1627 3370 1763 3432 suflicit.
1778 3372 1933 3433 Charitas

282 3468 317 3528 in
339 3467 590 3529 similitudinem
613 3469 724 3530 earnis
745 3471 883 3547 peceati,
909 3471 988 3548 quia
1006 3473 1078 3549 ipse
1131 3469 1277 3546 benigna
1288 3469 1349 3541 θεῖ,
1364 3467 1515 3531 cumulus
1530 3468 1591 3530 est.
1605 3468 1683 3530 Noli
1693 3468 1931 3532 vineiaamalo:

282 3563 372 3625 solus
396 3563 538 3626 estsine
557 3565 704 3641 peceato,
728 3566 806 3644 qma
828 3567 1005 3643 eonoeptus
1028 3569 1079 3630 est
1133 3565 1930 3638 charitasabundans.sedviuoeinbonomalum,

281 3660 322 3724 de
349 3662 475 3739 Spiritu
504 3664 637 3734 saneto,
660 3662 778 3738 angelo
808 3664 996 3735 attestante,
1021 3665 1078 3744 θθὶ
1133 3662 1419 3741 superabundans.
1445 3663 1521 3725 Non
1542 3663 1631 3725 enim
1658 3664 1731 3726 sola
1752 3664 1926 3742 patientia,
2023 3683 2024 3704 ε

280 3758 328 3819 ait
342 3779 350 3818 ε
363 3759 516 3834 Spiritus
524 3761 670 3822 Sanetus
686 3763 905 3834 superveniet
923 3765 961 3823 ta
981 3763 1014 3825 te
1016 3805 1076 3823 .....
1133 3761 1190 3823 sed
1206 3761 1395 3837 benignitas
1410 3761 1471 3822 Dei
1484 3761 1617 3822 Judeos
1636 3761 1678 3822 ad
1699 3761 1928 3838 poenitentiam
2023 3761 2024 3820 l

282 3853 375 3934 (Luc.
391 3871 415 3928 1,
430 3853 497 3934 35).
514 3857 611 3929 Nam,
625 3857 658 3918 et
671 3856 700 3916 si
713 3856 811 3919 homo
827 3857 913 3921 inter
926 3858 1078 3921 homines
1132 3856 1282 3930 adduxit,
1298 3857 1378 3933 quia
1398 3857 1543 3933 benigna
1567 3857 1715 3919 charitas
1729 3857 1831 3920 etiam
1848 3873 1930 3935 quos

280 3953 446 4030 apparuit,
461 3953 549 4014 inter
569 3953 669 4030 hujus
689 3954 802 4015 mundi
817 3956 924 4017 motus
941 3957 1077 4018 immota
1130 3955 1262 4025 tolerat,
1278 3954 1379 4015 amat.
1396 3954 1532 4016 Patiens
1556 3953 1704 4014 ebaritas
1728 3953 1928 4024 dissimulat,

279 4049 422 4124 uestigia
437 4049 594 4110 servavit.
611 4049 675 4111 Sed
690 4050 850 4126 quaeritur
869 4067 911 4112 an
927 4053 1077 4114 Christus
1133 4050 1774 4130 expectat,sustinetdelinquentem3sed
1784 4050 1928 4126 benigna

281 4147 316 4205 in
332 4145 583 4206 similitudinem
596 4145 706 4206 earnis
719 4147 857 4222 peceati,
876 4149 916 4210 de
938 4149 1077 4212 muliere
1131 4151 1245 4224 trahit,
1260 4148 1408 4221 adducit,
1417 4148 1565 4210 conserti
1580 4145 1660 4209 lacit
1681 4147 1724 4208 ab
1735 4163 1852 4210 errore
1865 4144 1928 4209 ria

281 4259 401 4318 eorpus
415 4243 607 4319 assumpsit,
623 4242 657 4303 et
672 4257 738 4304 non
753 4242 862 4320 potius
878 4245 999 4306 exalia
1013 4246 1077 4308 eibi
1132 4265 1211 4310 suae.
1228 4249 1377 4326 Denique
1392 4246 1540 4323 cooperit
1555 4244 1802 4306 multitudinem
1815 4261 1929 4322 peona·

281 4340 421 4402 materia
440 4354 563 4402 novum
595 4353 716 4417 eorpus
743 4339 908 4413 formavit,
935 4343 972 4404 ut
992 4343 1078 4407 sieut
1130 4347 1251 4408 torum.

280 4437 387 4499 tactus
417 4437 527 4500 fuerat
553 4436 680 4514 primus
707 4437 824 4506 Adam,
858 4437 904 4500 ita
928 4439 1024 4503 deret
1044 4443 1078 4504 et
1170 4440 1359 4505 Notandum
1370 4439 1431 4513 est,
1448 4438 1533 4516 quod
1549 4454 1621 4511 nos,
1639 4437 1695 4516 qui
1716 4439 1794 4517 puri
1815 4455 1926 4501 sumus

280 4534 456 4596 secundus.
473 4536 655 4597 Oattttudo
674 4535 878 4596 divitiorum
895 4539 1077 4612 sapientae
1131 4539 1293 4610 homines,
1318 4537 1491 4614 arguimur
1513 4535 1692 4612 aliquando
1712 4551 1732 4597 a
1755 4539 1835 4608 Deo,
1859 4536 1925 4597 ali-

278 4634 313 4695 εἰ
332 4633 486 4694 serenes
497 4633 572 4705 Dei,
600 4647 703 4707 quam
724 4635 1077 4706 tnemnprenenstoota
1131 4636 1262 4714 quando
1277 4652 1297 4698 a
1312 4636 1476 4712 proximo,
1488 4633 1666 4711 aliquando
1681 4650 1701 4696 a
1717 4634 1813 4695 nobis
1834 4633 1923 4710 ipsis.

276 4729 1076 4806 suessonicaeejusettnoesttpaottesvtaeejus!
1129 4733 1314 4809 Arguimur
1334 4749 1354 4793 a
1377 4734 1445 4792 Deo
1474 4730 1602 4792 duobus
1637 4731 1756 4799 modis,
1789 4731 1859 4792 sive
1883 4731 1924 4791 ad

278 4832 359 4896 Quis
383 4827 541 4904 eopeovtt
560 4841 702 4888 semum
728 4831 878 4900 Domini,
911 4831 973 4891 out
999 4834 1076 4905 puts
1131 4830 1405 4901 emendationem,
1431 4829 1503 4890 sive
1516 4827 1557 4889 ad
1572 4826 1852 4904 reprobationem.
1876 4828 1923 4888 ltd

276 4928 497 4988 consiliarius
515 4927 590 4997 ejus
614 4925 707 4999 stetit
730 4921 839 5002 (Rom.
860 4941 907 4998 xl,
932 4927 982 4998 33,
1007 4926 1073 5006 34).
1130 4929 1414 4998 emanationem,
1431 4926 1517 4988 sieut
1542 4925 1703 5001 scriptum
1727 4925 1777 4986 est
1794 4924 1830 4984 in
1848 4924 1922 4986 leh:

277 5022 447 5101 Disposuit
469 5022 580 5083 ῖθθῖθθ
608 5020 752 5083 eoelestis
772 5021 911 5084 altitudo
930 5024 1072 5096 consilii,
1130 5026 1260 5086 Beatus
1273 5028 1372 5092 bomo
1384 5026 1442 5097 θεῖ
1453 5023 1646 5096 corripitur
1664 5025 1767 5084 alteo
1793 5019 1877 5100 (lob.
1890 5038 1922 5094 v,

277 5123 313 5184 ut
328 5119 414 5182 siout
440 5134 500 5196 per
521 5117 690 5180 foeminam
709 5133 799 5179 mors
817 5119 956 5182 intravit
967 5121 1003 5180 in
1016 5137 1075 5182 or·
1130 5119 1273 5200 17).Hoo
1284 5120 1381 5182 modo
1393 5119 1566 5196 correptus
1577 5119 1628 5182 est
1639 5118 1755 5190 David,
1768 5135 1842 5179 cum
1855 5119 1925 5195 post

276 5217 362 5290 bem,
387 5217 435 5278 ita
459 5231 519 5294 per
541 5215 715 5277 mulierem
735 5215 803 5276 vita
822 5215 947 5278 rediret
965 5217 1000 5282 in
1016 5233 1075 5278 or·
1129 5219 1341 5280 commissum
1365 5215 1564 5278 adulterium
1580 5233 1600 5278 a
1619 5215 1780 5293 propheta
1802 5215 1924 5278 audivit

274 5315 360 5388 bem,
378 5314 414 5377 ut
428 5313 514 5376 unde
538 5329 627 5374 mors
646 5311 825 5384 oriebatur,
845 5313 921 5374 inde
937 5313 1006 5376 vita
1019 5330 1076 5376 re-
1128 5315 1214 5392 quod
1230 5315 1283 5376 vir
1296 5315 1413 5376 mortis
1439 5314 1536 5376 esset.
1566 5314 1628 5374 Sed
1650 5313 1722 5374 haee
1735 5313 1923 5389 redargutio

276 5413 438 5489 surgeret.
467 5413 602 5481 Verum,
639 5410 669 5470 si
702 5411 849 5472 omnium
884 5410 1074 5488 iniquorum
1129 5413 1238 5478 θοθθῖ
1253 5413 1295 5473 ad
1309 5412 1617 5490 reprehensionem,
1635 5410 1692 5472 sed
1705 5410 1746 5471 ad
1763 5411 1920 5472 emenda·
2023 5409 2024 5412 ’

276 5510 375 5587 eaput
402 5507 553 5570 diabolus
581 5508 616 5568 in
645 5506 816 5570 salvatore
852 5506 899 5568 nil
935 5510 1070 5592 reperit,
1128 5512 1254 5572 tionem
1268 5509 1354 5572 tacta
1369 5510 1430 5583 est,
1457 5511 1535 5589 quia
1554 5509 1664 5571 statim
1681 5509 1924 5587 peecatumper
2023 5583 2024 5586 Ἴ
