4090 6426
274 302 334 360 399

329 461 436 534 legium
459 460 618 532 personale,
634 489 671 503 -
693 466 740 516 et:
760 461 915 518 Concilium
935 462 1071 534 generale

332 534 364 588 ll.
387 533 462 602 rapa
479 532 688 602 interpretatur.

277 603 330 658 lit.
348 603 410 668 vll,
424 617 451 657 c.
469 603 492 657 l.
510 603 572 658 Xon
589 608 681 672 potest
695 603 859 674 episcopus,
873 617 927 659 neo
940 601 1025 658 debet
1042 603 1070 658 in

327 672 435 742 judicio
443 671 615 729 contendere
625 673 815 744 spoliatus-
825 675 852 730 id
863 681 906 730 est
918 681 984 730 aitte
994 674 1070 729 litem

331 742 521 799 restituendus
536 756 621 814 quam
638 745 772 826 primum,
786 745 827 816 let
844 751 887 800 est
902 745 1071 816 principium

331 815 486 884 generale:
501 814 697 870 Possesorrum
708 829 764 871 non
776 816 912 872 amittitur
927 822 992 871 ante
1005 828 1070 871 sen·

331 886 447 941 tentiam
461 885 498 942 de
510 885 650 956 petitorio,
662 900 747 956 ouum
759 885 795 942 de
811 887 941 960 petitorio
954 885 1070 957 agitur).

279 956 332 1012 'l'it
347 957 425 1024 vltl,
440 971 467 1012 c.
482 957 506 1012 t.
528 957 591 1012 Non
605 955 690 1014 habet
705 955 867 1014 lismitatem
884 955 1070 1028 indulgentia,

330 1024 529 1152 dumdveritas
554 1032 663 1084 tacetur
686 1042 749 1100 quse
769 1027 805 1084 de
825 1029 888 1099 jure
912 1033 956 1086 cst
976 1028 1070 1099 expri-

331 1111 395 1152 men
419 1113 445 1153 a.

277 1167 330 1224 Tit.
352 1169 401 1234 lX,
423 1181 448 1224 e.
467 1168 493 1224 l.
511 1167 690 1250 indulgentia
709 1181 766 1227 non
786 1168 965 1227 extendenda
987 1167 1023 1226 ad
1038 1183 1071 1225 ea

331 1251 394 1308 quae
410 1253 467 1296 uon
483 1249 690 1312 exprimuntur.

277 1307 330 1364 Tit.
348 1307 396 1366 111.
410 1323 435 1365 ι.
454 1311 479 1366 1.
496 1312 636 1383 Negetiva
652 1309 781 1382 probatio
796 1325 852 1367 non
873 1309 1029 1367 admittitur
1043 1309 1072 1368 in

302 1449 307 1460 Ι
330 1379 535 1442 criminalibus.
550 1381 618 1438 dum
641 1382 809 1438 affirmativa
835 1381 947 1454 probari
970 1389 1070 1452 potest.

277 1450 331 1505 Tit.
347 1449 408 1516 Xll,
420 1467 445 1507 c.
455 1453 482 1509 ι.
498 1455 528 1510 ιι
540 1453 654 1524 judiciis
664 1453 864 1512 licebitcontra
876 1451 1072 1524 probationem

332 1521 499 1592 reprobare,
524 1524 575 1580 sed
603 1538 660 1580 non
683 1523 722 1580 ita
750 1531 780 1580 ut
806 1523 961 1596 producere
989 1524 1074 1582 liceat

331 1597 447 1660 qirartos
461 1601 557 1650 contra
575 1596 673 1651 tertios
687 1601 714 1652 et
729 1593 925 1666 siodeincops.

278 1661 331 1716 'lit
346 1663 424 1728 Xlll,
441 1676 467 1718 c.
484 1665 508 1720 l.
527 1665 569 1720 Ne
583 1664 763 1738 dispendium
786 1663 857 1722 ierat
872 1667 899 1721 in
916 1665 975 1722 suis
991 1665 1074 1721 bonis

332 1733 464 1815 ecclesia,
485 1734 551 1806 cogi
568 1743 686 1818 possunt
708 1743 796 1792 testes
818 1751 868 1807 per
887 1750 1023 1792 censuras
1043 1743 1074 1792 ut

331 1803 405 1928 dretp
433 1804 545 1861 illorum
569 1819 598 1862 ru
627 1807 796 1878 scripturam
825 1805 967 1878 publicam
997 1805 1071 1863 redi·

331 1887 389 1942 gan
404 1889 446 1931 ur.
631 1901 636 1910 ·

277 1969 313 2024 -ς
331 1945 400 2012 Cogi
416 1953 533 2016 possunt
548 1953 635 2004 testes
647 1962 696 2018 per
707 1961 855 2004 censuras.

278 2013 330 2070 Tit.
348 2015 466 2098 Xlll,·c.
487 2018 515 2098 ι.
538 2018 630 2085 Quum
646 2019 826 2092 privilegium
842 2019 1002 2086 innovatur,
1017 2032 1073 2076 non

331 2093 484 2156 acquiritur
493 2102 540 2159 pus
556 2101 671 2158 novum,
687 2088 738 2147 sed
758 2090 904 2162 antiquum
919 2103 1072 2148 conservo·

331 2161 376 2210 tur
390 2157 597 2214 tantummodo.

277 2227 335 2282 Tit.
350 2225 440 2294 lel,
456 2241 481 2284 c.
500 2229 525 2284 l,
541 2226 688 2287 Adversus
704 2229 835 2288 lateran.
852 2231 1003 2289 ecelesiam
1017 2246 1073 2288 nou

302 2366 308 2378 .
331 2296 406 2354 valet
417 2299 471 2354 nisi
480 2299 656 2372 prescriptio
667 2303 841 2359 centenaria.

278 2367 331 2424 Τιι.
348 2369 425 2434 11111,
443 2384 468 2425 ι.
485 2369 509 2426 1.
524 2371 587 2427 Nou
601 2371 631 2426 lit
644 2371 701 2428 litis
716 2372 887 2429 contestatio
906 2387 993 2444 quum
1013 2388 1071 2430 res-

331 2439 433 2510 ponsio
447 2439 577 2496 advocati
593 2439 693 2498 eadem
709 2441 754 2498 die
770 2449 928 2499 revocatur.

278 2535 314 2552 ·-
332 2522 370 2590 c..
386 2509 413 2566 2.
443 2512 580 2592 Exceptio
607 2511 735 2584 legitima
765 2513 920 2585 proposita,
945 2528 999 2572 nec
1029 2515 1075 2572 ad-

332 2593 431 2649 missa,
449 2579 515 2636 laert
528 2595 694 2652 processum
710 2583 819 2640 irritum
832 2589 862 2639 et
875 2583 1001 2642 inanem.

276 2677 312 2692 -
331 2665 355 2706 e.
379 2651 406 2708 3.
429 2652 453 2710 A
476 2651 656 2722 pollationem
677 2651 814 2710 iacientes
835 2668 889 2710 nec
910 2663 1073 2725 procurato·

331 2735 391 2778 rein
406 2735 439 2778 su
473 2722 596 2778 cientem
610 2724 756 2781 mittentes
767 2723 803 2781 ad
818 2723 1008 2782 restituendas
1022 2741 1071 2784 ex-

330 2806 436 2866 pensas
448 2799 589 2850 tenentur.

277 2889 313 2903 -
331 2877 356 2918 c.
371 2862 397 2920 1ι.
414 2864 509 2920 'lertio
531 2877 632 2920 vocem
650 2863 848 2936 appellationis
862 2865 996 2924 emittens
1014 2867 1074 2938 agit

330 2939 429 2990 contra
442 2933 585 3004 legitimas
596 2935 770 3006 sanctiones,
785 2949 863 3006 nam,
876 2933 913 2992 de
927 2935 1002 3011 jure,
1019 2945 1074 2994 ter·

331 3003 436 3060 tiouou
451 3009 545 3074 potest
560 3003 708 3074 appellari.

278 3099 314 3112 -
332 3087 357 3129 c.
370 3073 398 3155 tt.
415 3073 575 3156 Appellatio
594 3073 631 3130 ad
648 3074 893 3148 archiepiscopum
914 3091 971 3133 non
986 3085 1073 3148 tenet,

330 3156 467 3215 episcopo
478 3155 595 3200 omisso.

277 3239 314 3256 -
331 3227 357 3270 c.
373 3213 399 3270 d.
414 3213 579 3286 appeltam
590 3213 719 3286 legitimo
733 3227 748 3272 ι
762 3214 858 3286 judice
869 3223 1013 3289 suspecto.

531 3375 640 3432 alesti
659 3375 823 3434 TERTIUS.

278 3501 330 3558 Tit.
353 3502 375 3566 l,
391 3515 425 3556 c.
450 3499 475 3554 t.
494 3499 555 3556 Non
576 3495 658 3555 decet
675 3499 787 3558 Domini
808 3501 972 3561 sacerdotes
989 3503 1074 3562 lucris

331 3569 533 3642 temporalibus
546 3567 666 3626 iuhiare.

276 3673 312 3686 -
330 3657 355 3700 c.
372 3643 398 3700 ι.
415 3641 466 3708 Qui
487 3639 663 3696 secularibus
682 3641 805 3712 nogotiis
817 3643 911 3714 potius
926 3643 1074 3702 intendunt

330 3728 416 3786 otram
438 3710 540 3766 ciliciis
567 3711 777 3780 ecclesiasticis,
803 3714 934 3769 amittunt
959 3716 1070 3786 privile-

330 3786 409 3856 giam
431 3781 572 3849 clericale,
597 3789 625 3838 et
644 3795 676 3838 se
690 3783 802 3840 statutis
816 3791 845 3840 et
859 3787 1071 3843 consuetudini-

330 3855 383 3912 bus
400 3855 496 3926 petrice
510 3849 671 3922 subjiciunt.

276 3955 313 3972 ..
330 3955 366 3970 -
376 3922 561 3992 privilegium
574 3921 705 3978 clericale
718 3921 859 3979 interdum
873 3923 1018 3982 arnittitur.

277 3998 429 4075 Τιι.11,ι.,
449 3995 465 4052 3
491 3991 613 4052 Mendax
635 4000 763 4064 precator
785 4007 882 4050 carcre
906 3993 990 4053 debet
1018 3997 1070 4054 im·

350 4071 456 4120 citetis.

276 4083 392 4201 'litplld
408 4149 434 4190 c.
451 4134 476 4188 3.
490 4130 641 4203 Disciplina
658 4146 673 4187 a
689 4131 815 4190 Concilio
833 4135 963 4206 generali
983 4137 1070 4195 stabi-

331 4207 378 4262 lita
393 4205 563 4258 inconcusse
578 4208 716 4258 servetur.

275 4280 329 4336 ιιι.
347 4277 428 4398 V,do.
453 4275 477 4328 1.
501 4269 710 4329 Archidiacouo
729 4271 829 4330 morbo
838 4272 978 4333 laboranti
990 4277 1072 4336 datur

329 4359 380 4403 eoa
414 4349 486 4399 utor.

275 4420 328 4476 Tit.
345 4359 409 4540 thlf
419 4427 445 4470 c.
463 4414 489 4470 l.
506 4411 667 4484 Episcopali
680 4411 749 4468 sede
764 4420 894 4482 vacante,
909 4415 990 4475 nihili
998 4433 1068 4476 nuo·

329 4501 363 4543 ve
377 4499 420 4540 arr.

274 4559 328 4616 'lit
345 4557 423 4622 lllll,
440 4569 466 4610 c.
484 4555 508 4608 l.
525 4551 652 4624 capitula
664 4551 836 4612 cathedralia
850 4556 885 4613 ad
898 4558 1072 4630 provinciale

328 4625 479 4684 concilium
494 4630 560 4680 sunt
574 4622 768 4681 convocanda.

273 4701 325 4757 Tit.
341 4697 390 4764 IX,
406 4711 431 4754 c.
450 4696 475 4751 1.
491 4694 541 4750 llla
553 4693 654 4748 electio
664 4707 713 4764 per
723 4699 959 4767 compromissum
973 4701 1001 4757 in
1016 4718 1070 4774 qua

327 4769 383 4826 duo
398 4764 528 4824 cononici
543 4779 600 4820 non
613 4765 866 4825 coutuleruutvota
875 4769 1011 4830 declarari
1018 4789 1069 4845 po·

325 4845 379 4897 test
393 4838 480 4894 irrita.

271 4941 307 4956 ..
325 4939 361 4952 -
376 4911 416 4966 lle
433 4905 607 4980 plenitudine
623 4908 779 4977 potestatis,
796 4909 824 4964 S.
841 4910 972 4968 Pontifex
989 4913 1071 4986 eligit

324 4981 490 5064 episcopum
498 4991 585 5048 quum
598 4975 709 5034 deiectu
722 4979 845 5049 pastoris
855 4994 943 5052 grave
953 4982 1068 5055 dispen-

325 5051 402 5108 dium
419 5049 558 5104 imminet.

270 5153 306 5167 -
323 5151 361 5165 —
379 5118 469 5191 Major
488 5124 516 5173 et
535 5118 631 5172 sanior
640 5131 717 5244 FP?
740 5119 853 5189 capituli
878 5123 1067 5195 consulenda,

325 5207 381 5248 non
397 5189 527 5246 obstante
540 5195 636 5243 contra
661 5195 764 5243 retrone
796 5203 942 5249 aucomm.

270 5265 323 5322 Tit.
339 5263 374 5329 X,
391 5275 416 5316 o.
435 5261 459 5316 1.
478 5258 664 5315 FacultasaS.
678 5257 749 5314 Sede
785 5266 828 5314 ata
846 5261 983 5318 bonorum
998 5264 1067 5323 alie·

325 5329 494 5398 narvdorum,
512 5328 547 5385 ad
567 5329 703 5384 ecclesius
717 5329 927 5400 pertinentium,
945 5349 1001 5390 non
1016 5351 1066 5392 ea·

323 5402 446 5460 tenditur
474 5398 509 5457 od
532 5413 565 5455 eo
590 5415 654 5470 que
679 5414 733 5454 nou
757 5413 891 5472 expressa
916 5413 991 5472 suut,
1017 5407 1067 5464 sed

321 5475 417 5532 stricta
439 5471 673 5541 interpretatione
688 5476 764 5596 opat.

268 5575 304 5588 -
321 5573 357 5586 -
371 5544 523 5600 Cisrrtractu
540 5541 673 5610 rescisso,
687 5541 704 5597 ll
726 5555 868 5611 epussores
883 5553 910 5600 et
926 5545 980 5617 ipsi
995 5546 1064 5606 libc-

323 5619 429 5670 retitur.

893 303 1069 364 HONORII
1091 306 1136 366 111
1158 307 1308 368 OPERA.

1871 305 1934 364 400

1124 463 1177 520 Tit.
1193 465 1243 531 Xl,
1256 477 1282 520 ι.
1300 463 1325 518 1.
1341 463 1504 519 Conventus
1523 475 1605 518 suoru
1625 467 1718 530 potest
1731 460 1933 518 conditionem

1178 533 1272 590 iacere
1287 533 1434 589 meliorem
1450 533 1478 588 in
1491 532 1621 596 leonardo,
1637 547 1694 588 non
1707 532 1746 587 ita
1782 531 1839 588 uod
1854 533 1934 588 loca·

1177 605 1218 661 tio
1231 603 1266 662 ad
1279 603 1394 660 seudum
1410 603 1455 662 vel
1467 603 1669 660 alienationem
1681 547 1864 659 extendatur.

1125 675 1178 732 'lit
1196 673 1271 743 XXl,
1287 689 1312 732 c.
1330 676 1356 732 2.
1372 677 1471 743 Quaea
1491 674 1565 731 Sede
1585 675 1748 746 Apostolica
1772 688 1933 730 emanasse

1179 745 1320 813 donatur,
1333 746 1358 801 si
1373 761 1422 818 per
1433 745 1650 818 occupationem
1665 743 1761 800 iorsao
1772 758 1934 800 emenave

1179 815 1243 886 rint,
1265 817 1386 873 concilio
1408 814 1541 888 derogari
1562 829 1618 872 uon
1643 821 1806 883 censentur,
1824 815 1853 870 id
1873 825 1933 883 est,

1179 885 1329 956 derogatio
1347 900 1482 958 expressa
1499 887 1544 942 exi
1570 888 1634 942 itur.

1126 958 1180 1015 Tit.
1199 958 1302 1024 XXIV,
1318 971 1344 1013 c.
1365 957 1391 1013 3.
1405 900 1586 1014 Consuetudo
1602 957 1659 1011 vim
1678 969 1736 1012 non
1755 955 1844 1012 habet
1863 971 1934 1026 quae

1180 1027 1234 1086 dici
1249 1035 1342 1100 potest
1356 1027 1450 1100 potius
1463 1027 1632 1100 corruptela.
1649 1029 1691 1084 lta
1703 1027 1849 1084 inuenitur
1862 1043 1936 1082 con·

1179 1097 1300 1156 suetudo
1315 1113 1378 1172 quae
1390 1099 1537 1155 canonicis
1547 1096 1643 1155 obviat
1655 1098 1800 1154 institutis.

1125 1198 1162 1212 -
1180 1185 1205 1227 c.
1228 1170 1255 1226 1.
1278 1170 1398 1229 Cuilibet
1417 1168 1568 1236 sacerdoti,
1586 1183 1766 1240 quacumque
1787 1166 1935 1240 dignitate.

1180 1241 1358 1314 prefulgeat,
1373 1254 1461 1297 uuam
1471 1241 1500 1296 io
1516 1238 1716 1296 diecelellrare
1732 1239 1852 1294 missam
1867 1239 1933 1294 sui·

1181 1313 1267 1380 liciat,
1282 1326 1347 1368 nam
1363 1319 1391 1368 et
1404 1310 1470 1368 felix
1484 1309 1567 1368 valde
1579 1318 1623 1366 est
1639 1309 1686 1382 ιιι
1701 1309 1828 1366 celebrat
1840 1309 1935 1382 digne

1180 1397 1278 1440 uriam.
1437 1395 1446 1410 ·

1127 1453 1180 1511 Τιι.
1197 1454 1301 1521 XXVI,
1312 1467 1338 1510 c.
1354 1454 1380 1510 5.
1399 1453 1568 1510 immunitas
1581 1453 1748 1508 clericorum
1760 1452 1789 1506 in
1800 1449 1858 1507 hoc
1871 1449 1937 1506 suu-

1180 1523 1262 1580 dotur
1273 1523 1348 1596 quod
1359 1524 1504 1596 obsequiis
1520 1523 1653 1594 adscripti
1669 1525 1725 1578 siut
1740 1521 1855 1578 divinia.

1132 1595 1185 1651 Tit.
1202 1595 1318 1664 XXVll,
1338 1609 1365 1651 c.
1388 1597 1413 1650 l.
1434 1595 1592 1667 Regulares
1612 1593 1764 1650 claustrale
1783 1593 1936 1649 silentium

1181 1679 1237 1720 non
1254 1664 1379 1720 ιιιιιιιι
1394 1672 1424 1721 ιι
1437 1666 1498 1721 illas
1510 1665 1646 1722 scientias
1657 1663 1852 1736 adipiscantur
1864 1679 1933 1734 que

1182 1737 1312 1808 plausum
1323 1736 1485 1793 desiderant
1500 1736 1679 1808 populorum.

1376 1905 1483 1963 LIBER
1502 1904 1678 1974 QUARTUS.

1861 2005 1877 2034 ἢ

1128 2039 1181 2096 Tit.
1192 2039 1215 2106 l,
1231 2053 1255 2094 c.
1274 2039 1299 2094 1.
1316 2040 1357 2094 Ex
1373 2037 1553 2109 sponsalibus
1569 2037 1604 2094 dc
1619 2035 1712 2093 tuturo
1728 2035 1871 2096 inducitur
1883 2039 1937 2094 iru-

1181 2109 1376 2182 pcdimentum
1394 2109 1513 2180 publicae
1528 2109 1695 2166 honestatis.

1127 2207 1165 2222 -
1182 2195 1208 2236 c.
1231 2181 1257 2236 ι.
1285 2180 1433 2252 legitimis
1453 2188 1481 2237 et
1500 2179 1611 2236 idoneis
1632 2177 1751 2235 testibus
1765 2192 1824 2233 non
1845 2177 1936 2234 debet

1182 2249 1305 2321 simplex
1318 2252 1437 2306 assertio
1451 2250 1615 2322 praevalere.

1128 2350 1164 2364 -
1181 2337 1206 2378 c.
1215 2323 1241 2378 3.
1257 2323 1321 2377 Post
1334 2322 1485 2392 septimum
1497 2336 1603 2378 arritum
1616 2320 1753 2386 mulieris}
1764 2335 1800 2376 ex
1813 2334 1936 2392 sponsa-

1183 2391 1932 2462 liliusirrrpcdiuteuturnputidiorelroucslatisuuseitur.

1129 2463 1249 2590 Titslll,
1268 2477 1294 2588 lc.
1320 2463 1344 2517 l.
1362 2464 1428 2519 l‘ost
1445 2461 1608 2531 divortium,
1626 2461 1678 2517 dos
1692 2461 1850 2518 restituitur
1864 2477 1935 2516 cum

1195 2534 1264 2589 aucti
1277 2549 1330 2589 sus.

1381 2675 1487 2732 ιιιιι
1507 2675 1673 2742 plumis.
1750 2741 1753 2746 ¹

1129 2809 1182 2864 Tit.
1204 2811 1226 2874 l,
1251 2823 1276 2862 c.
1301 2807 1326 2863 l.
1349 2807 1485 2875 Simonis,
1502 2821 1565 2878 ιιι
1581 2815 1626 2864 ιιι
1642 2807 1775 2864 Giezitica
1791 2807 1933 2878 pravitas,

1183 2879 1296 2950 penitus
1312 2877 1461 2934 abolenda.

1128 2978 1164 2993 -
1180 2979 1218 2993 -
1235 2950 1275 3004 lie
1293 2949 1355 3018 spiris
1376 2947 1617 3029 archiepiscopus,
1636 2947 1680 3003 vel
1700 2947 1863 3018 episcopus,
1880 2963 1929 3002 ar·

1183 3018 1343 3075 cllidiocoui
1352 3021 1396 3074 vel
1408 3019 1554 3083 officiales,
1563 3019 1615 3074 sub
1627 3017 1842 3074 consuetudinis
1856 3033 1931 3088 prae-

1183 3096 1260 3146 textu
1272 3089 1564 3160 cujusquam,nliuuid
1575 3091 1690 3157 exigere
1701 3089 1746 3144 vel
1759 3096 1933 3159 extorquere

1184 3167 1357 3232 praesusumit
1370 3175 1420 3230 pro
1434 3159 1646 3229 bettedictiouc,
1661 3159 1862 3227 installatione,
1885 3161 1932 3215 vel

1183 3229 1343 3301 recipienda
1361 3229 1546 3302 professione.

1130 3305 1181 3362 Tit.
1197 3304 1232 3362 ll.
1247 3315 1273 3355 c.
1290 3301 1365 3358 urric.
1383 3301 1534 3356 Studeutes
1550 3300 1577 3355 in
1598 3298 1732 3356 iacultate
1752 3299 1932 3370 Tlieologim,

1182 3371 1218 3428 de
1242 3371 1355 3427 lieentia
1378 3370 1460 3427 Sedis
1478 3370 1662 3452 Apostolicss,
1690 3371 1849 3441 percipiunt
1867 3385 1933 3440 pro
2043 3401 2044 3410 ι

1181 3449 1285 3498 ventiis
1317 3440 1514 3497 rrabendarum
1530 3455 1579 3512 per
1594 3455 1720 3512 quinque
1735 3455 1835 3496 annos.

1129 3515 1275 3578 sicilie.
1292 3458 1485 3584 fnegtigore
1496 3526 1582 3583 ouum
1593 3511 1859 3582 possisperturbare
1869 3525 1934 3580 per·

1182 3599 1290 3650 versos,
1305 3582 1375 3638 nihil
1391 3589 1433 3638 est
1449 3580 1525 3638 aliud
1539 3596 1624 3652 quam
1639 3580 1745 3637 lovere.
1761 3582 1933 3638 Coitseutirc

1182 3653 1292 3711 videtur
1307 3652 1466 3709 errantibus
1478 3653 1526 3724 qui
1541 3653 1654 3709 uitiiset
1668 3653 1793 3724 peccatis
1805 3667 1869 3723 quim
1881 3651 1932 3708 de

1180 3725 1228 3782 bet
1241 3725 1385 3796 corrigere
1400 3737 1457 3779 non
1467 3723 1599 3779 occurrit.

1127 3827 1163 3840 -
1180 3825 1217 3839 —
1233 3794 1427 3865 Negligeutia,
1447 3807 1534 3865 quum
1549 3795 1587 3849 sit
1602 3793 1700 3860 nimia,
1722 3792 1814 3864 culpe
1833 3791 1928 3848 adriu-

1182 3868 1284 3929 merari
1315 3871 1397 3921 otest.

1128 3939 1181 3995 Tit.
1200 3939 1231 3997 V.
1247 3951 1273 3992 o.
1289 3881 1314 3992 f
1332 3935 1422 3993 Greci
1437 3940 1569 3991 tenentur
1583 3931 1699 3991 obedire
1718 3934 1854 3990 ecclesie
1871 3935 1930 3990 llo·

1182 4021 1284 4064 mane.

1126 4108 1163 4122 -
1181 4092 1206 4134 c.
1220 4079 1247 4135 ι.
1266 4075 1392 4134 Ecclesia
1409 4075 1456 4148 jus
1475 4073 1561 4132 habet
1581 4073 1716 4146 puniendi
1735 4075 1930 4146 corporaliter

1181 4165 1195 4206 a
1218 4155 1336 4204 ostatas.

1127 4221 1180 4277 Tit.
1198 4165 1245 4283 81,
1260 4232 1285 4274 c.
1302 4217 1362 4274 t-t.
1376 4215 1599 4273 involuntarium
1617 4214 1799 4271 homicidium
1811 4229 1868 4270 non
1886 4229 1932 4269 re-

1180 4290 1257 4364 pellit
1277 4287 1312 4344 ab
1334 4287 1433 4343 ordine
1450 4285 1641 4359 suscipiendo,
1664 4301 1720 4342 iton
1738 4286 1773 4341 alt
1789 4286 1932 4342 exercitio

1180 4359 1287 4417 ordinis
1297 4359 1432 4429 suscepti.

1126 4433 1179 4490 Tit.
1196 4431 1245 4498 IX,
1263 4443 1288 4486 c.
1308 4429 1334 4484 l.
1355 4429 1422 4485 Sors
1443 4428 1537 4485 locum
1560 4441 1617 4484 nou
1639 4426 1725 4484 hebet
1740 4429 1768 4482 in
1782 4426 1929 4484 eloctione

1180 4500 1369 4574 prelatorum.

1126 4575 1179 4631 Τιι.
1201 4573 1264 4638 Xll,
1289 4583 1314 4625 c.
1342 4570 1366 4624 1.
1384 4568 1610 4640 Apostolicorum
1632 4568 1843 4640 privilegiorum
1867 4581 1930 4624 nou

1179 4643 1239 4699 sola
1253 4639 1337 4696 verim
1350 4639 1501 4706 servande,
1519 4637 1624 4695 sedula
1637 4645 1664 4694 et
1679 4647 1814 4722 potestas,
1829 4647 1905 4694 -et
1919 4657 1928 4695 :

1178 4713 1261 4840 Nullis
1284 4711 1424 4767 sententio
1448 4710 1476 4767 in
1498 4709 1627 4766 fraudem
1646 4709 1860 4782 privilegiorum
1881 4708 1926 4764 le-

1179 4799 1228 4840 reu
1252 4797 1278 4838 a.

1124 4883 1161 4897 —
1179 4869 1204 4910 c.
1236 4853 1262 4910 5.
1290 4852 1439 4909 innovatio
1463 4865 1517 4907 nec
1539 4852 1585 4923 jus
1606 4864 1711 4907 novum
1732 4849 1851 4916 confert,
1871 4865 1929 4908 nec

1179 4925 1265 4980 ctiam
1283 4922 1353 4978 tollit
1364 4930 1456 4977 vetus.
1479 4923 1533 4994 (lte
1549 4921 1621 4978 tituli
1641 4922 1794 4978 rrovotionc
1809 4928 1858 4977 aut
1871 4923 1929 4993 pri·

1177 4995 1274 5066 vilegii
1292 4992 1409 5065 agitur.)

1123 5095 1160 5109 -
1177 5079 1203 5121 c.
1220 5065 1246 5122 6.
1264 5067 1294 5121 ln
1307 5063 1352 5120 his
1365 5077 1429 5135 quae
1444 5061 1479 5118 ad
1494 5061 1621 5118 divinum
1633 5063 1738 5119 cultum
1751 5060 1843 5118 iacere
1856 5061 1925 5134 dig-

1178 5142 1344 5260 npscpntur,
1360 5133 1484 5206 berrigna
1501 5133 1595 5204 potius
1610 5141 1652 5190 cst
1668 5133 1864 5205 interpretatio
1879 5133 1925 5190 lu-

1178 5221 1243 5262 cren
1265 5220 1290 5260 a.

1122 5307 1158 5321 -
1175 5306 1211 5320 -
1226 5273 1422 5347 lirterpretetio
1438 5288 1493 5330 nou
1511 5279 1667 5346 rectaque
1688 5274 1722 5331 ad
1739 5273 1858 5331 nihilum
1876 5291 1925 5332 re-

1176 5346 1247 5418 digit
1259 5346 1325 5403 illud
1341 5344 1416 5417 quod
1428 5343 1601 5402 conceditur.

1122 5419 1175 5476 Tit.
1197 5421 1275 5484 Xlll,
1288 5432 1313 5472 c.
1331 5418 1355 5474 l.
1373 5418 1403 5472 ln
1425 5415 1604 5486 quibusdam,
1625 5414 1734 5472 decium
1757 5432 1860 5474 tironus
1880 5429 1925 5476 cst

1176 5487 1366 5560 probatio,vel
1401 5487 1514 5557 virgatio
1529 5488 1677 5542 catrouica.

1121 5561 1174 5616 Tit.
1196 5559 1270 5624 xlv,
1290 5572 1316 5639 c.
1340 5559 1364 5612 l.
1382 5502 1520 5628 glarigeris
1542 5559 1683 5631 purgatio,
1705 5573 1768 5630 quse
1792 5567 1834 5615 est
1856 5558 1925 5616 terri

1174 5627 1333 5698 candentrs,
1352 5627 1501 5686 ulioleuda.
