4076 6420
316 255 378 322 aar
781 251 959 318 moroan
980 251 1026 314 111
1048 253 1195 316 orani.
1213 281 1251 296 -
1268 251 1500 318 saumones.
1922 257 1983 322 aas
2025 299 2026 328 ,

319 417 430 484 cibilis
466 418 499 480 et
530 413 815 494 concupiscibilis.
857 413 1055 489 Rationalis,
1082 412 1119 476 ut
1172 413 1219 478 at
1232 418 1376 478 uerbum
1389 428 1471 478 caro
1482 413 1615 490 socium
1626 413 1690 487 cst,
1705 414 1932 480 etdobiicnit
1945 423 1983 484 ln

322 514 773 580 discernatinterbouumet
787 513 922 586 malum,
939 513 1118 576 irascibilis
1173 515 1269 575 nobis
1292 511 1402 592 (loen.
1429 529 1453 585 1,
1477 511 1541 592 14).
1566 513 1606 574 at
1629 513 1716 576 sicut
1739 515 1893 577 mundus
1918 517 1983 580 boc

321 617 358 678 ut
371 614 532 692 despiciat
553 613 688 686 malum,
712 612 981 690 concupiscibilis
1003 613 1040 674 ut
1055 629 1118 691 ap·
1172 610 1321 688 tempore
1334 611 1516 679 viridescit,
1532 611 1579 672 ita
1595 610 1715 672 decens
1734 611 1799 674 fuit
1819 613 1858 676 ut
1879 614 1982 677 homo

318 713 409 792 petat
445 711 569 774 bonum
597 711 630 774 et
659 711 897 772 necessarium.
933 711 1118 774 Rationalis
1174 709 1230 786 qui
1244 709 1308 771 boc
1322 707 1544 786 temporeiuit
1557 707 1722 779 conditus,
1737 709 1773 772 iu
1788 725 1900 774 carue
1914 728 1984 774 res·

317 809 499 888 impeditur
535 809 649 870 nubilo
687 809 908 885 ignorantiae,
939 808 1119 870 irascibilis
1172 805 1375 879 laniaretur,
1390 806 1444 870 vel
1455 805 1677 870 renovaretur
1688 822 1748 884 per
1771 809 1980 883 castitatem,

317 908 496 986 impeditur
506 908 633 986 impetu
650 907 721 980 irae,
738 907 920 984 quieceret
936 907 1007 969 zelo
1017 906 1120 985 justi·
1174 905 1207 967 et
1220 905 1255 966 iu
1270 906 1379 968 menta
1394 919 1454 982 per
1464 903 1698 968 bumilitatem.
1721 905 1818 968 Unde
1832 909 1982 984 Aposto-

317 1005 386 1070 tiae.
404 1007 463 1068 Est
476 1006 566 1068 enim
584 1006 635 1067 ira
649 1021 709 1084 per
726 1005 844 1079 zelum,
865 1005 974 1068 motus
988 1005 1117 1082 gratia.
1173 1003 1225 1066 lus
1236 1002 1982 1076 :Renonaminispiratumeniisvestraeeiin·

319 1103 413 1168 Unde
427 1105 465 1166 ut
480 1104 708 1181 distinguatur
720 1105 809 1166 inter
826 1105 912 1166 iram
927 1119 986 1182 per
999 1103 1117 1177 zelum,
1173 1100 1403 1164 dcitenocum
1414 1103 1588 1164 domtnem
1597 1104 1656 1176 qul
1664 1105 1982 1168 secunduchacn

321 1202 355 1264 et
368 1202 453 1264 iram
467 1203 601 1275 malam,
615 1203 696 1265 dicit
708 1202 885 1265 Psalmista
897 1223 905 1263 ε
919 1204 1120 1264 Irascimini
1172 1199 1311 1264 eamus
1326 1199 1378 1262 est
1392 1196 1489 1277 (pr.
1503 1213 1549 1272 vv,
1565 1196 1633 1277 23).

319 1301 354 1363 ct
367 1301 471 1363 nolite
480 1317 627 1375 pecuare
638 1299 707 1380 (Ps.
720 1317 765 1374 iv,
781 1299 828 1380 5).
843 1298 1119 1378 concupiscibilis
1213 1298 1380 1360 Numerus
1393 1297 1444 1359 est
1457 1295 1688 1369 attendendus,
1701 1297 1781 1375 quia
1791 1299 1981 1377 quadrage·

319 1397 501 1476 impeditur
514 1399 755 1476 superfluitate.
768 1401 848 1461 Haec
863 1398 929 1462 tria
940 1399 1023 1462 vitia
1038 1413 1121 1460 con·
1173 1395 1290 1458 narlus
1307 1409 1468 1457 numerus
1485 1395 1636 1457 sacratus
1655 1395 1707 1458 esi
1724 1395 1760 1456 in
1778 1397 1978 1475 scripturis,

322 1495 502 1558 trahamur
513 1511 557 1557 ex
571 1511 672 1558 carne
688 1496 855 1574 corrupta.
1173 1495 1254 1572 quia
1277 1493 1444 1571 significat
1468 1491 1716 1570 perlectionem,
1738 1493 1839 1568 idest,
1868 1495 1980 1558 totum

359 1593 480 1654 Dicunt
502 1594 590 1655 enim
613 1593 757 1671 physici,
779 1595 837 1671 qui
862 1593 903 1656 de
924 1592 1119 1672 corporibus
1172 1593 1302 1669 tempus
1317 1591 1492 1669 praesentis
1505 1591 1594 1654 vite.
1607 1589 1907 1668 Quadragenarius
1920 1609 1980 1656 nu·

321 1688 478 1761 tractant,
492 1689 580 1766 quod
592 1704 712 1766 corpus
727 1691 909 1752 humanum
923 1706 967 1752 ex
977 1689 1120 1767 quatuor
1174 1705 1285 1752 merus
1300 1688 1453 1752 consistit
1476 1703 1520 1752 ex
1535 1689 1750 1766 quaternario
1772 1691 1806 1752 et
1819 1690 1979 1752 denario.

321 1785 497 1850 elementis
516 1785 746 1864 principaliter
766 1787 928 1860 consistit,
952 1786 1117 1859 videlicet,
1174 1787 1339 1850 Denarius
1360 1801 1519 1848 numerus
1541 1802 1561 1847 a
1582 1787 1798 1864 quaternario
1811 1789 1979 1860 nascitur,

319 1885 421 1955 terra,
436 1899 534 1962 aqua,
552 1899 642 1958 aere,
656 1885 689 1946 et
701 1881 835 1964 ignajet
853 1884 1041 1964 inquatuor
1055 1883 1121 1946 bu·
1174 1887 1207 1947 et
1220 1885 1256 1946 in
1271 1885 1486 1962 quaternario
1507 1885 1706 1958 continetur,
1731 1885 1809 1962 quia
1833 1887 1980 1963 quatimu-

319 1981 469 2044 moribus
482 1982 680 2045 naturaliter
692 1983 856 2056 consistit,
871 1983 1037 2055 videlicet,
1055 1999 1120 2044 me·
1174 1983 1284 2046 decies
1295 1983 1328 2046 et
1337 1983 1448 2044 decies
1456 1983 1597 2060 quatuor
1605 1982 1979 2061 iaciuntquadragiuta,

324 2079 468 2141 lancolia
479 2095 552 2158 quae
561 2079 811 2142 similitudinem
825 2080 1006 2144 babetcum
1016 2081 1117 2154 terra,
1174 2082 1207 2143 et
1232 2080 1308 2144 ideo
1332 2097 1391 2158 per
1411 2080 1501 2142 hunc
1528 2095 1704 2142 numerum
1734 2097 1886 2158 praesens
1910 2083 1980 2144 vita

322 2177 476 2254 flegmate
491 2177 577 2256 quod
602 2179 807 2241 assimilatur
825 2193 938 2258 aquae,
956 2179 1119 2255 sanguine
1174 2179 1378 2255 designatur.
1393 2181 1458 2240 Per
1472 2178 1722 2255 quaternarium
1737 2178 1841 2242 etiam
1853 2180 1980 2242 intelli-

322 2275 380 2353 qui
394 2275 506 2337 alflnis
522 2278 574 2338 eat
594 2277 676 2350 aeri,
693 2276 828 2340 obolera
841 2291 914 2355 quae
929 2277 1057 2340 accedit
1078 2276 1120 2338 ad
1173 2277 1297 2354 guntur
1328 2275 1471 2354 quatuor
1504 2276 1697 2352 Evangelia,
1731 2277 1853 2355 quibus
1885 2278 1975 2340 totus

323 2372 448 2449 ignem.
465 2375 505 2436 Et
518 2375 604 2436 sicut
622 2375 767 2444 tradunt,
784 2375 975 2438 attractant
992 2375 1018 2436 ii
1037 2390 1119 2452 quos
1174 2375 1316 2436 muudus
1330 2374 1470 2451 rigatur.
1481 2377 1545 2436 Per
1557 2374 1731 2436 denarium
1742 2375 1979 2451 significantur

320 2471 425 2547 agitat
441 2472 506 2534 iste
525 2471 631 2546 labor,
648 2473 805 2550 quamdiu
829 2472 985 2534 humores
1006 2472 1064 2535 isti
1084 2471 1119 2536 in
1174 2472 1287 2534 decem
1303 2473 1461 2535 mandata
1474 2472 1558 2550 legis
1574 2489 1649 2551 quae
1666 2472 1742 2535 data
1759 2475 1839 2534 suut
1854 2474 1978 2551 populo

321 2584 382 2630 suo
400 2570 488 2632 statu
503 2570 536 2632 et
548 2571 768 2648 temperantia
779 2587 820 2632 ao
833 2569 1025 2646 integritate
1039 2586 1119 2648 per·
1173 2573 1192 2633 J
1195 2569 1376 2632 udaeorum.

235 2668 238 2675 '
324 2666 457 2740 durant,
467 2682 587 2745 corpus
598 2668 780 2730 humanum
792 2667 827 2730 in
838 2669 980 2731 sanitate
991 2667 1120 2744 integre
1215 2669 1365 2742 Quatuor
1380 2669 1458 2731 sunt
1470 2668 1628 2730 humores
1646 2668 1795 2747 corporis
1809 2669 1931 2742 nostri,
1946 2671 1980 2732 et

323 2765 525 2842 perseverat.
557 2766 621 2826 Sed
657 2782 700 2828 ex
735 2767 945 2843 corruptione
982 2765 1119 2827 istorum
1174 2765 1288 2828 decem
1309 2766 1387 2828 sunt
1410 2767 1575 2843 precepta
1591 2765 1687 2843 legis.
1704 2765 1787 2838 Quia
1812 2782 1894 2842 ergo
1920 2783 1981 2844 per

324 2861 502 2924 humorum
515 2863 568 2926 vel
584 2864 726 2942 alicujus
743 2880 868 2936 eorum,
886 2863 1027 2926 diversae
1042 2879 1121 2940 pro-
1175 2865 1316 2940 quatuor
1344 2863 1499 2926 humores
1530 2865 1679 2942 corporis
1709 2864 1980 2940 transgredimur

321 2960 459 3022 veniunt
467 2961 690 3022 infirmitates.
705 2961 800 3023 Unde
809 2961 992 3024 ieremias:
1009 2961 1121 3023 Vitulu
1175 2962 1341 3039 praecepta
1361 2962 1457 3038 legis,
1475 2961 1566 3024 recte
1584 2960 1800 3026 constitutum
1815 2961 1865 3024 est
1891 2963 1979 3024 utin

321 3061 459 3132 clepens
473 3057 507 3118 et
520 3060 676 3131 somnosc
697 3058 870 3135 AEpvptus
886 3076 898 3120 .·
917 3058 1122 3120 stimulator
1175 3059 1456 3137 quadragesimali
1475 3059 1605 3137 jejunio
1631 3059 1829 3122 mundemur
1852 3059 1895 3121 ab
1921 3060 1978 3121 his

322 3156 364 3215 ab
394 3157 558 3228 Aquilone
582 3155 698 3216 veniet
730 3158 763 3216 ct
789 3153 903 3234 (Jerm.
928 3169 1025 3223 xuvv,
1051 3152 1119 3233 20).
1175 3157 1332 3235 peccatis.
1348 3159 1434 3220 Nam
1451 3160 1539 3220 Deus
1557 3157 1593 3218 in
1609 3156 1735 3220 diluvio
1750 3157 1979 3235 quadraginta

322 3251 488 3329 AEgyptus
502 3252 742 3330 interpretatur
753 3251 899 3326 tenebrae
909 3253 963 3316 vel
976 3251 1121 3314 tribula·
1175 3255 1290 3317 diebus
1301 3257 1334 3317 et
1344 3255 1565 3333 quadraginta
1574 3255 1726 3318 noctibus
1739 3271 1844 3333 aquas
1857 3256 1981 3318 effudit

321 3348 370 3412 tio
383 3349 623 3426 coangustans3
637 3350 670 3414 et
690 3351 858 3427 siguificat
880 3367 1015 3414 carnem
1037 3366 1120 3413 nos·
1175 3353 1298 3431 abyssi.
1327 3354 1444 3416 Nuntii
1472 3354 1581 3432 Moysi
1608 3354 1828 3432 quadraginta
1857 3353 1979 3416 diebus

320 3446 407 3510 tram
429 3463 503 3526 quae
524 3448 680 3512 obscurat
696 3449 902 3512 intellectum
915 3449 1071 3526 rationis;
1088 3448 1122 3512 et
1175 3453 1299 3516 terram
1320 3452 1549 3530 promissionis
1570 3452 1843 3530 exploraveruut3
1864 3453 1979 3514 lsrael

320 3544 396 3607 ideo
411 3542 533 3608 dicitur
557 3547 726 3622 tenebroe3
743 3547 776 3610 et
792 3548 949 3624 angustat
974 3547 1121 3609 animam
1175 3549 1395 3628 quadraginta
1411 3550 1508 3612 annis
1522 3550 1718 3626 angelorum
1731 3566 1816 3628 pane
1829 3550 1980 3612 nutritus

320 3641 425 3705 variis
444 3641 725 3728 elimationibus,
740 3647 780 3706 lit
794 3644 869 3708 ideo
883 3644 1005 3708 dicitur
1018 3643 1122 3707 tribu·
1175 3647 1225 3710 est
1256 3648 1291 3710 iu
1320 3647 1462 3710 deserto.
1495 3648 1645 3710 Christus
1679 3649 1780 3710 etiam
1808 3649 1980 3725 jejunavit

321 3739 402 3802 latio
424 3741 659 3818 coangustans.
674 3743 840 3820 AEgyptus
860 3743 911 3805 est
931 3741 1052 3818 vitula3
1068 3742 1122 3804 vi·
1175 3745 1793 3824 quadragintadiebnsetqnadragiuta
1807 3745 1975 3808 noctibus.

319 3837 392 3900 tula
416 3839 538 3903 dicitur
564 3855 641 3902 caro
668 3843 783 3902 nostra
806 3856 880 3917 quae
904 3842 954 3903 cst
979 3840 1118 3912 lasciva,
1176 3844 1317 3920 ipsemet
1331 3843 1482 3906 Christus
1499 3844 1574 3920 post
1591 3844 1872 3906 resurrectionem
1888 3861 1979 3920 qua-

321 3937 454 4016 quando
465 3937 657 4015 estelegaus
665 3938 698 4000 et
707 3937 864 4012 formosa,
876 3938 973 4010 idest,
988 3936 1121 4015 pinguis
1175 3941 1329 4018 draginta
1342 3941 1458 4004 diebus
1479 3941 1640 4003 remansit
1660 3941 1696 4004 in
1717 3942 1828 4004 terris.
1846 3941 1978 4004 Idcirco

321 4035 355 4098 et
368 4034 723 4112 pulchrastimulator
736 4037 787 4098 est
801 4034 941 4112 quilibet
954 4035 1121 4111 malignus
1175 4040 1238 4102 boc
1258 4040 1407 4116 tempore
1427 4041 1628 4118 jejunemus,
1648 4040 1684 4102 ut
1698 4040 1867 4117 jejunium
1889 4056 1975 4102 nos-

322 4131 470 4208 spiritus.
491 4133 612 4209 Aquilo
626 4133 677 4196 est
691 4135 799 4211 major
813 4133 976 4194 diabolus.
996 4132 1122 4194 Stimu-
1175 4137 1262 4199 trum
1288 4137 1455 4216 jeJunium
1480 4137 1603 4200 Christi
1631 4139 1807 4214 aequatum
1832 4140 1867 4199 et
1891 4139 1980 4200 sicut

320 4227 409 4290 lator
425 4228 516 4290 venit
542 4228 584 4290 ab
609 4229 777 4307 aquilone,
801 4229 933 4308 quaudo
953 4229 1120 4307 malignus
1175 4235 1239 4297 hoc
1273 4235 1420 4312 ternpore
1446 4252 1507 4313 per
1532 4235 1771 4297 abundantiam
1799 4234 1978 4297 humorum

221 4315 230 4328 ¹
322 4325 463 4403 spiritus
478 4326 619 4389 mittitur
635 4343 656 4388 a
680 4326 811 4390 diabolo
826 4328 868 4390 ad
885 4327 1121 4392 stimulandam
1175 4333 1323 4395 membra
1345 4333 1502 4396 laxantur
1516 4332 1557 4394 ad
1577 4333 1712 4408 malum,
1726 4333 1775 4396 ita
1789 4349 1851 4411 per
1868 4333 1978 4396 absti-

322 4438 457 4486 caruem
471 4424 617 4486 bominis
627 4426 848 4504 perardereur
858 4424 1018 4488 libidinis.
1028 4425 1121 4490 Unde
1175 4430 1321 4493 nentium
1337 4431 1486 4494 ciborum
1508 4430 1654 4492 membra
1673 4430 1927 4506 restringuntur
1939 4432 1979 4492 ad

322 4521 454 4584 dicebat
472 4521 604 4586 David:
627 4525 692 4591 Qui
707 4524 872 4586 tribulant
894 4540 961 4598 me,
978 4526 1120 4590 exulte-
1175 4527 1308 4601 bonnm,
1330 4529 1416 4592 sicut
1435 4528 1518 4591 dicit
1541 4529 1719 4606 Apostolus
1741 4549 1749 4590 ε
1769 4531 1980 4593 sicutenim

322 4621 415 4693 duni,
431 4624 463 4684 st
476 4622 591 4685 motus
606 4625 717 4697 suero.
733 4621 803 4702 (Ps.
821 4624 870 4697 12,
886 4621 931 4702 5).
1175 4627 1379 4690 canticinio
1388 4627 1979 4690 membraoestruseroireinuuun-

362 4719 515 4782 Secunda
532 4735 635 4782 causa
649 4720 700 4784 est
713 4721 934 4800 temperantia
948 4721 1118 4800 temporis,
1175 4726 1270 4788 ditiae
1297 4728 1341 4787 ad
1367 4726 1595 4800 ivimuitatcm,
1623 4725 1675 4788 iic
1700 4739 1794 4786 icccc
1819 4729 1978 4788 exbibete

321 4817 400 4896 quia
428 4817 492 4880 boc
517 4818 646 4898 tempus
668 4819 885 4896 temperatius
915 4819 967 4881 est
991 4818 1120 4897 reliquo
1174 4827 1331 4886 membro
1345 4825 1463 4885 vestra
1481 4825 1617 4886 servire
1629 4823 1780 4896 justitior
1795 4825 1833 4884 in
1846 4825 1980 4886 salicti-

320 4915 486 4994 tempore;
505 4917 625 4980 etideo
645 4933 707 4978 nec
724 4917 857 4995 corpori
871 4917 1046 4980 molestum
1070 4917 1121 4982 est
1174 4921 1333 4994 flectione
1349 4919 1458 5000 (Rom.
1470 4937 1514 4993 vr,
1529 4918 1594 4999 19).

316 5016 483 5093 jejunare,
504 5015 668 5092 quianon
691 5016 850 5091 gravatur
873 5016 975 5078 multo
996 5014 1121 5092 frigore
1214 5021 1323 5080 Causa
1339 5019 1538 5082 attendenda
1548 5019 1609 5091 est,
1622 5017 1876 5096 quisjejunium
1885 5020 1977 5082 valet

320 5112 379 5174 aut
391 5128 512 5190 magno
525 5113 648 5186 calore,
662 5112 826 5175 etanimae
838 5113 1043 5176 fructuosum
1057 5115 1118 5186 est,
1174 5117 1215 5178 ad
1238 5116 1395 5194 quatuor;
1419 5117 1526 5194 primo
1545 5116 1586 5177 ad
1608 5131 1740 5192 poenam
1754 5116 1976 5189 evadendam,

321 5211 399 5289 quia
410 5211 715 5288 uonimpediturab
726 5211 1120 5274 oratione'rertiacausa
1175 5212 1362 5274 adveniam
1384 5211 1632 5285 inveniendam,
1650 5210 1692 5272 ad
1706 5211 1850 5287 gratiam
1867 5229 1981 5274 conse·

320 5309 372 5371 est
392 5308 470 5386 quia
497 5309 639 5371 mundus
670 5309 733 5372 boc
762 5309 911 5386 tempore
936 5309 1118 5372 viridescit
1175 5309 1355 5388 quendam,
1383 5308 1425 5371 ad
1456 5309 1599 5385 gloriam
1630 5309 1899 5386 promerendam.
1932 5310 1978 5372 dd

321 5406 464 5483 Dignum
476 5422 555 5483 ergo
571 5407 634 5469 fuit
649 5409 685 5469 ut
701 5407 760 5468 illo
772 5407 920 5484 tempore
933 5406 1032 5470 bomo
1047 5423 1121 5471 res-
1176 5423 1307 5484 poenam
1340 5407 1556 5476 evadendam,
1587 5407 1665 5486 quia
1698 5407 1785 5468 sicut
1816 5408 1979 5470 Ninivitas

320 5504 832 5584 taurareturperpoeuiteutiam,
848 5505 962 5583 inquo
979 5507 1120 5569 mundus
1176 5521 1234 5584 per
1257 5505 1423 5584 jejunium
1454 5504 1633 5568 evaseruut
1662 5504 1864 5567 senteutiam
1896 5506 1978 5566 sub-

322 5601 473 5664 conditus
488 5602 591 5666 fuitei
600 5604 789 5684 redemptus
801 5603 842 5667 ad
858 5604 1031 5668 servitium
1043 5605 1117 5668 Dei:
1175 5603 1358 5676 versionis,
1394 5603 1440 5666 ita
1476 5619 1552 5676 nos,
1590 5603 1619 5664 si
1657 5618 1739 5680 pure
1770 5605 1977 5681 jejunamus,
