4076 6420
41 217 105 278 829
635 215 840 278 DOMINICA
860 214 1109 278 PALMARUM.
1633 223 1695 286 830

45 373 233 454 praeterltls
255 375 289 441 et
311 372 494 438 custoditur
514 389 535 436 a
558 372 689 438 tuturis.
717 375 764 436 De
782 372 846 436 hoc
940 373 1426 454 Castellumestmunduslste,
1442 377 1557 459 inquo
1572 379 1692 445 admo·

44 474 122 536 oleo
142 473 179 534 in
202 469 302 534 Libro
321 475 449 549 Regum
473 470 559 534 dixit
581 472 683 534 uidua
708 473 749 534 ad
777 473 870 534 alif
902 469 979 533 dum
1000 471 1129 534 castelli
1148 472 1198 536 est
1209 472 1311 536 turris
1335 475 1510 552 superbiae,
1526 478 1560 540 et
1578 495 1693 544 murus

43 587 174 634 saeum:
198 573 280 633 Non
301 573 406 634 bocco
427 575 539 634 eleum
559 572 628 632 cist
653 585 783 645 perum
810 573 848 632 in
901 568 1048 646 perfidiae
1062 569 1120 648 qui
1134 569 1218 633 bene
1230 586 1303 633 esse
1318 571 1568 648 diciturcontra
1587 577 1692 640 disci-

43 669 179 742 leeutbo
206 666 268 747 (ΙΙΙ
285 669 366 744 Rag.
385 682 466 739 uvu,
489 664 553 746 12).
572 670 694 729 Parum
718 667 784 730 olei
811 667 846 728 in
900 666 1007 744 pulos,
1028 667 1184 744 quoniam
1202 669 1270 731 tam
1292 671 1372 746 Legi
1391 688 1490 749 quam
1513 676 1693 752 Evangelio

42 765 194 842 lecytho,
220 764 317 837 idest,
354 780 490 841 parvam
517 764 781 826 misericordiam
811 763 846 827 in
900 779 1031 842 semper
1053 765 1196 828 mundus
1225 767 1412 830 contrarius
1439 770 1512 833 luit.
1532 774 1636 838 asina
1659 776 1694 840 et

42 861 148 924 corde
173 878 248 923 suo.
268 863 308 924 m
330 861 500 924 benedixit
523 877 640 939 parum
662 861 744 934 olei,
768 862 846 939 quia
900 861 1011 938 pullus
1029 868 1107 924 suni
1129 863 1267 940 uterque
1295 879 1406 938 sexus,
1431 867 1465 930 et
1488 867 1573 931 bene
1596 871 1692 949 prius

44 960 156 1022 omnis
193 959 341 1021 humana
382 959 613 1022 misericordia
645 974 749 1035 parva
784 959 843 1021 est.
900 958 1010 1036 posuit
1035 960 1164 1022 asinam
1187 977 1286 1040 quam
1314 963 1452 1040 pullum.
1480 966 1578 1028 Pnius
1602 969 1693 1032 enim

46 1056 142 1120 Unde
167 1055 252 1118 dicit
285 1055 568 1120 Ecclesiasticus:
603 1057 846 1120 misericordie
899 1055 1195 1136 foeminapeecavit
1209 1075 1307 1137 quam
1321 1059 1431 1124 homo.
1455 1065 1555 1138 Vidit,
1570 1064 1691 1143 inquit,

41 1156 198 1218 berelais
211 1154 323 1226 jueta
344 1156 552 1227 premiorum
566 1168 681 1227 mum,
704 1157 846 1216 misert-
898 1157 1024 1218 mittier
1046 1158 1135 1230 quod
1152 1157 1277 1220 bonum
1296 1158 1387 1220 esset
1404 1162 1536 1236 itanum
1549 1165 1595 1224 od
1609 1179 1691 1228 ves·
1782 1227 1787 1238 ,

42 1254 167 1314 cordio
185 1250 307 1326 autem
323 1253 388 1314 Dei
405 1266 512 1326 super
536 1265 676 1320 omnem
703 1266 845 1316 caram
898 1252 1088 1316 cendumet
1099 1257 1281 1328 puteacum
1294 1260 1399 1318 corais
1413 1259 1617 1334 aspectione
1632 1261 1706 1324 de·'

43 1344 147 1426 (Eccl.
163 1362 266 1422 xvui,
284 1345 348 1427 12).
378 1348 457 1420 Quis
471 1347 572 1422 enim,
589 1348 675 1411 sicut
685 1349 844 1415 Dominus
897 1349 1064 1422 ieetobiie;
1079 1351 1113 1414 et
1126 1351 1203 1414 tutti
1213 1354 1690 1431 detructuttliusetcomedtt

41 1445 171 1518 noster,
188 1445 344 1508 excelsus
367 1446 418 1512 est
431 1460 532 1524 super
545 1461 660 1510 omnes
671 1447 798 1523 gentes,
813 1447 846 1510 et
896 1447 1056 1522 w(tacitique
1079 1449 1157 1510 viro
1176 1463 1239 1510 sco
1257 1453 1316 1524 put
1335 1449 1491 1514 eomedit.
1516 1453 1564 1515 lit
1578 1453 1694 1529 aperti

40 1557 147 1618 super
167 1542 273 1604 ooelos
292 1543 400 1619 gloria
418 1544 515 1620 eiust
532 1547 576 1606 in
597 1546 737 1608 nemim
762 1547 846 1608 Jeme
897 1543 980 1604 sunt
1001 1547 1090 1606 octat
1102 1547 1283 1608 amiciam
1298 1543 1393 1624 (Gen.
1417 1562 1468 1621 m,
1495 1551 1526 1610 6.
1542 1551 1575 1612 at
1593 1549 1691 1630 sep).

42 1640 214 1712 nectatur
244 1653 346 1702 omne
364 1654 456 1716 penu
483 1640 684 1713 coetesttrem,
709 1641 844 1704 terrea·
898 1638 997 1700 Prius
1011 1655 1091 1716 ergo
1105 1641 1240 1718 ponitur
1253 1643 1349 1706 asina
1368 1658 1468 1720 quam
1488 1645 1610 1722 pullus,
1625 1663 1693 1710 non

40 1737 157 1798 trium
171 1738 209 1800 et
223 1738 445 1810 tatemerem
455 1733 592 1815 (Philip.
605 1753 642 1810 11,
659 1736 724 1817 10).
900 1737 978 1814 quia
992 1752 1060 1800 non
1069 1739 1243 1800 essetanta
1255 1739 1353 1802 bomo
1365 1757 1465 1817 quam
1474 1742 1622 1813 foemina,
1634 1745 1692 1806 ssd

81 1833 214 1896 Aliter:
236 1833 290 1896 vel
304 1833 426 1899 dicitur
440 1849 535 1896 mons
556 1833 680 1908 oliveti,
697 1833 776 1911 quia
797 1833 846 1898 si·
899 1833 977 1910 quia
992 1834 1069 1896 ante
1087 1836 1238 1911 peccauit
1256 1835 1392 1898 foemina
1410 1853 1509 1915 mam
1527 1839 1637 1913 bomo,
1661 1842 1694 1903 et

41 1932 101 1992 cut
112 1931 156 2012 in
175 1931 253 1992 oleo
271 1929 336 1992 tria
350 1931 438 2004 sunt,
454 1931 578 2005 lumen,
591 1930 696 2004 cibus,
711 1932 746 1996 et
757 1947 843 1996 unc-
899 1930 995 2006 quasi
1010 1930 1117 1992 mater
1130 1930 1547 2010 neminisruitinpecoato,
1558 1938 1694 2013 propter

42 2027 103 2100 tio,
119 2029 171 2089 ita
189 2027 343 2090 Christus
358 2030 409 2091 est
427 2028 565 2094 lucerna
582 2044 655 2106 quae
677 2027 845 2092 illuminat
899 2027 985 2104 quod
1014 2028 1185 2104 peccatum
1213 2029 1281 2090 tam
1308 2029 1407 2092 bomo
1436 2047 1534 2108 quam
1557 2032 1694 2096 immina

45 2140 179 2186 omnem
199 2124 369 2188 bominem
383 2125 571 2190 uenientem
589 2125 626 2188 ln
643 2125 733 2189 hunc
747 2141 845 2190 mun·
898 2124 1069 2186 asinorum
1085 2124 1274 2186 nominihus
1288 2127 1402 2188 vocari
1414 2131 1618 2194 meruerunt.

42 2220 135 2282 dum.
153 2221 309 2286 Christus
326 2223 377 2285 est
392 2223 488 2300 panis
506 2223 602 2286 vivus
621 2222 679 2302 qui
698 2223 738 2285 de
760 2222 843 2286 coelo
937 2219 1065 2282 Aliter:
1079 2221 1174 2283 Itein
1195 2222 1367 2284 castellum
1390 2227 1485 2302 cujus
1502 2226 1627 2288 uallum
1644 2229 1696 2304 est

44 2317 233 2390 descendit,
265 2319 344 2396 quia
378 2318 450 2396 ipse
475 2318 621 2397 quotidie
649 2319 756 2395 pascit
783 2333 844 2380 nos
898 2316 1063 2393 superbia,
1079 2317 1281 2398 munitiones
1296 2320 1373 2383 sunt
1386 2323 1507 2384 caetera
1520 2323 1613 2386 uitia.
1630 2327 1696 2388 Per

46 2430 146 2490 pane,
171 2415 270 2488 idest,
296 2431 397 2480 carne
421 2417 455 2478 et
481 2417 644 2493 sanguine
668 2431 740 2488 suo,
759 2415 846 2478 sicut
898 2414 1027 2475 asinam
1038 2430 1113 2492 quae
1127 2415 1268 2493 simplex
1282 2418 1332 2480 est
1341 2418 1476 2492 animal,
1488 2421 1696 2505 significatur

44 2511 119 2586 ipse
137 2512 180 2572 de
201 2527 237 2572 se
256 2511 358 2573 dicit:
381 2514 471 2572 Coro
485 2526 564 2574 meo
575 2526 658 2574 cere
672 2514 725 2575 est
738 2515 842 2586 cibus,
898 2511 1109 2588 simplicitas
1123 2527 1183 2590 per
1196 2513 1323 2590 pullum
1339 2514 1520 2578 humilitas.
1536 2520 1695 2582 Homines

45 2608 80 2668 et
92 2610 241 2684 saisonis
259 2622 357 2669 meus
375 2620 459 2668 vere
474 2608 527 2670 est
538 2609 659 2684 potum
674 2612 733 2682 qui
743 2623 846 2672 moa-
899 2609 1031 2686 quippe,
1043 2608 1251 2686 quibumiles
1259 2611 1293 2676 et
1302 2611 1469 2690 simplices
1479 2613 1599 2677 debent
1609 2631 1694 2690 esse,

40 2704 151 2766 ducat
172 2719 317 2766 coracem
338 2718 464 2778 mom,
487 2703 521 2768 et
541 2705 628 2769 bibet
639 2710 846 2782 sanquinem
899 2719 1012 2768 amore
1026 2707 1140 2768 mundi
1153 2707 1428 2775 etcaeterisuitiis
1441 2709 1701 2786 alligatiasim·

42 2815 169 2862 meum
191 2803 230 2864 te
252 2812 308 2862 me
326 2801 459 2874 ommi,
480 2802 514 2863 et
532 2816 594 2878 epo
614 2805 652 2866 ta
674 2818 715 2866 eo
734 2803 843 2882 (ioan.
900 2801 1048 2879 plicitate
1072 2805 1105 2866 et
1128 2803 1316 2868 humilitate
1344 2804 1483 2868 alienati
1514 2809 1601 2880 sunt,
1633 2809 1699 2872 Sed

46 2913 93 2970 vr,
111 2895 181 2976 56).
197 2900 277 2960 Nisi
298 2900 592 2964 maducaveritis
612 2915 755 2964 meaa
765 2905 846 2966 Filii
900 2898 1022 2962 christi
1037 2900 1272 2977 predicatores
1286 2901 1441 2980 alligatos
1456 2903 1589 2968 solvunt
1600 2905 1700 2968 etso-

44 2997 200 3056 bomtnts
220 2994 423 3058 etbiberttts
442 2995 751 3075 timiamateriis,
775 3013 846 3062 non
899 2997 987 3058 lutos
1001 2996 1125 3059 ducunt
1139 2997 1180 3058 ad
1196 2997 1373 3060 Christum.

44 3091 600 3173 babebittsviiomtcoobisffloan.
615 3109 661 3167 rr,
680 3093 745 3174 54).
762 3095 846 3168 Quia
939 3093 1063 3170 illigat
1085 3094 1196 3156 autem
1220 3094 1372 3158 diabolus
1390 3095 1517 3174 triplici
1535 3098 1696 3174 tuniculo,

49 3187 137 3250 sicut
156 3187 305 3265 quotidie
329 3205 517 3266 peccamus,
537 3191 585 3256 ita
608 3192 755 3270 quotidie
786 3208 846 3270 per
900 3191 956 3267 qui
965 3190 1100 3253 difficile
1108 3192 1282 3269 rumpitur,
1290 3192 1388 3266 idest,
1397 3193 1525 3268 laetitia,
1535 3198 1698 3275 eoncupi-

48 3299 172 3362 corpus
193 3285 315 3348 Christi
328 3285 488 3350 habemus
515 3289 746 3354 remissionem
773 3305 847 3352 om·
900 3287 1037 3360 scentia,
1050 3287 1230 3363 voluptate.
1242 3289 1401 3350 Homines
1416 3291 1701 3373 obliganturqua-

48 3382 143 3442 nium
159 3384 383 3460 peccatorum.
899 3383 986 3456 tuor,
999 3382 1144 3446 ettribus
1154 3382 1346 3446 sceleribus.
1358 3386 1505 3458 Quatuor
1514 3387 1556 3450 ad
1566 3405 1697 3466 corpus,

91 3480 193 3541 bem:
205 3479 251 3542 m
260 3483 494 3546 convenerat
502 3483 699 3559 Betbpbaoe
710 3484 848 3548 tarnen-
900 3481 965 3542 tria
980 3478 1021 3541 ad
1034 3480 1179 3541 animam
1192 3480 1369 3556 pertinent.
1382 3483 1507 3559 Corpus
1517 3484 1699 3548 humanum

50 3576 264 3651 temotieett,
281 3579 363 3640 tenc
377 3580 473 3640 misit
489 3581 573 3642 dces
577 3621 636 3642 .....
651 3581 755 3642 Porro
770 3580 847 3644 ante
900 3593 945 3640 ex
958 3576 1100 3655 quatuor
1109 3577 1280 3638 elementis
1292 3577 1522 3656 principalitar
1534 3583 1697 3657 consistit,

53 3689 150 3736 suum
173 3675 211 3740 in
235 3691 336 3738 carne
361 3674 537 3740 adventum
564 3675 844 3750 miseratum,
900 3673 1066 3747 uidelicet,
1088 3673 1190 3747 terra,
1214 3689 1312 3752 aqua,
1332 3689 1421 3750 aare,
1444 3677 1478 3738 et
1499 3676 1587 3754 igne,
1608 3681 1643 3742 et
1664 3681 1700 3744 in

49 3771 110 3831 sed
134 3771 294 3850 quoniam
308 3787 368 3849 pro
382 3788 447 3850 quo
466 3772 657 3837 mittebatur
670 3771 791 3838 efficax
804 3774 846 3837 ad
902 3770 1043 3850 quatuor
1070 3769 1263 3832 humoribus
1286 3771 1485 3836 naturaliter
1509 3778 1699 3852 permanet,

52 3869 224 3944 negotium
230 3869 321 3932 solus
335 3883 401 3934 non
413 3869 487 3942 tuit,
497 3871 571 3947 post
581 3871 847 3936 incarnationem
901 3867 1066 3942 videlicet,
1083 3867 1280 3930 melancolia
1290 3885 1364 3947 quae
1377 3870 1628 3936 similitudinem
1638 3875 1702 3938 ba-

53 3981 148 4028 suam
163 3967 256 4030 dedit
264 3967 296 4028 ei
306 3967 443 4042 socium,
458 3969 492 4030 et
503 3968 594 4032 misit
606 3969 699 4043 duos,
713 3969 750 4032 ut
761 3969 847 4048 quod
901 3965 956 4030 bet
980 3982 1054 4028 cum
1079 3967 1181 4038 terra,
1207 3965 1360 4042 flegmate
1386 3969 1473 4045 quod
1496 3970 1702 4038 assimilatur

53 4062 138 4126 alter
149 4064 277 4128 diceret
295 4063 380 4128 alter
394 4064 590 4136 testaretur,
613 4067 646 4130 at
659 4066 746 4146 quod
762 4083 847 4130 unus
902 4080 1008 4142 aquae,
1025 4063 1187 4140 sanguine
1207 4063 1263 4141 qui
1276 4063 1387 4126 afllnis
1403 4066 1453 4130 est
1470 4067 1552 4141 aeri,
1574 4068 1607 4131 et
1620 4070 1703 4132 cho-

54 4174 120 4220 non
134 4162 277 4238 poterat,
299 4161 496 4238 perlicerent
515 4162 591 4227 duo.
616 4165 655 4226 In
680 4179 737 4226 ore
758 4165 847 4230 enim
901 4162 973 4224 lara
985 4177 1059 4240 quea
1074 4160 1202 4224 aceedit
1213 4161 1255 4222 ad
1270 4162 1392 4238 ignem.
1407 4165 1448 4226 nt
1464 4164 1550 4230 sicut
1567 4167 1703 4232 tradunt

55 4255 197 4325 duorum
224 4259 278 4321 vel
309 4259 410 4322 trium
434 4260 569 4324 testium
598 4261 727 4327 constat
751 4277 849 4324 omne
902 4257 1131 4322 attractantii
1150 4274 1232 4337 quos
1251 4260 1356 4336 agitat
1373 4260 1436 4324 iste
1453 4261 1559 4336 labor,
1578 4281 1699 4342 quam·

54 4356 193 4420 verbum
212 4377 220 4418 s
242 4357 314 4430 Ite,
351 4355 474 4435 lnquit,
503 4361 542 4420 tn
564 4360 741 4424 castellum
761 4364 849 4436 qood
903 4356 961 4418 diu
974 4355 1131 4418 humores
1144 4355 1201 4418 isti
1215 4356 1252 4418 in
1266 4373 1327 4419 suo
1339 4358 1427 4423 statu
1439 4358 1473 4420 et
1481 4360 1701 4437 temperantia

55 4455 177 4516 eontra
190 4469 252 4518 eos
265 4453 328 4526 est,
341 4455 375 4518 et
388 4455 509 4517 stetim
520 4457 850 4520 superimpositam
903 4468 943 4514 ac
960 4452 1150 4529 integritate
1168 4452 1361 4530 perdurant,
1379 4469 1500 4530 eorpus
1517 4455 1701 4520 humanum

56 4553 234 4627 altinatem
246 4553 423 4626 ciprinum
436 4567 515 4614 cum
529 4567 583 4615 ea.
592 4554 729 4626 Solvite,
746 4556 780 4618 et
793 4557 850 4618 ad-
901 4549 939 4612 in
953 4550 1095 4625 sanitate
1113 4551 1244 4627 integra
1261 4553 1463 4628 perseverat.
1485 4553 1548 4614 Sed
1569 4555 1605 4616 in
1620 4571 1700 4618 cor·

57 4648 274 4712 comtemnit.
290 4648 690 4724 Videndumest,lratres‚
703 4652 851 4728 quisunt
903 4647 1055 4725 ruptione
1085 4647 1226 4711 istorum
1255 4647 1452 4721 humorum,
1481 4649 1535 4710 vel
1559 4650 1701 4729 alicuius

58 4741 114 4804 isti
128 4746 250 4818 nuntii,
270 4744 360 4808 istud
378 4747 562 4820 castellum,
579 4763 652 4824 quea
671 4749 777 4822 asina,
793 4750 849 4826 qui
904 4761 1029 4819 eorum
1047 4745 1190 4810 diversae
1203 4745 1404 4823 proveniunt
1421 4745 1643 4810 infirmitates.
1661 4749 1702 4812 nt

58 4840 169 4916 pullus
188 4843 231 4906 ad
250 4859 348 4920 quem
366 4844 560 4907 solvendum
579 4845 688 4908 nuntii
707 4846 849 4910 mittun·
904 4843 933 4905 sl
948 4843 1023 4921 quis
1035 4842 1134 4906 vellet
1148 4843 1220 4906 haec
1234 4858 1301 4905 non
1322 4843 1431 4906 minus
1451 4845 1582 4908 curiose
1601 4863 1700 4926 quam

59 4936 123 4998 tur.
140 4943 212 5002 Duo
226 4940 336 5003 nuntii
347 4941 424 5004 sunt
436 4942 500 5006 duo
515 4943 726 5016 testamenta,
734 4947 804 5008 Lex
818 4947 852 5010 at
904 4940 1047 5004 sollicite
1067 4942 1101 5003 et
1122 4940 1288 5004 subtiliter
1309 4940 1481 5020 indagare,
1502 4943 1613 5020 posset
1631 4944 1701 5006 lor-

59 5035 285 5114 livaugelium.
311 5041 431 5116 Legem
454 5041 565 5102 autem
583 5041 721 5106 miserat
738 5043 852 5106 Domi·
903 5039 1003 5104 tassis
1020 5041 1054 5100 et
1070 5037 1105 5100 in
1120 5038 1232 5101 anima
1251 5037 1461 5103 infirmitates
1475 5042 1587 5102 varias
1602 5042 1700 5106 inve·

60 5147 122 5196 nus
135 5136 272 5210 iudaeis,
287 5137 344 5198 sed
359 5137 437 5213 quia
447 5138 542 5211 nibil,
559 5137 596 5202 ut
605 5136 848 5216 aitApostolus,
904 5137 988 5209 nire,
1012 5151 1153 5214 quarum
1175 5135 1277 5198 aliam
1300 5138 1411 5213 posset
1434 5135 1592 5216 adaptare
1615 5139 1700 5204 febri

61 5229 102 5290 ad
124 5232 306 5308 perlectum
334 5233 491 5308 ducebat,
521 5251 596 5296 cum
624 5238 711 5314 Lege
737 5237 851 5314 postea
905 5235 1094 5313 quamne,
1124 5232 1227 5296 aliam
1256 5234 1429 5308 tertianae,
1459 5235 1561 5298 aliam
1591 5238 1702 5316 quoti-

61 5328 276 5407 evangelium
295 5332 328 5394 et
349 5330 475 5396 Judaeis
502 5333 595 5395 misit
615 5334 648 5396 et
675 5334 848 5411 gentibus,
904 5333 1025 5406 manee,
1041 5331 1075 5394 et
1090 5331 1139 5394 sic
1153 5331 1194 5392 de
1208 5330 1349 5401 ceteris.

63 5424 147 5490 sicut
160 5428 399 5506 scriptumest:
414 5431 610 5492 Prodicote
623 5433 852 5510 senapariam
945 5429 1035 5506 Ignis
1049 5428 1192 5507 pertinet
1205 5428 1251 5493 ad
1264 5428 1377 5512 oeulos
1390 5430 1509 5507 quibus
1525 5433 1703 5498 curiositas

62 5527 154 5588 currit
165 5527 337 5592 creatore
349 5525 466 5609 (Maro.
481 5541 550 5600 xvi,
567 5523 631 5608 15).
905 5526 1178 5606 extremusque
1187 5525 1336 5595 animam
1346 5527 1463 5602 alligat
1472 5529 1704 5596 conformitate
