4106 6422
342 249 382 310 65
948 255 1121 316 noscitu
1144 255 1187 313 666
1211 255 1356 314 66666.
1385 229 1387 234 ’
1936 275 1972 334 70,

341 421 445 482 terem
463 423 624 496 tunicam,
638 425 694 500 qui
707 426 908 488 annunciant
927 431 1077 500 Alleluia,
1093 429 1126 489 id
1179 432 1329 507 superius
1352 433 1508 512 scriptum
1527 437 1586 510 661,
1608 442 1794 518 requiescit.
1818 447 1858 508 Et
1874 447 1971 522 post-

342 519 394 578 est
416 518 554 592 gloriam
579 519 790 581 beatitudinis
816 521 956 583 caelestis
979 525 1094 599 patriae
1117 546 1125 584 :
1178 541 1275 602 quam
1290 532 1487 604 pausaverit,
1501 533 1615 610 surgit,
1631 537 1664 596 et
1677 541 1854 602 memorato
1868 543 1970 602 modo

342 612 395 671 661
417 613 500 688 qnod
525 613 601 688 quia
625 615 821 692 quicumque
841 615 974 678 habebit
992 618 1032 678 de
1051 634 1125 679 cera
1178 621 1300 683 incedit
1314 627 1469 700 usquead
1487 627 1606 702 locum,
1622 633 1678 708 qui
1698 635 1819 694 Parion
1833 652 1971 696 nuncu·
2015 678 2016 752 p

341 707 572 782 praedictorum
593 724 763 784 agnorum,
780 711 868 770 etex
884 727 922 772 ea
941 727 1071 773 crucem
1092 714 1127 773 in
1178 717 1284 792 66166,
1300 735 1397 780 66666
1411 723 1515 783 666611
1530 725 1630 796 Ρ6161,
1647 743 1719 804 quae
1731 729 1771 789 de
1786 733 1971 792 consuetu-
2016 770 2017 818 p

343 800 438 862 domo
459 817 519 861 sua
543 802 704 875 habuerit,
727 805 779 864 661
803 821 913 866 secum
937 809 1124 883 portaverit,
1178 812 1253 872 dine
1272 813 1343 890 ipsa
1362 816 1415 876 116
1438 819 1523 892 6661
1547 822 1695 882 sanctum
1708 825 1854 884 Marcum
1868 825 1970 886 debet
2017 862 2018 914 p

342 909 407 954 non
428 895 567 957 16616166
587 897 628 958 61
648 899 758 976 aliquo
775 900 981 976 phantastico
996 903 1124 978 spiritu,
1178 907 1310 980 afferri,
1335 911 1408 986 post
1430 927 1560 974 crucem
1584 917 1688 978 sancti
1716 919 1904 990 Laurentii,
1935 923 1969 980 et
2018 952 2019 1000 p

341 979 659 1064 661616611666,Ἐ1
678 995 856 1055 notandum
877 995 963 1073 quod
983 998 1126 1075 acolythi
1178 1003 1253 1062 6616
1273 1019 1403 1064 crucem
1422 1009 1543 1068 sanctae
1562 1010 1675 1070 Mariae
1692 1013 1826 1088 Majoris
1847 1013 1884 1073 in
1908 1031 1964 1074 or·
2019 1046 2020 1098 p

343 1083 466 1144 domini
481 1087 578 1162 Papae
600 1089 790 1164 praedisctos
811 1105 913 1166 agnos
932 1093 991 1152 Dei
1010 1092 1128 1154 debent
1178 1096 1253 1156 dine
1273 1100 1487 1173 praecedente.
1512 1103 1560 1163 Ibi
1582 1107 1689 1165 autem
1706 1106 1856 1167 dominus
1873 1111 1965 1184 Papa

341 1177 450 1240 iacere
462 1181 502 1240 ad
515 1182 619 1243 altare
631 1184 737 1244 sancti
749 1185 849 1257 Petri,
863 1201 886 1246 x
898 1185 954 1246 lib.
969 1202 1053 1248 cerae
1067 1203 1125 1248 66-
1177 1193 1331 1268 66611616
1344 1195 1439 1256 modo
1454 1198 1602 1273 quiescit,
1616 1201 1648 1261 61
1668 1203 1740 1277 6661
1754 1203 1897 1278 quietem
1916 1205 1960 1264 in·

342 1274 498 1350 cipientes
510 1298 518 1350 ;
532 1278 565 1338 61
576 1281 776 1354 praesentare
787 1281 919 1341 domino
932 1284 1030 1358 Papae
1045 1281 1126 1343 hora
1177 1287 1272 1360 cedit,
1287 1290 1372 1351 sicut
1385 1291 1476 1366 prius
1492 1295 1696 1368 praemissum
1720 1297 1779 1368 est,
1796 1313 1900 1374 usque
1922 1299 1964 1358 ad

340 1371 508 1444 praedicta.
529 1372 652 1433 Debent
665 1375 764 1434 etiam
785 1375 825 1436 16
845 1377 1012 1452 praedictis
1032 1379 1125 1452 agnis
1177 1382 1307 1457 pontem
1331 1386 1435 1446 sancti
1454 1387 1543 1447 Petri
1567 1409 1574 1446 ι
1596 1388 1707 1466 ibique
1732 1389 1827 1451 modo
1855 1394 1963 1468 666611-

340 1465 399 1523 1161
426 1465 556 1539 plenam
584 1468 752 1528 scutellam
782 1472 969 1544 argenteam
994 1471 1125 1534 domino
1177 1476 1251 1537 bato
1265 1478 1413 1554 quiescit,
1428 1481 1461 1540 et
1476 1481 1517 1540 ab
1532 1481 1673 1544 11161666
1691 1499 1828 1560 surgens
1840 1489 1957 1562 praeta-

341 1559 450 1634 Papae,
473 1559 549 1619 dum
568 1562 718 1632 comedit,
741 1567 950 1638 praesentare,
970 1569 1003 1627 61
1026 1569 1124 1627 aliam
1176 1573 1253 1632 xato
1268 1574 1363 1634 modo
1384 1574 1506 1637 incedit
1527 1579 1681 1654 usquead
1694 1578 1813 1650 166666,
1834 1581 1891 1656 qui
1906 1581 1964 1639 di-

342 1654 523 1713 camerario
539 1653 671 1715 familiae
686 1656 955 1719 distribuendam.
1177 1666 1262 1726 citur
1276 1669 1408 1729 cortina
1423 1691 1430 1728 ε
1446 1673 1478 1731 61
1492 1673 1630 1748 quiescit
1647 1673 1731 1733 lecto
1746 1673 1792 1734 ibi
1807 1690 1826 1734 a
1848 1676 1964 1736 schola
2024 1691 2028 1832 (

1176 1761 1344 1834 uirgarum
1379 1763 1533 1838 praedicto
1568 1767 1663 1827 modo
1698 1769 1807 1843 aptato
1843 1791 1850 1828 :
1882 1785 1965 1828 snr-

345 1821 490 1878 XXXIX·
511 1821 663 1886 Qualiter
678 1824 835 1884 mmm
853 1827 1075 1900 Papape'ffi‘
1090 1829 1125 1885 m
1177 1871 1321 1931 gensque
1342 1858 1469 1918 accedit
1493 1859 1533 1918 ad
1548 1861 1669 1934 gradus
1693 1863 1840 1926 ecclesiae
1855 1866 1965 1924 sancti

387 1914 525 1975 Luam
538 1919 664 1988 mmm
678 1920 714 1978 m
725 1919 811 1991 s⁶⁸²⁰
823 1921 933 1979 mm
953 1922 1075 1980 Mam·
1099 2003 1103 2008 .
1178 1950 1281 2024 Potri;
1298 1952 1331 2011 et
1348 1967 1447 2028 super
1464 1953 1618 2026 gradibus
1632 1971 1771 2030 vergens
1791 1957 1909 2017 taciem
1922 1961 1964 2017 ad

379 2043 429 2102 63.
455 2045 491 2102 In
514 2043 597 2105 16616
617 2047 722 2106 sancti
742 2047 856 2119 Marci,
871 2048 1000 2108 Litania
1022 2051 1127 2126 majo-
1178 2045 1347 2117 orientem,
1361 2047 1512 2123 primitus
1526 2048 1627 2110 intrat
1640 2051 1823 2124 ecclesiam,
1846 2054 1964 2128 primi-

342 2137 370 2196 ri
381 2135 439 2216 (1),
454 2139 679 2200 sanctissimus
692 2141 842 2204 dominus
855 2145 944 2219 Papa
961 2143 1128 2208 descendit
1178 2140 1266 2200 66616
1281 2155 1353 2200 cum
1366 2141 1478 2201 schola
1490 2143 1658 2204 cantorum
1675 2149 1717 2207 Te
1728 2151 1837 2206 Deum
1848 2151 1964 2208 lucedu-

341 2247 414 2292 cum
445 2233 616 2310 episcopis,
648 2236 869 2298 cardinalibus
896 2237 1069 2310 universis,
1095 2244 1127 2304 61
1177 2250 1255 2296 raus
1277 2237 1429 2297 cantante
1450 2257 1457 2296 :
1482 2237 1632 2315 tactaque
1653 2242 1800 2301 oratione
1821 2244 1896 2318 post
1921 2248 1968 2302 Tc

339 2326 416 2386 aliis
431 2328 600 2388 ordinibus
612 2330 651 2390 ad
665 2330 838 2392 ecclesiam
852 2333 1124 2396 Lateranensem:
1178 2334 1287 2391 Deum
1321 2335 1499 2392 corruamus
1534 2349 1633 2409 super
1664 2337 1794 2395 rotatu
1824 2337 1970 2396 introitu
2029 2311 2035 2460 1

341 2421 549 2484 6116661666
570 2425 642 2500 6661
665 2425 779 2497 611666,
800 2427 833 2486 61
855 2428 985 2490 cantata
1004 2429 1124 2506 Tertia,
1178 2426 1272 2502 quasi
1291 2427 1450 2498 66616616,
1474 2429 1581 2503 pergit
1610 2429 1650 2490 ad
1680 2431 1910 2502 secretarium,
1934 2435 1971 2492 et

341 2517 479 2580 induunt
504 2535 539 2580 se
565 2536 678 2581 omnes
702 2521 857 2596 planetis3
886 2523 919 2583 61
945 2523 1125 2586 excalceati
1178 2520 1297 2580 ablutis
1318 2521 1454 2598 pedibus
1469 2522 1514 2582 ibi
1535 2523 1676 2594 indutus,
1691 2523 1775 2583 sicut
1792 2525 1897 2582 moris
1918 2529 1970 2586 est

340 2613 535 2675 ordinantur
550 2615 585 2675 in
609 2617 818 2692 processione
831 2617 872 2677 ab
893 2617 1125 2680 archidiacono
1178 2616 1210 2676 et
1224 2615 1302 2676 alibi
1321 2617 1488 2692 scriptum,
1507 2616 1547 2676 ad
1562 2616 1665 2676 altare
1680 2631 1739 2692 666
1755 2616 1858 2676 missa
1877 2634 1968 2680 can-

338 2709 371 2770 61
393 2709 591 2772 6611166666
611 2711 756 2772 basilicae
778 2713 933 2788 61661666
953 2713 1127 2775 66111666-
1177 2709 1276 2772 16616
1290 2712 1425 2772 6666111.

340 2819 467 2875 uorum,
488 2805 682 2866 habentibus
702 2807 738 2873 16
758 2807 910 2868 manibus
934 2805 1068 2880 ferulas,
1090 2812 1126 2872 61
1215 2807 1264 2866 65.
1289 2807 1475 2867 Notandum
1502 2805 1661 2882 siquidem
1695 2805 1779 2881 quod
1809 2821 1896 2866 unus
1924 2808 1969 2868 de
2037 2859 2039 2870 ,

341 2900 492 2973 superius
515 2899 550 2962 in
568 2901 643 2963 aliis
664 2901 929 2978 processionibus
944 2903 994 2963 est
1013 2919 1126 2965 narra·
1177 2900 1385 2962 subdiaconis
1399 2902 1432 2961 et
1443 2902 1527 2962 alter
1540 2901 1581 2961 de
1593 2901 1765 2976 acolythis
1777 2903 1874 2976 juxta
1890 2903 1965 2962 dis-
2036 2899 2041 3032 p

344 2994 421 3065 turn,
438 2995 625 3070 primicerio
637 2997 797 3072 praesente
810 3012 884 3058 cum
897 3012 958 3058 666
969 2998 1081 3062 schola
1093 3001 1125 3061 61
1176 2995 1369 3070 positionem
1381 2995 1501 3071 prioris
1513 2994 1668 3065 basilicae,
1682 2994 1860 3055 161661166
1875 3013 1968 3056 sum·

341 3103 436 3148 suum
460 3089 601 3150 odicium
616 3095 800 3162 exercente,
822 3092 906 3153 sicut
920 3095 1072 3156 66666611
1089 3095 1124 3154 16
1176 3106 1228 3151 mo
1242 3105 1338 3150 mane
1349 3089 1434 3165 apud
1456 3089 1603 3148 sanctum
1625 3090 1768 3160 Petrum,
1783 3091 1872 3152 etibi
1885 3107 1964 3151 cum

340 3182 477 3245 collecta
495 3203 503 3243 ε
522 3185 633 3261 sicque
652 3187 939 3263 processionaliter
952 3190 1123 3252 ecclesiam
1176 3201 1241 3246 uno
1255 3186 1295 3245 ds
1309 3184 1478 3244 scrinariis
1490 3183 1634 3244 existens
1649 3184 1792 3245 seribere
1805 3186 1963 3246 universa

339 3280 472 3350 exeunt,
496 3282 712 3343 6666666666
727 3284 882 3346 Laurenti
901 3284 1123 3348 6661666666
1175 3280 1308 3342 nomina
1326 3278 1550 3348 ecclesiarum,
1571 3295 1644 3354 quae
1664 3293 1737 3338 cum
1754 3279 1906 3340 crucibus
1920 3281 1963 3340 ad

341 3375 554 3448 praecedente,
570 3377 733 3439 61161616
755 3394 852 3440 66666
869 3381 989 3442 sanctae
1009 3383 1123 3442 Mariae
1174 3375 1321 3436 eamdem
1336 3373 1508 3434 ecclesiam
1522 3374 1683 3434 66666661
1694 3374 1962 3450 inprocessione.

339 3471 485 3546 Majoris,
508 3487 580 3548 quae
603 3473 643 3532 de
660 3474 895 3536 consuetudine
914 3476 980 3537 diei
994 3477 1069 3538 talis
1082 3479 1123 3539 ad
1176 3469 1349 3532 Sciendum
1363 3470 1522 3545 praeterea
1533 3469 1618 3545 quod
1630 3483 1833 3545 unaquaeque
1847 3471 1963 3530 66616-

337 3565 510 3626 ecclesiam
523 3567 776 3630 Lateranensem
799 3570 894 3632 debet
913 3571 1026 3633 atlorri
1043 3574 1123 3636 :ter-
1175 3566 1235 3638 sia,
1252 3581 1324 3642 (111ae
1345 3565 1459 3626 sudem
1480 3565 1534 3625 die
1554 3564 1660 3640 pergit
1673 3565 1965 3639 processiOnaliter

336 3660 382 3721 na
410 3660 514 3722 fertur
539 3677 622 3724 crux
649 3666 796 3740 ejusaem
819 3667 967 3728 666666
992 3669 1124 3729 catera·
1174 3661 1259 3738 arud
1274 3661 1422 3722 sanctum
1440 3661 1583 3730 Petrum,
1604 3658 1841 3735 presbyterium
1861 3659 1965 3720 habet

338 3755 462 3817 nensis:
484 3757 563 3818 Post
583 3755 643 3817 has
664 3773 743 3819 6666
765 3775 846 3820 crux
861 3761 1051 3835 quotidiana
1069 3761 1124 3822 do·
1173 3757 1214 3816 de
1232 3757 1272 3815 25
1291 3756 1347 3815 lib.
1364 3756 1450 3826 den„
1465 3771 1537 3831 quae
1563 3754 1603 3815 de
1624 3753 1721 3814 altari
1744 3754 1849 3814 sancti
1871 3756 1963 3815 Petri

335 3851 417 3914 mini
441 3854 538 3928 Papae
564 3873 571 3911 :
597 3853 645 3913 616
669 3855 779 3914 661666
802 3853 952 3918 teruntur
974 3853 1122 3918 ordinate
1173 3851 1305 3926 propter
1323 3849 1386 3908 hoc
1403 3849 1619 3924 accipiuntur.
1644 3848 1965 3910 1161666616666661-

336 3961 440 4024 usque
454 3947 494 4008 ad
508 3949 656 4009 sanctum
671 3951 828 4010 Marcum.
1173 3944 1250 4004 trati
1273 3943 1490 4019 quadraginta
1515 3943 1575 4002 sol.
1602 3943 1637 4004 in
1664 3942 1877 4020 presbyterio,
1904 3947 1964 4020 qui

376 4041 1121 4118 14.(166666166616661666Ρ66666666116666
1174 4039 1326 4098 similiter
1340 4037 1379 4098 16
1394 4037 1549 4112 praedicto
1564 4037 1661 4099 altari
1673 4038 1844 4110 habentur,
1861 4041 1894 4100 et
1907 4041 1967 4100 in-

337 4135 546 4211 processione
560 4134 600 4193 ad
616 4134 788 4195 ecclesiam
810 4138 913 4197 sancti
935 4139 1119 4212 Clementis,
1172 4135 1223 4195 ter
1246 4149 1358 4194 omnes
1383 4133 1519 4209 aequalis
1540 4133 1761 4209 proportionis
1787 4134 1967 4196 libramine

338 4229 385 4292 ibi
408 4229 547 4305 quiescit
569 4228 717 4300 inlecto,
740 4233 943 4306 superposito
964 4232 1072 4309 tapeto
1090 4236 1123 4297 61
1173 4230 1373 4292 dividuntur.
1399 4229 1479 4289 Item
1499 4229 1683 4288 cardinales
1704 4229 1827 4290 mitrati
1842 4229 1967 4289 solum-

338 4323 450 4386 herbis
479 4324 731 4400 circumquaque
758 4325 884 4401 positis,
912 4343 984 4404 qnae
1013 4331 1121 4392 tamen
1173 4326 1267 4386 modo
1290 4341 1363 4386 cum
1387 4323 1574 4399 primicerio
1591 4324 1623 4384 et
1637 4323 1749 4384 schola
1771 4341 1831 4384 sua
1846 4327 1965 4386 canto-

337 4417 451 4478 16616
467 4418 595 4479 61661616
608 4420 753 4496 ejusdem
768 4421 916 4483 ecclesiae
934 4426 1040 4486 sancti
1054 4427 1123 4488 Cle-
1172 4438 1256 4492 rum,
1277 4421 1310 4480 61
1327 4418 1611 4490 subdiaconorum,
1631 4420 1663 4480 et
1680 4420 1793 4481 schola
1806 4421 1914 4480 666616
1928 4423 1965 4482 61

337 4513 467 4574 mentis.
492 4515 668 4590 Postquam
689 4531 767 4576 6666
788 4517 959 4592 quieverit,
983 4535 1121 4596 surgens
1173 4515 1334 4592 acolythis
1359 4516 1396 4574 10
1417 4514 1476 4576 sol.
1491 4513 1613 4574 habent
1630 4514 1743 4574 eadem
1757 4514 1966 4592 116166666-

336 4609 428 4674 66111
448 4609 604 4688 praedicto
627 4610 721 4674 modo
750 4627 852 4689 nsque
882 4614 923 4674 ad
949 4617 1120 4676 ecclesiam
1173 4612 1259 4671 11616
1278 4609 1388 4682 611661,
1409 4609 1464 4686 qui
1487 4608 1598 4670 taliter
1616 4609 1806 4670 1161166166
1824 4625 1842 4669 6
1858 4611 1964 4686 661661

336 4707 459 4768 sanctae
474 4705 702 4768 Mariae-Novae
730 4727 738 4766 r
770 4707 826 4768 ubi
852 4708 930 4786 dum
964 4709 1120 4784 praedicto
1173 4707 1311 4766 diacono
1327 4705 1497 4774 cardinali,
1515 4704 1549 4765 in
1559 4705 1652 4780 cujus
1665 4719 1764 4764 manu
1775 4705 1962 4766 traduntur.

335 4801 431 4864 modo
444 4800 592 4876 quiescit,
607 4818 692 4862 nnus
705 4801 744 4864 de
757 4803 868 4864 schola
882 4804 995 4864 Crucis
1013 4806 1123 4867 cantat
1173 4802 1235 4862 Dat
1255 4801 1364 4876 itaque
1384 4800 1419 4860 in
1443 4799 1557 4875 primis
1574 4798 1773 4875 presbyteris
1788 4799 1966 4862 cardinali-

336 4896 495 4962 litaniam.
536 4899 679 4971 Surgens
711 4899 818 4973 pergit
840 4898 995 4974 praedicto
1026 4901 1121 4961 modo
1172 4895 1233 4956 bus
1255 4899 1294 4956 22
1319 4897 1406 4966 den,
1436 4894 1553 4955 161616
1577 4894 1724 4958 diaconis
1739 4895 1965 4957 cardinalibus

270 5059 273 5068 ,
335 5007 438 5072 usque
457 4991 497 5050 ad
512 4991 684 5053 ecclesiam
702 4993 806 5053 sancti
820 4994 934 5064 Marci,
954 4992 1021 5066 ubi,
1038 4995 1122 5057 sicut
1172 4993 1320 5064 26166,
1350 4989 1964 5068 6661666611166661622166.,661-

367 5119 407 5192 (1)
420 5121 458 5176 La
474 5117 639 5191 processioa
654 5117 705 5173 166
720 5119 843 5190 grandes
857 5120 991 5188 Limnias,
1008 5134 1044 5177 au
1056 5121 1122 5194 jour
1173 5118 1229 5186 scs,
1247 5118 1453 5200 lescapuoins,
1470 5117 1511 5173 les
1533 5116 1751 5206 Hieronymites.
1762 5118 1803 5174 les
1818 5118 1963 5189 1116166666,

333 5187 367 5244 16
383 5193 410 5244 S.
425 5191 543 5246 Marcet
557 5188 773 5258 desitogations
791 5187 912 5243 66116116
928 5204 977 5259 666
1000 5191 1026 5244 16
1046 5191 1118 5250 1116-
1173 5187 1420 5245 166166166666616
1436 5187 1464 5242 S.
1481 5189 1624 5266 16666666,
1646 5189 1687 5243 166
1705 5188 1905 5268 (6666616616,
1922 5190 1964 5246 les

334 5257 448 5327 pitredc
464 5260 491 5314 S.
520 5259 614 5314 Piorre
639 5254 710 5312 1616
727 5255 1062 5326 1666666166661;66116
1083 5261 1120 5318 16
1174 5260 1298 5314 11166666
1321 5256 1534 5333 0166666161666,
1557 5257 1598 5311 166
1617 5259 1782 5338 Augustius,
1799 5257 1965 5338 lesGrunds

333 5323 427 5448 6166·ἕὸ
435 5324 802 5396 11661616,1666116666661
814 5325 915 5392 166616,
925 5327 1040 5383 marche
1050 5327 1121 5388 dans
1173 5329 1299 5386 1666666,
1316 5324 1357 5380 166
1372 5325 1505 5390 Sarritor,
1523 5325 1562 5380 166
1585 5325 1963 5390 1666666666166116166-

335 5394 383 5452 r'or
404 5408 433 5448 re
455 5395 565 5450 suivant
580 5412 586 5450 :
601 5395 642 5450 les
661 5393 822 5468 Orphulins,
845 5393 886 5450 les
907 5396 1054 5476 Religioni
1069 5397 1118 5454 dd·
1175 5397 1262 5452 ciens.
1276 5393 1517 5461 testamentales,
1533 5394 1558 5450 16
1573 5393 1729 5452 8166166166
1744 5394 1866 5454 6666616.
1989 5449 1993 5481 3

333 5461 469 5524 61666616
488 5461 523 5518 16
542 5464 567 5519 16
587 5462 1117 5536 1161166666,16616666116616616666-
