4106 6422
261 340 300 398 47

263 517 388 580 Deinde
401 516 662 594 praecedentibus
678 513 714 574 in
732 512 846 573 ordine
861 527 933 584 suo,
953 510 1060 570 16161-
1095 527 1097 530 ·

264 631 327 676 666
340 618 430 692 Ρ666
448 614 544 675 66116
561 612 698 690 pedihus
716 627 790 672 cum
811 607 993 686 psalmodia
1006 621 1060 666 se-

263 713 374 790 quitur
390 712 634 790 processionem
652 724 755 786 usque
772 707 812 768 61
828 707 981 768 Sanctam
999 707 1061 764 Sa-

263 809 375 870 binam
384 807 444 888 (1),
454 811 486 871 et
497 809 606 887 ipsum
620 805 776 884 66666111
788 819 951 872 eruxsua,
961 817 1060 879 quam

264 907 373 985 portat
409 923 494 967 unus
527 906 567 967 de
604 903 858 966 subdiaconibus
900 900 995 972 suis;
1029 899 1062 959 et

265 1021 350 1066 66611
362 1005 467 1065 sancti
481 1003 582 1071 Petri,
597 1017 695 1079 quam
709 999 817 1078 portat
828 1000 920 1076 prior
933 995 1062 1058 subdia·

265 1117 368 1162 conus
381 1101 601 1176 regionarius,
616 1101 761 1176 Cumque
774 1095 948 1158 intraverit
961 1094 1063 1154 eccle-

265 1199 360 1268 siam,
374 1199 477 1260 intrat
489 1197 722 1269 secretarium·
735 1197 767 1257 et
779 1192 1062 1272 mappulariorum

266 1297 298 1358 et
311 1296 589 1358 cubiculariorum
608 1295 722 1356 schola
738 1293 861 1354 habent
876 1291 923 1351 ibi
942 1305 1062 1366 aquam

266 1394 409 1456 calidam
418 1395 569 1472 paratam
582 1391 622 1452 61
636 1391 815 1452 abluendos
833 1389 932 1467 pedes
944 1387 1060 1465 ipsius.

308 1493 358 1551 16.
371 1490 634 1550 Sciendumvero
654 1489 714 1555 est,
725 1487 853 1563 quodin
863 1486 1065 1547 1616611666-

268 1587 379 1648 clasiae
412 1586 558 1662 acolythi
594 1584 713 1644 debent
745 1583 894 1658 recipere
932 1597 1063 1641 crucem

245 1696 248 1702 ·
269 1683 375 1745 sancti
388 1683 489 1750 Petri,
504 1682 537 1742 et
549 1681 681 1758 portant
696 1695 799 1755 usque
817 1679 857 1739 ad
871 1679 976 1738 altare
990 1691 1064 1736 curn

270 1779 482 1842 subdiaconis
501 1777 702 1853 regionariis
728 1775 879 1837 faciendo
901 1774 1062 1835 litaniam.

269 1879 309 1940 Et
327 1877 464 1954 pedibus
485 1876 617 1944 61116116,
642 1875 793 1936 dominus
813 1877 903 1950 Papa
929 1873 1064 1949 paratus

269 1976 310 2036 ad
324 1975 428 2036 altare
441 1973 578 2034 aceedit.
594 1973 745 2034 6166666
759 1973 799 2032 de
816 1987 907 2032 more
920 1968 1063 2037 cantata,

269 2071 475 2150 palafredum
495 2071 654 2139 ascendit,
674 2073 705 2132 et
722 2071 763 2130 ad
781 2069 939 2146 palatium
957 2082 1065 2128 66666-

269 2171 361 2232 titur.
468 2231 471 2238 ,

310 2269 625 2348 1111616161666666
640 2266 1067 2346 66666616166116166616-

269 2373 432 2440 6116111661,
458 2367 663 2428 camerarius
691 2363 907 2442 repraesentat
935 2363 1067 2422 dominc

270 2467 369 2541 Papae
403 2465 438 2524 in
468 2479 600 2524 camera
630 2477 741 2524 rosam
772 2477 909 2522 auream
918 2458 965 2540 (2)
993 2475 1067 2520 61161

270 2578 383 2622 616666
407 2562 440 2622 61
462 2561 610 2622 16166166
637 2582 644 2620 :
671 2575 769 2636 qnam
800 2559 953 2620 dominus
978 2559 1068 2633 Papa

270 2660 379 2736 portat
397 2660 432 2719 16
452 2675 552 2719 61666
573 2659 707 2735 6666616
728 2656 887 2734 usquead
913 2653 1068 2716 Sanctam

271 2757 420 2826 Crucem,
434 2757 490 2816 ubi
503 2773 542 2817 ea
556 2755 608 2816 die
621 2756 717 2816 debet
729 2756 863 2815 missam
877 2753 1045 2814 celebrare
1060 2773 1067 2811 ε

272 2854 421 2915 eamdem
434 2853 585 2913 deferens
597 2855 632 2912 in
644 2853 835 2913 reversione
849 2867 908 2910 sua
917 2849 1071 2910 similiter

274 2964 378 3024 usque
391 2949 432 3008 ad
445 2949 554 3008 locum
569 2949 604 3006 16
622 2963 686 3024 quo
705 2947 884 3013 deseendit,
906 2945 962 3005 ubi
976 2945 1072 3005 debet

274 3061 351 3106 esse
362 3044 547 3120 praefectus,
571 3045 625 3104 661
638 3044 790 3104 dominus
808 3047 898 3118 Papa
919 3043 997 3104 1666
1017 3042 1072 3102 161

274 3158 384 3203 666616
404 3142 521 3217 ipsam,
544 3141 576 3202 61
595 3141 709 3200 eadem
734 3141 786 3200 116
814 3140 922 3216 666161
941 3139 1072 3199 mitram

274 3237 529 3300 aurifrixiatam.
547 3238 722 3298 Sciendum
736 3239 784 3298 est
801 3237 886 3314 quod
905 3237 977 3313 ipsa
990 3237 1072 3298 hora

275 3352 340 3414 qua
361 3336 564 3396 camerarius
584 3336 800 3411 repraesentat
824 3350 946 3402 rosam,
967 3333 1074 3394 ‹lomi-

275 3449 338 3495 nus
352 3437 441 3512 Papa
455 3433 551 3494 debet
566 3433 716 3509 accipere
729 3433 862 3494 mitram
879 3431 1074 3493 aurifrixia-

275 3532 353 3595 tam.

377 3795 432 3854 IX.
446 3789 971 3868 11611661161661116166166(6).

319 3979 367 4039 18.
379 3978 438 4038 Die
462 3975 627 4036 dominica
654 3975 843 4034 Palmarum
868 3967 1076 4047 praeparatur

279 4073 443 4152 quoddam
460 4071 677 4148 portatorium
695 4068 938 4136 honestissime,
962 4066 996 4125 ih
1011 4079 1075 4140 quo

279 4169 511 4232 intromittitur
523 4167 672 4225 sanctam
686 4163 913 4238 Evangelium,
928 4161 1013 4239 quod
1029 4162 1077 4221 16-

279 4266 442 4342 telligitur
463 4263 613 4324 Christus
639 4261 702 4322 :et
733 4261 888 4322 statuitur
908 4261 942 4320 16
969 4259 1077 4321 66616-

280 4365 330 4424 sia
341 4361 387 4442 (3)
409 4362 486 4422 6616
505 4376 608 4432 aram,
633 4358 843 4420 6616616666
860 4373 1075 4435 processurus

280 4462 341 4522 est.
362 4459 486 4521 Deinde
506 4457 694 4520 adunantur
712 4456 830 4534 palmae
850 4455 1077 4527 6111666661-

281 4559 488 4638 6661166666
503 4571 625 4633 genera
643 4552 844 4635 [frondium]
860 4553 987 4615 Dicitur
1000 4569 1078 4614 ora-

278 4653 1077 4732 116,01661661666116666616616666611111661

281 4757 583 4818 11116111166116166
603 4752 761 4812 nostrum
777 4765 844 4824 pro
865 4752 960 4810 nobis
983 4764 1078 4808 6166-

282 4857 352 4916 tem
372 4852 511 4928 perpeti
527 4853 671 4912 sineres.
705 4847 861 4926 Sequitur
890 4845 1076 4906 benedictio

291 5047 294 5054 .
317 5001 358 5084 (1)
380 4998 591 5058 sainte-Sabine
611 5005 654 5055 661
668 5010 772 5054 encore
801 4995 891 5068 eglise
915 4995 1075 5062 6161166616,

281 5073 308 5131 16
334 5089 385 5129 666
400 5072 451 5129 166
466 5069 602 5130 Cendros.

318 5089 360 5216 11)
381 5145 419 5199 La
435 5155 500 5198 rose
516 5141 588 5209 166,
612 5137 740 5194 destinae
759 5135 775 5194 i
795 5151 834 5195 66
857 5136 954 5209 661666
976 5134 1074 5192 661116-

280 5205 1075 5288 1166666166666666663616116661661666161166,

282 5291 327 5342 661
346 5281 443 5339 benite
464 5295 501 5337 au
525 5283 616 5355 661616
642 5279 829 5352 apostolique,
850 5276 866 5335 a
887 5279 914 5334 la
935 5277 1076 5346 66666116,

283 5353 408 5412 arentia
425 5365 529 5420 messe,
546 5353 609 5423 puis
624 5347 748 5423 exposde
760 5365 808 5406 sur
823 5349 928 5405 166161.

319 5425 359 5498 (a)
381 5422 459 5482 Nihil
486 5421 532 5477 hic
550 5421 651 5478 dicitur
672 5421 707 5478 de
729 5420 848 5478 sabbato
867 5427 933 5476 6616
952 5418 1076 5488 Palmae,

283 5510 339 5569 quo
355 5493 534 5567 potissimum
546 5491 591 5549 die
610 5491 740 5550 Pontifex
752 5492 964 5562 eleemosynam
982 5487 1078 5546 tribuit

283 5567 312 5623 16
326 5564 494 5622 memoriam
507 5560 572 5619 16611
583 5563 679 5620 116616
694 5563 800 5618 6666616
810 5561 919 5628 Lazari,
929 5574 993 5630 qum
1012 5566 1078 5616 6616

283 5651 333 5694 sex
355 5635 417 5692 1166
437 5633 553 5690 Paschae
577 5634 657 5690 unxit
678 5631 766 5703 pedes
786 5631 908 5688 Domini.
926 5629 992 5688 ldeo
1018 5629 1078 5685 haec

282 5705 393 5766 sabbati
408 5703 753 5772 11666616116666611166
768 5707 856 5770 66661,
872 5709 900 5760 61
916 5699 1000 5760 habet
1015 5700 1074 5757 vul·

868 327 1043 392 HONORH
1064 329 1109 390 ΙΙΙ
1131 331 1278 394 OPERA.

1875 335 1928 393 48

1114 511 1297 588 palmarum
1311 531 1369 576 seu
1387 516 1563 589 frondium,
1585 519 1927 592 06161661666116116

1115 613 1259 673 Christe.
1291 613 1350 673 His
1381 613 1495 686 finitis,
1530 614 1651 676 dantur
1676 631 1695 675 a
1719 613 1925 675 custodibus

1114 708 1232 784 palmae
1250 710 1536 788 :accipientesque
1556 712 1669 788 populi
1687 727 1798 772 ramos
1818 710 1925 771 arbo-

1114 821 1187 865 rum
1202 805 1376 880 olivarum,
1397 809 1467 870 sive
1485 808 1615 878 horum,
1634 809 1811 870 inchoatur
1823 809 1926 868 anti·
2020 823 2021 828 ¹

1115 903 1237 980 phona,
1258 909 1369 966 Pueri
1389 910 1629 968 Hebraeorum.
1654 905 1778 968 Deinde
1804 905 1925 966 susci·
2016 968 2019 995 Ι

1115 1000 1204 1076 61166
1235 1017 1255 1061 6
1291 1002 1440 1064 11666616
1471 1003 1663 1080 praedictum
1694 1003 1924 1080 portatorium

1116 1113 1191 1157 cum
1222 1100 1410 1175 evangelio,
1455 1099 1642 1178 bajulantes
1682 1118 1757 1162 6616
1785 1101 1921 1177 ingenti
2013 1076 2021 1101 '

1116 1195 1319 1258 exultatione
1340 1201 1457 1275 jugum
1481 1199 1603 1260 Christi
1632 1215 1745 1267 suave,
1770 1199 1803 1260 61
1829 1215 1924 1260 6666

1118 1295 1189 1370 ejus
1212 1293 1295 1363 leve,
1316 1297 1522 1372 praecedente
1541 1313 1628 1374 aqua
1647 1297 1820 1358 benedicta
1838 1313 1925 1358 cum

1118 1391 1327 1453 candelabris
1342 1395 1440 1471 atque
1456 1394 1732 1472 thymiamateriis
1751 1409 1825 1456 enm
1838 1395 1925 1454 aliis

1119 1491 1320 1552 ornamentis
1335 1513 1342 1551 ε
1358 1493 1495 1570 1666666
1506 1495 1605 1554 611661
1622 1493 1784 1555 laieorum
1801 1491 1924 1552 schola

1119 1600 1192 1644 cum
1217 1588 1349 1648 vexillis
1378 1591 1475 1666 atque
1507 1607 1581 1652 curn
1612 1589 1787 1652 fanonibus
1818 1589 1927 1664 longe

1119 1685 1297 1757 praeeunte.
1321 1687 1468 1748 Exeunte
1492 1689 1580 1748 enim
1607 1689 1769 1750 cleroseu
1794 1687 1925 1764 populo
2013 1690 2023 1752 't

1119 1778 1160 1838 ab
1173 1780 1325 1850 ecclesia,
1349 1783 1525 1845 inchoatur
1541 1786 1733 1861 antiphona,
1753 1789 1838 1846 0166
1855 1801 1928 1858 ap·
2010 1800 2013 1813 ·

1116 1880 1370 1952 propinquaret
1397 1883 1523 1954 Jesns;
1546 1898 1610 1959 qna
1642 1883 1746 1952 finita,
1782 1882 1928 1943 inchoat
2016 1863 2023 1958 'p

1120 1973 1234 2035 schola
1270 1977 1503 2053 antiphonam,
1543 1981 1729 2054 0666661611
1770 1994 1928 2050 616666,·
2022 1963 2023 2026 Ῑ

1120 2072 1209 2144 item,
1223 2076 1308 2134 0661
1320 2077 1488 2148 credisset·
1501 2076 1591 2145 item,
1601 2077 1927 2152 appropinquante.
2022 2137 2023 2148 ,

1122 2171 1201 2230 Cum
1214 2171 1488 2246 ingressihrerint
1498 2173 1787 2241 atriumecclesiae,
1798 2173 1933 2233 dicitur
2022 2193 2023 2248 p

1121 2271 1386 2345 responsorium,
1401 2273 1793 2347 Inpredieatebombm·
1817 2270 1929 2339 item,
2007 2266 2023 2342 't

1123 2369 1352 2443 Collepertozt;
1365 2369 1453 2439 item,
1472 2371 1563 2428 Unica
1581 2369 1696 2428 6111161.
1713 2365 1911 2443 (16111661)
2022 2353 2023 2376 ¹

1164 2465 1421 2536 1911616116,
1445 2466 1521 2526 ante
1543 2464 1663 2525 atrium
1686 2462 1837 2523 eeclesiae
1862 2479 1930 2524 seu
2013 2524 2018 2545 ι

1124 2561 1196 2623 loeo
1208 2564 1411 2640 competente
1422 2561 1776 2624 subsistitscholacum
1789 2559 1929 2621 baculis
2022 2639 2023 2646 ἵ

1125 2661 1157 2721 61
1165 2661 1293 2738 reliquo
1303 2661 1422 2723 ornatu
1437 2683 1444 2721 :
1461 2662 1493 2722 et
1506 2659 1614 2720 clerus
1628 2674 1687 2720 seu
1700 2657 1840 2734 populus
1854 2675 1927 2718 ex·
2022 2647 2023 2668 ¹

1125 2761 1274 2834 spectant
1292 2761 1327 2820 in
1349 2760 1421 2820 loco
1441 2758 1530 2830 atrii,
1545 2757 1740 2818 inchoantes
1761 2755 1932 2832 antipho-e

1125 2869 1213 2922 nam,
1229 2856 1431 2915 Occurrunt.
1447 2852 1635 2930 Respondet
1647 2851 1760 2912 schola
1773 2867 1847 2911 cum
1860 2867 1929 2911 an·
2022 2833 2023 2856 ¹

1126 2950 1274 3024 tiphona,
1285 2953 1369 3010 Cum
1384 2954 1525 3024 carpetis.
1538 2953 1607 3010 Hac
1628 2949 1732 3018 linita,
1745 2948 1930 3010 inchoatur

1127 3061 1147 3106 a
1169 3045 1296 3105 duobus
1316 3046 1506 3106 cantoribus
1526 3047 1659 3122 quidam
1681 3063 1796 3108 versus
1818 3048 1927 3106 Israel
2015 3076 2020 3101 .

1128 3143 1925 3228 suprascriptumerangelinmsanetumfltorto,

1128 3247 1203 3302 tons
1215 3243 1248 3302 et
1263 3246 1371 3303 horror
1391 3243 1449 3303 1111
1461 3245 1517 3315 stt,
1531 3259 1599 3304 rac
1612 3245 1745 3305 Christe
1764 3245 1930 3315 redemp-
2020 3269 2021 3286 1

1130 3340 1195 3400 166.
1210 3342 1256 3400 Eo
1269 3340 1384 3400 ordine
1398 3342 1580 3418 sequuntur
1594 3341 1652 3402 alii
1665 3357 1792 3402 versus¹

1168 3440 1217 3498 20.
1236 3438 1294 3498 llis
1313 3437 1425 3506 fmitis,
1441 3438 1557 3515 incipit
1580 3438 1692 3499 schola
1710 3454 1783 3499 6616
1796 3437 1928 3499 baculis

1129 3537 1355 3614 antiphonam,
1377 3540 1487 3598 Pueri
1514 3539 1743 3599 Hebrmortoa
1762 3535 1821 3596 :et
1846 3535 1929 3595 tune

1129 3636 1308 3713 prosternit
1329 3636 1436 3696 omnis
1449 3635 1540 3711 plebs
1549 3633 1853 3694 hincindefrondes
1866 3649 1928 3692 seu

1131 3733 1240 3801 flores,
1264 3733 1476 3793 decantantes
1501 3733 1733 3808 antiphonam,
1758 3735 1928 3792 Hosonno
2022 3805 2023 3810 ἵ

1129 3833 1216 3891 Filio
1229 3832 1350 3896 1166161,
1365 3845 1468 3904 usque
1484 3829 1524 3888 ad
1538 3828 1642 3890 altare
1658 3851 1664 3888 :
1679 3828 1712 3888 61
1733 3827 1780 3887 616
1801 3827 1930 3887 1616661

1130 3927 1171 3986 61
1198 3927 1344 3986 missam.
1369 3926 1513 3986 Ministri
1540 3942 1619 3986 vero
1654 3925 1767 3987 tenent
1799 3924 1928 4001 palmas

1131 4039 1235 4100 usque
1250 4023 1291 4084 ad
1304 4013 1556 4098 completionem
1570 4023 1690 4082 missae.
1704 4021 1930 4082 intermittunt

1131 4121 1234 4199 aliqui
1254 4121 1485 4182 salutationem
1505 4121 1540 4180 16
1560 4119 1929 4188 Ρ6661666,116611)ο-

1130 4222 1439 4287 6116116661166166,
1456 4219 1541 4295 quod
1557 4234 1623 4278 non
1642 4218 1764 4292 legitur
1776 4217 1810 4277 16
1825 4217 1927 4276 Ordi-

1131 4316 1239 4385 nibus,
1257 4317 1313 4376 scd
1335 4317 1370 4375 16
1383 4319 1568 4376 Parasceve
1582 4315 1721 4383 tantum,
1736 4313 1792 4374 ubi
1807 4313 1931 4374 retice-

1130 4415 1185 4475 tur
1199 4415 1342 4478 oflicium
1357 4413 1572 4475 sacerdotale.

1155 4593 1196 4652 x.
1219 4593 1269 4652 De
1280 4591 1372 4664 serta
1384 4588 1511 4663 666616
1522 4587 1667 4659 tardioris
1679 4587 1905 4646 1611616616».

1170 4746 1219 4806 21.
1234 4743 1330 4806 Feria
1341 4742 1458 4818 quarta
1470 4739 1604 4816 majoris
1620 4735 1833 4798 hebdomadae
1846 4735 1928 4796 hora

1130 4843 1227 4903 tertia
1234 4833 1928 4918 procedithpostolicnscumomnicleroseu

1131 4999 1216 5064 gatus
1237 4991 1384 5058 hicuinus,
1403 5003 1459 5044 oco
1478 4992 1571 5044 166166
1589 5003 1608 5042 6
1626 4985 1807 5042 celebratione
1825 4983 1926 5050 161666,

1132 5078 1195 5134 qum
1206 5077 1240 5118 ex
1251 5059 1477 5134 praecedentibus
1491 5053 1925 5129 166116166611166.1616661666)

1132 5133 1234 5190 eodem
1264 5131 1310 5188 116
1325 5127 1518 5188 distribuendo
1535 5129 1600 5200 lege
1622 5126 1852 5183 66616661661661
1871 5138 1920 5179 66-

1132 5213 1232 5262 strum.
1244 5205 1304 5259 166
1318 5209 1402 5273 66661
1412 5215 1477 5256 oum
1493 5205 1630 5270 sequente
1645 5197 1747 5254 insola
1762 5195 1860 5252 codice
1879 5209 1921 5250 re·

1132 5276 1181 5348 gio
1194 5274 1366 5330 invenimus.

1169 5345 1209 5417 (3)
1243 5345 1265 5402 ll
1288 5343 1346 5399 1661
1367 5339 1505 5398 66166116
1528 5339 1565 5396 161
1591 5337 1922 5398 Salat-lean-dehatran.

1132 5415 1205 5474 C’est
1225 5409 1437 5471 maintcnaotb
1460 5412 1485 5467 la
1502 5409 1583 5466 basili
1605 5425 1640 5468 66
1662 5410 1801 5468 Vaticano
1826 5409 1924 5478 66616

1132 5490 1208 5559 Pape
1220 5485 1298 5542 benit
1310 5491 1338 5540 et
1352 5481 1487 5539 distribue
1502 5483 1544 5538 les
1555 5425 1672 5554 paimes.
1688 5481 1766 5538 Dans
1778 5479 1803 5534 la
1815 5493 1924 5558 proces-

1132 5558 1206 5625 6166,
1222 5552 1446 5612 l'ambassadeur
1461 5553 1496 5610 16
1512 5555 1629 5618 Franco,
1648 5557 1745 5606 166661
1764 5550 1790 5606 16
1804 5548 1924 5619 palmea

1133 5629 1157 5684 la
1172 5628 1261 5696 maia,
1275 5624 1389 5684 marche
1405 5627 1510 5682 661116
1525 5621 1563 5680 16
1577 5637 1660 5695 corps
1676 5619 1888 5694 diplomatiqne.
