4076 6420
334 125 396 187 'td't
801 117 979 192 noscitu
1000 116 1046 180 111
1066 113 1216 188 opalis.
1230 143 1272 160 -
1286 113 1520 178 SERMONES.
1948 121 1993 180 tce

334 282 465 358 tempus
475 275 536 340 sub
547 276 891 356 legeabloyseusque
901 275 943 338 ad
952 276 1130 338 adventum
1185 273 1264 353 quia
1295 273 1332 336 in
1367 272 1532 352 principio
1566 272 1799 337 conversionis
1833 273 1900 334 vel
1924 273 2001 352 bap

335 375 470 450 Christi,
483 378 613 454 tempus
633 376 751 454 gratia
770 374 812 436 ab
840 375 986 436 adventu
1008 373 1130 435 Christi
1184 371 1275 434 tismi
1288 371 1490 434 condtentur
1504 374 1607 434 Deum
1620 388 1695 434 esse
1712 372 1919 434 Dominum.

335 491 441 553 usque
453 474 495 536 ad
509 475 608 536 duem
623 473 748 534 mundi.
765 473 842 534 Ideo
853 488 932 550 ergo
942 472 1049 535 voluit
1062 473 1131 532 Do-

335 573 624 650 minusapparere
643 571 762 634 tertius
776 570 956 652 interillos
972 570 1074 642 duos,
1095 569 1131 631 ut
1540 593 1633 682 XVI

336 670 527 734 ostenderet
550 685 587 731 se
605 669 782 732 Dominum
796 669 957 747 praeteriti
971 668 1131 746 temporis

336 768 511 847 praeseltt'ls
531 768 566 829 et
581 765 696 828 futuri.
712 767 846 839 Quarta,
861 767 898 828 ut
912 765 1050 828 haberet
1061 767 1132 828 tes-
1187 791 1233 852 IN
1255 789 1585 862 QUADRAGESIMA
1605 791 1816 852 DOMINICA
1834 792 1991 853 Tflffffl

335 865 509 928 timonium
521 865 599 927 novi
612 865 645 926 et
660 865 782 928 veteris
803 863 1016 937 Testamenti,
1041 865 1075 926 et
1096 864 1132 926 ut

336 963 525 1027 ostenderet
538 978 575 1025 se
586 978 661 1024 esse
675 962 850 1024 Dominum
862 961 1048 1039 utriusqus.
1065 963 1133 1024 Ve-
1224 963 1315 1025 Erat
1325 965 1428 1026 Iesus
1451 965 1592 1036 &murts
1610 965 1837 1036 stremonium,
1863 965 1904 1026 et
1923 967 1990 1025 idue

335 1063 386 1124 nit
394 1061 482 1124 iuter
495 1060 556 1122 illa
568 1060 633 1122 duo
647 1060 856 1132 testamenta,
869 1060 906 1120 in
920 1059 1130 1132 dneveteris,
1186 1060 1265 1122 crat
1277 1061 1424 1122 mutum.
1441 1061 1488 1122 nt
1497 1076 1577 1122 cum
1595 1061 1753 1133 coesset
1765 1063 1989 1130 doenwnwm

336 1159 416 1222 etin
430 1157 684 1236 principiouovi
698 1159 735 1219 ut
748 1157 902 1235 impleret
922 1157 1132 1236 prophetiam
1184 1158 1317 1220 locutus
1330 1158 1383 1218 cst
1396 1157 1525 1231 mutes,
1545 1157 1580 1220 ct
1595 1158 1782 1220 aamsratae
1805 1161 1902 1220 sunt
1925 1159 1990 1219 tur-

337 1256 493 1321 Habaeuc
503 1256 659 1318 dicentis:
671 1259 831 1320 Inmcdto
840 1259 989 1318 duorum
1000 1259 1133 1318 artimo-
1186 1257 1236 1317 bec
1256 1251 1495 1335 (Luc.xr,1l).

336 1356 651 1431 ctumcopnoseere.
661 1355 810 1416 Duorum
818 1353 1025 1423 animalium,
1033 1353 1129 1425 idest,
1226 1353 1347 1414 Curato
1360 1351 1501 1430 quodam
1514 1351 1649 1414 homine
1658 1352 1700 1414 de
1709 1352 1887 1416 daemonio
1901 1353 1989 1416 surde

336 1451 374 1514 in
387 1451 497 1513 medio
509 1449 593 1526 legis
605 1450 638 1511 et
647 1449 896 1527 prophetarum,
908 1450 987 1527 quia
997 1451 1033 1510 in
1043 1453 1131 1526 Lege
1186 1449 1219 1512 et
1228 1450 1318 1511 muto
1333 1465 1354 1511 a
1368 1451 1507 1512 Domino
1522 1450 1708 1524 salvatore,
1725 1450 1839 1512 turbae
1864 1453 1988 1513 mirata

338 1549 372 1610 et
391 1547 561 1625 prophetis
585 1547 735 1610 Christus
757 1548 970 1623 cognoscitur
990 1548 1023 1610 et
1038 1547 1133 1610 vide-
1186 1545 1273 1608 sunt.
1291 1545 1454 1608 Pharisaei
1477 1563 1557 1609 uero
1574 1547 1607 1608 et
1628 1547 1747 1608 scribae
1771 1547 1895 1610 inflati
1912 1551 1988 1616 sunt

337 1645 404 1706 tur.
430 1645 518 1718 Lege
536 1642 640 1704 libros
654 1643 790 1720 Moysis,
803 1643 875 1719 lege
896 1645 1132 1722 prophetarum
1186 1642 1220 1704 et
1231 1641 1367 1715 turbati,
1382 1644 1416 1704 et
1437 1643 1626 1720 praenimia
1647 1643 1776 1706 invidia
1802 1645 1839 1706 et
1867 1644 1988 1706 malitis

338 1740 453 1810 libros,
469 1739 626 1818 quoniam
645 1739 692 1800 ibi
716 1739 882 1802 Christum
900 1741 1062 1815 invenies,
1084 1741 1131 1802 ibi
1185 1737 1455 1816 blasphemantes
1473 1739 1629 1802 dicebant
1650 1739 1761 1818 ipsum
1781 1755 1857 1802 non
1874 1743 1988 1818 poten-

337 1854 414 1904 eum
429 1853 608 1914 cognosces
621 1837 655 1898 et
665 1836 804 1900 videbis.
827 1837 877 1898 lbi
891 1838 981 1899 enim
993 1839 1131 1902 transd-
1185 1835 1234 1898 tia
1248 1851 1318 1897 suae
1327 1835 1521 1909 diuinitatis,
1531 1835 1826 1899 sedinBeelzebub
1839 1839 1983 1907 nomine

337 1936 487 2014 guratur,
517 1934 564 1996 ibi
590 1934 660 1996 suis
681 1934 834 1996 fidelibus
855 1937 928 2013 ey‘us
947 1936 1131 2014 majestatis
1185 1933 1336 2011 principe
1350 1933 1599 2007 daemoniorum
1616 1950 1735 1997 curare
1758 1934 1986 2012 languoreset

337 2033 446 2112 gloria
467 2032 646 2095 revelatur.
678 2031 810 2106 Quinta,
840 2033 877 2096 ut
895 2033 1133 2112 adimpleretur
1186 2029 1308 2107 eiicere
1322 2029 1496 2093 daemonia.
1511 2033 1656 2104 Quorum
1666 2032 1834 2094 invidiam
1845 2035 1884 2094 et
1897 2033 1985 2093 mali-

338 2130 425 2210 quod
439 2131 475 2193 in
490 2132 578 2206 Lege
589 2130 749 2207 scriptum
761 2130 830 2193 est:
849 2134 892 2192 In
904 2146 966 2194 ore
983 2133 1133 2194 ducrum
1185 2127 1266 2188 tiam
1279 2127 1412 2190 intuens
1425 2128 1458 2190 et
1471 2143 1615 2205 arguens
1627 2129 1788 2191 Dominus
1805 2131 1983 2192 secundun

336 2230 400 2293 out
433 2228 542 2290 trium
581 2228 722 2290 testium
754 2229 824 2290 stet
854 2243 955 2291 omne
988 2233 1131 2292 verbum
1186 2223 1273 2300 quod
1287 2224 1385 2286 modo
1399 2225 1540 2288 audistis
1554 2225 1590 2287 in
1604 2225 1745 2288 historia
1760 2226 1870 2304 hujus
1884 2230 1983 2288 Eran-

337 2324 469 2406 (Matth.
491 2341 588 2398 xvru,
609 2323 674 2406 16).
692 2329 861 2399 Duorum,
883 2325 1011 2389 scilicet
1024 2327 1131 2404 Moysi
1185 2320 1494 2396 gehtdixitzsrat
1502 2324 1605 2385 Jeme
1614 2325 1756 2396 anans
1766 2327 1983 2386 doerraonim

336 2424 370 2486 et
389 2422 515 2500 uellam
541 2424 650 2484 crtum
671 2421 773 2495 Petri,
796 2422 935 2496 scilieet,
964 2423 1080 2487 Jacobt
1099 2425 1132 2487 et
1227 2417 1375 2489 Quatuor
1391 2418 1470 2480 sunt
1483 2435 1556 2496 quae
1579 2419 1616 2480 in
1637 2420 1839 2497 evangelica
1854 2422 1985 2484 lectione

336 2521 486 2584 loannis.
509 2523 547 2582 ln
566 2519 630 2582 hoc
650 2517 724 2582 loeo
744 2519 862 2582 Petrus
881 2520 1033 2598 designat
1055 2537 1133 2600 per-
1186 2513 1352 2590 praecipue
1367 2514 1580 2578 considerare
1590 2515 1759 2578 debemus.
1774 2519 1983 2580 Primumosl

336 2633 453 2680 sonam
478 2617 673 2679 Sanctorum
697 2617 754 2695 qui
780 2623 996 2681 assumuntur
1015 2618 1057 2680 ad
1076 2635 1133 2681 re-
1186 2609 1226 2672 de
1250 2611 1412 2688 ejectione
1422 2612 1581 2676 daemonis
1597 2615 1700 2690 muti;
1716 2614 1855 2691 legitur
1878 2617 1917 2678 in
1930 2615 2001 2678 hoc'

336 2731 438 2794 gnum
451 2715 522 2788 Dei,
537 2715 668 2792 quando
679 2713 812 2778 dicunt:
827 2717 959 2778 Meum
975 2717 1053 2778 eret
1064 2731 1130 2778 no-
1186 2709 1479 2784 Evangelioed'rat
1487 2714 1589 2774 lesus
1607 2713 1747 2784 cicens
1762 2715 1984 2782 doeanonium.

221 2857 228 2872 ,
336 2815 387 2874 bis
405 2828 479 2875 esse
497 2816 535 2874 in
550 2816 689 2886 mundo,
709 2815 770 2876 sed
790 2818 913 2876 melius
935 2815 987 2877 est
1005 2829 1080 2878 esse
1094 2819 1132 2877 in
1185 2805 1220 2867 et
1233 2809 1314 2868 tuae
1328 2808 1407 2870 erat
1416 2809 1563 2870 mutum.
1574 2811 1781 2871 Daemonium
1789 2813 1886 2888 quod
1899 2813 1984 2890 ejecit

335 2915 429 2972 eoezo.
443 2908 537 2970 unde
548 2908 697 2972 dicebat:
712 2913 858 2972 nomene
871 2913 995 2974 conum
1007 2913 1131 2975 estnos
1186 2903 1344 2966 Dominus
1366 2906 1465 2968 Jesus
1484 2905 1607 2970 dicitur
1625 2906 1729 2969 ruisse
1750 2911 1900 2983 mutum,
1917 2912 1983 2988 uua

336 3009 392 3070 bic
403 3019 494 3078 essa·
508 3009 541 3066 st
553 3009 618 3077 ets,
634 3007 804 3080 faciamus
817 3009 872 3068 late
886 3009 1132 3072 trtataoema.
1186 2998 1330 3063 iaciebat
1349 3002 1528 3078 hominem,
1554 3021 1650 3082 quem
1681 3006 1893 3083 possidebat,
1922 3024 1984 3070 esse

335 3107 422 3176 cula,
450 3103 655 3175 tibiucam,
689 3105 949 3178 moyssonem,
983 3106 1017 3168 ct
1045 3109 1132 3170 Ettoe
1185 3099 1322 3161 mutum·
1339 3089 1791 3180 Esfesslffltlutlddamssefflls
1803 3105 1985 3168 daeffltlssiO·

336 3215 446 3262 unum
459 3197 590 3280 (Matth.
607 3216 690 3270 xvu,
706 3197 752 3278 t).
1184 3212 1259 3258 rum
1285 3199 1372 3275 quod
1395 3197 1495 3261 habet
1515 3199 1603 3262 istud
1624 3201 1660 3263 in
1681 3202 1862 3279 potestate,
1878 3207 1917 3266 ut
1934 3205 1985 3266 ho·

375 3295 454 3357 Tria
468 3297 682 3360 tabernacula
697 3295 888 3374 significant
901 3298 969 3362 tros
987 3298 1131 3365 distinc.
1185 3293 1293 3356 mines
1306 3312 1389 3374 quos
1403 3297 1575 3370 invaserit,
1585 3298 1687 3361 saciat
1699 3315 1775 3362 esse
1787 3303 1917 3364 mutos.
1934 3302 1984 3364 Sed

335 3393 443 3457 tiones
475 3393 696 3458 habitantium
731 3395 767 3456 in
801 3395 896 3459 eoelo.
932 3399 1046 3464 Prima
1079 3402 1131 3463 est
1185 3409 1225 3456 ea
1236 3409 1310 3472 (1¹1ae
1321 3395 1401 3456 tunc
1416 3393 1550 3457 suerunt
1568 3395 1695 3466 factast
1710 3398 1858 3462 Domine
1873 3417 1983 3478 corpe

335 3505 451 3556 eorum
466 3492 523 3570 qui
545 3493 621 3555 sunt
646 3493 790 3570 proximi
809 3495 994 3566 Divinitati,
1017 3498 1050 3560 et
1071 3497 1130 3560 illa
1185 3492 1311 3565 naliter,
1328 3491 1428 3554 hodie
1444 3493 1576 3556 suntin
1591 3494 1739 3556 Ecclesia
1752 3496 1981 3574 spiritualiter.

335 3589 388 3652 est
407 3589 570 3668 superior.
595 3591 746 3652 Secunda
764 3591 815 3654 est
838 3607 953 3654 eorum
975 3595 1032 3671 qui
1054 3597 1132 3658 sunt
1185 3589 1325 3652 Etsicut
1336 3590 1415 3652 tunc
1425 3591 1689 3668 ejecitbominus
1701 3592 1912 3658 daemonium
1925 3613 1981 3658 mu·

334 3687 447 3749 medii.
463 3687 575 3750 Tertia
598 3689 649 3751 est
672 3704 787 3750 eorum
809 3688 958 3766 quisunt
976 3691 1084 3756 ultimi
1099 3695 1132 3754 et
1185 3687 1255 3749 tum
1269 3687 1311 3750 ab
1325 3688 1470 3762 homine,
1480 3689 1527 3751 ita
1539 3706 1628 3752 nuuc
1642 3690 1742 3768 ejecit
1753 3692 1864 3756 multa
1876 3710 1898 3755 a
1908 3711 1981 3772 quo-

335 3783 519 3847 ncvissimi.
545 3787 582 3846 ln
602 3785 964 3864 primasuntperiecti,
981 3788 1131 3866 quisunt
1185 3784 1266 3848 libet
1286 3786 1470 3863 peccatore.
1501 3787 1707 3850 Daemonium
1729 3791 1865 3853 mutum
1880 3795 1932 3855 est
1955 3793 1981 3853 iu

335 3882 467 3959 figurati
488 3898 548 3960 per
568 3884 743 3944 Dominum
764 3886 783 3947 J
786 3900 878 3945 esum
899 3885 1075 3948 Christum.
1093 3891 1130 3950 In
1184 3882 1330 3956 bomine,
1346 3885 1478 3962 quaudo
1493 3883 1572 3947 tacit
1586 3887 1770 3964 peccatum,
1785 3889 1821 3950 et
1835 3905 1907 3950 nou
1922 3891 1982 3950 rull
2000 3925 2001 3932 .

333 3980 479 4041 secunda
493 3979 678 4056 imperfecti
690 3981 747 4059 qui
761 3981 950 4058 ligurantur
964 3986 1132 4063 perMoy-
1185 3981 1348 4059 poenitere
1369 3981 1411 4043 de
1433 3983 1493 4043 illo
1514 3984 1665 4061 peccato,
1682 3984 1761 4062 quia
1781 3986 1916 4049 daemon
1937 3988 2001 4066 qui¹

334 4091 405 4136 sen.
426 4077 464 4136 ln
483 4075 584 4137 tertia
606 4077 724 4138 novitii
747 4078 803 4156 qui
828 4079 1058 4154 significantur
1072 4099 1131 4160 per
1183 4079 1355 4142 invaserat
1365 4096 1451 4153 eum,
1465 4081 1556 4142 tenet
1564 4081 1752 4158 religatum.
1762 4083 1861 4147 Unde
1874 4085 1982 4148 beatus

333 4169 476 4233 Heliam.
488 4171 630 4235 Perlseh
641 4173 873 4248 significantur
882 4192 941 4253 per
948 4177 1127 4254 Christum,
1185 4177 1365 4254 Gregorius
1381 4194 1420 4239 :c
1435 4180 1560 4242 Reatus
1573 4180 1679 4258 culpae
1694 4180 1777 4257 liget
1790 4185 1937 4246 mentem
1948 4200 1981 4246 ne

334 4268 464 4346 quiite
499 4267 635 4347 reliquit
660 4271 772 4332 omnia
798 4288 873 4334 oum
899 4274 943 4336 sit
970 4277 1129 4340 Dominus
1184 4289 1322 4350 surgere
1343 4275 1449 4353 possit
1471 4277 1512 4338 ad
1534 4278 1809 4341 rectitudinem.»
1833 4283 1874 4344 Et
1895 4283 1981 4344 Salo-

333 4365 493 4440 0mnium,
515 4367 552 4427 ut
573 4383 641 4428 non
661 4366 800 4430 haberet
822 4369 879 4431 ubi
903 4373 1003 4450 caput
1024 4375 1129 4438 reoli·
1184 4386 1262 4432 mon
1278 4392 1286 4431 ε
1302 4375 1510 4447 iniquitates
1528 4389 1603 4437 succ
1623 4379 1765 4452 capiunt
1780 4381 1939 4454 impium,
1955 4381 1980 4442 rt

334 4465 439 4536 naret,
469 4462 556 4525 sicut
578 4463 701 4542 legitur
721 4465 756 4528 in
777 4468 983 4544 Evangelio:
1010 4473 1129 4548 Vulpes
1182 4470 1322 4543 mnibus
1334 4472 1556 4546 pcccatorum
1577 4488 1723 4536 suorum
1738 4489 1871 4550 quoquc
1890 4493 1982 4540 coras·

330 4563 449 4638 foveas
476 4562 609 4634 sancet,
652 4564 687 4625 ct
720 4568 876 4627 volume
911 4569 987 4628 coelt
1018 4571 1126 4643 nidos,
1184 4565 1354 4643 trtnpttur
1384 4564 1498 4648 (Pr0v·
1525 4585 1557 4642 v,
1586 4569 1653 4649 22)·
1685 4571 1883 4650 Iniquitate*
1912 4577 1981 4638 suni

330 4660 423 4734 littus
437 4660 556 4722 autem
575 4663 725 4723 bominis
742 4675 812 4723 reon
829 4665 928 4726 babet
948 4667 1006 4726 ubi
1027 4669 1130 4741 caput
1184 4662 1769 4742 criminaetpeccata,delectationes
1781 4671 1980 4735 etdesideria

330 4760 473 4822 rectinet
497 4756 627 4838 (Matth.
643 4757 796 4840 v111,20).
814 4761 1002 4838 Imperfecti
1016 4763 1127 4842 signi·
1182 4761 1282 4822 mala.
1298 4762 1364 4824 Ista
1375 4763 1489 4827 tenent
1503 4767 1711 4842 peccatorem
1728 4769 1874 4845 captum,
1886 4772 1975 4843 idest,

329 4853 473 4916 ficantur
502 4870 561 4932 per
583 4857 732 4933 Moysen,
765 4857 843 4934 quia
873 4859 1026 4936 quamuis
1056 4861 1129 4940 ipse
1183 4856 1336 4936 ligatum3
1353 4860 1484 4924 etsicut
1498 4863 1752 4942 corpusligatur
1766 4882 1827 4944 per
1840 4867 1977 4933 luneset

329 4948 495 5027 perfectus
515 4949 665 5013 fueritin
690 4954 999 5030 generatione·sna,
1016 4956 1128 5019 tamen
1182 4956 1250 5018 alia
1262 4957 1453 5035 ligamenta,
1472 4959 1517 5022 ita
1532 4961 1644 5023 anima
1655 4962 1780 5040 ligatur
1788 4981 1851 5042 per
1859 4966 1979 5046 iniqui-

329 5063 452 5111 uxores
478 5047 511 5111 et
537 5047 624 5110 tilios
648 5049 776 5113 habuit.
807 5053 1011 5116 sicutenim
1048 5056 1130 5121 dicit
1182 5053 1278 5128 tates,
1302 5057 1336 5118 et
1360 5055 1512 5131 erimina,
1538 5075 1580 5120 ne
1602 5061 1708 5138 possit
1722 5076 1799 5124 esse
1817 5062 1935 5138 libera,
1951 5067 1979 5128 et

328 5148 551 5223 Hieronymus
580 5167 588 5208 ε
624 5150 807 5224 Perfectus
842 5165 967 5214 servus
1000 5157 1128 5218 ceraste·
1181 5151 1370 5215 voluntaria
1382 5154 1418 5216 in
1436 5155 1590 5234 operibus
1604 5157 1712 5221 bonis
1729 5161 1775 5221 De
1791 5159 1845 5222 his
1866 5163 1978 5226 rincu-

328 5248 413 5308 nibil
438 5245 538 5308 babet
569 5247 703 5321 practer
728 5247 914 5310 demtum.
940 5249 1030 5312 Elias
1063 5252 1125 5314 de·
1181 5249 1223 5310 lis
1234 5249 1281 5312 ait
1293 5251 1529 5316 lsaiaszsoloe
1539 5258 1676 5320 clocula
1686 5262 1761 5320 colli
1770 5259 1834 5332 tui,
1846 5265 1975 5336 captiae

328 5340 440 5418 signat
477 5342 631 5416 novitios,
666 5343 724 5423 qui
762 5345 999 5422 interpretatur
1033 5353 1127 5412 Deus
1180 5348 1252 5420 titia
1272 5351 1366 5422 Stoa,
1392 5351 1431 5412 ut
1447 5355 1563 5427 possis
1585 5355 1744 5428 condicat
1765 5353 1824 5436 (Is.
1851 5373 1911 5434 uu,
1935 5360 1971 5439 2).

327 5455 425 5502 sescus
457 5443 635 5511 contras,
669 5441 754 5522 quod
789 5443 873 5506 bene
897 5446 1051 5509 convenit
1071 5446 1123 5520 iis,
1182 5445 1261 5508 Sion
1298 5445 1537 5526 interpretatur
1566 5454 1712 5531 specula,
1746 5455 1779 5517 et
1814 5456 1971 5535 significet
